4018 6320
60 374 113 432 cir

61 533 96 592 de
116 529 203 592 Bello
222 530 351 598 Mauso,
375 529 526 590 villanus
545 529 641 590 miles
660 530 731 594 et...
754 544 842 595 uxor

61 632 134 706 ejus,
148 628 349 690 monasterio
362 628 473 688 vestro
489 627 543 704 pia
563 626 762 690 liberalitate
778 627 842 688 do·

60 729 225 796 naverunt,
251 740 380 788 necnon
404 725 548 790 decimas
570 725 611 786 de
632 724 842 792 Mensandis-

59 823 180 884 cutum
195 823 229 884 et
243 822 284 882 de
295 822 519 886 Berlaimonte
534 837 608 884 cum
619 821 839 892 libertatibus,

60 919 312 982 immunitatibus
336 935 376 982 ac
391 919 472 980 aliis
492 918 591 982 bonis
606 920 737 990 vestris,
756 919 842 980 sicut

58 1033 94 1078 ea
108 1016 216 1076 omnia
228 1019 328 1093 juste,
346 1016 506 1078 canonico
520 1032 560 1078 ac
575 1016 712 1092 paoiiice
725 1015 840 1092 :possi-

59 1113 145 1183 detis,
160 1113 245 1174 etin
257 1113 461 1176 authenticis
477 1113 634 1180 comestis
648 1113 770 1174 exinde
785 1112 840 1172 di-

59 1210 137 1272 citnr
149 1209 324 1279 contineri,
341 1209 433 1270 vobis
446 1211 481 1272 et
496 1224 554 1285 per
573 1225 631 1272 vos
643 1209 752 1270 eidem
768 1223 842 1272 mo-

58 1306 841 1382 nasterioauctoritatelipostolioaconfirmamus

59 1406 87 1464 et
106 1404 277 1480 presentis
306 1403 419 1480 scripti
444 1403 630 1480 patrocinio
652 1404 840 1468 communi·

59 1512 135 1571 mus,
152 1501 245 1562 salvo
261 1515 362 1578 super
373 1501 510 1563 decimis
522 1501 745 1562 moderamine
756 1503 843 1562 Gon-

59 1597 122 1658 cilii
132 1587 312 1672 generalis.
326 1598 419 1674 Nulli
432 1613 510 1673 ergo
522 1598 655 1658 omnino
671 1597 841 1658 hominum

57 1693 148 1755 liceat
163 1693 251 1758 banc
269 1695 424 1770 paginam
444 1696 565 1756 nostrae
582 1695 795 1770 protectionis
810 1696 844 1756 et

57 1790 314 1852 confirmationis
336 1791 529 1868 infringere,
552 1791 605 1854 vel
628 1792 661 1852 ei
683 1807 767 1852 ausu
791 1793 842 1852 te-

57 1889 193 1948 monario
205 1889 384 1950 contraire.
398 1889 432 1952 Si
442 1889 518 1965 quis
533 1891 641 1950 autem
653 1888 716 1950 boc
731 1890 841 1952 atten-

55 1989 120 2046 tare
135 1986 396 2070 praesumpserit,
414 1986 675 2061 indignationem
691 1986 842 2063 omnipo-

56 2083 148 2142 tentis
163 2083 224 2143 Dei
239 2083 272 2144 et
285 2082 456 2147 beatorum
472 2083 563 2144 Petri
574 2085 610 2146 et
626 2084 723 2144 Pauli
739 2100 841 2160 apos-

56 2179 191 2240 tolorum
206 2183 280 2257 ejus
292 2195 328 2242 se
344 2182 474 2242 neverit
486 2181 709 2242 incursurum.
724 2182 842 2243 Datum

55 2277 219 2349 Laterani,
248 2279 307 2339 Vll
333 2277 494 2341 kalendas
514 2277 603 2356 julii,
631 2278 842 2356 pontificatus

56 2375 153 2436 nostri
168 2390 260 2438 anno
275 2375 403 2438 couno.

351 2677 539 2765 ccxlvi

56 2821 101 2878 Ad
126 2819 364 2896 patriarchas,
391 2824 681 2896 arculeptscopos,
712 2823 843 2896 episco-

87 2931 158 2990 pos,
186 2917 266 2988 eie,
291 2917 335 2977 ud
356 2932 440 2992 quos
469 2919 597 2979 litterae
623 2921 699 2980 tstoe
716 2933 844 2994 paroe-

91 3013 222 3074 sierint.

340 3089 555 3163 iijuniillil.
608 3110 611 3116 ·

102 3211 242 3275 [Strehlkm
258 3213 321 3263 Tab.
334 3213 389 3262 ord.
408 3214 567 3272 Thontonici,
578 3230 605 3279 p.
618 3215 673 3274 330,
685 3231 709 3266 n.
723 3215 790 3282 393]

55 3337 132 3392 Vetat
157 3335 195 3394 ab
219 3335 326 3394 ordinis
349 3335 515 3395 Thentonici
540 3339 689 3396 novalibus
712 3341 757 3398 vel
781 3341 844 3398 aliis

85 3425 166 3482 terris
192 3430 257 3497 post
286 3425 442 3483 Concilium
469 3427 624 3498 acquisitis,
643 3419 721 3499 'quas
745 3428 845 3486 iratres

84 3513 208 3586 propriis
225 3520 274 3570 aut
291 3513 421 3572 manibus
438 3521 485 3572 aut
499 3515 658 3587 sumptibus
673 3518 776 3586 colant,
793 3517 842 3576 de·

85 3602 174 3658 cimas
189 3601 279 3674 exigi.

89 3727 260 3788 Honorius
269 3727 454 3805 episcopus
465 3742 581 3790 servus
590 3745 760 3792 servorum
772 3733 842 3804 Dei,

53 3823 298 3888 venerabilibus
316 3825 473 3887 iratribus
491 3828 703 3904 patriarchis,
719 3829 846 3890 archie-

54 3923 196 3999 piscopis
217 3925 250 3984 et
268 3923 482 3999 episcopiset
500 3925 629 3986 dilectis
648 3925 727 3986 filiis
743 3925 846 3988 abba-

54 4015 352 4095 tibus‚·prioribus,
373 4021 631 4094 archidiaconis,
647 4022 792 4083 *decanis
813 4025 845 4085 et

56 4115 126 4175 aliis
141 4115 364 4179 ecclesiarum
377 4118 536 4194 prelatis,
560 4118 602 4178 ad
615 4135 704 4196 ¹utrm
725 4120 844 4182 litterae

54 4211 122 4274 istae
148 4213 376 4289 pervenerint,
402 4215 542 4278 salutem
566 4219 599 4278 et
620 4218 844 4294 Apostolicam

53 4307 328 4370 benedictionem.

90 4406 174 4478 Quia
197 4407 391 4486 plerumque
414 4409 565 4472 veritatis
588 4410 765 4486 integritas
787 4427 847 4490 per

54 4503 215 4564 minorem
228 4503 482 4580 intelligentiam
497 4508 555 4568 aut
568 4508 847 4573 malitiambomi-

54 4613 129 4658 num
145 4597 360 4676 depravatur,
377 4617 444 4663 non
463 4602 594 4668 videtur
613 4605 844 4680 incongruum,

55 4694 80 4754 si
95 4711 146 4768 ea,
164 4711 240 4772 quae
255 4711 322 4758 non
338 4698 512 4760 manifesta
526 4701 613 4762 dicta
626 4701 790 4774 videntur,
805 4702 846 4763 ad

54 4805 183 4854 omnem
194 4792 419 4870 ambiguitatis
429 4799 621 4874 scrupulum
629 4801 847 4863 amovendum

54 4889 240 4950 evidentius
258 4893 470 4968 exponantur
488 4894 521 4955 et
543 4895 770 4958 turbatoribus
789 4913 848 4960 ve·-

54 4984 161 5048 ritatis
182 4986 291 5050 omnis
310 4987 482 5050 auferatur
502 4992 773 5054 contradictionis
791 4991 849 5056 ‘oo-

55 5083 154 5154 casio,
177 5086 341 5160 quatenus
356 5101 412 5160 ea,
433 5101 506 5164 quae
531 5087 727 5161 dictasunt,
753 5091 847 5152 nulla

54 5179 188 5241 valeant
210 5180 461 5244 obumbratione
489 5183 625 5246 fuscari.
651 5187 848 5263 Accepimus

55 5277 175 5346 autem,
194 5276 292 5352 quod,
309 5292 382 5337 cum
396 5278 526 5340 dilectis
542 5280 620 5340 filiis
637 5283 797 5357 magistro
815 5285 849 5346 et

55 5369 212 5433 iratribus
228 5371 345 5434 domus
360 5375 540 5452 Hospitalis
557 5379 589 5437 S.
607 5379 723 5439 Mariae
737 5379 849 5441 Theu-

55 5467 240 5529 tonicorum
253 5470 547 5548 Hierosolymitani
560 5474 754 5536 duxerimus
767 5493 848 5537 eon-

56 5565 249 5637 cedendum,
273 5567 309 5628 ut
329 5567 368 5627 de
392 5567 571 5642 laboribus,
598 5587 680 5646 quos
702 5573 847 5650 propriis

56 5661 209 5722 manibus
233 5663 286 5724 vel
312 5665 496 5740 sumptibus
527 5668 694 5740 excolunt,
721 5669 847 5731 nemini

643 369 872 436 EPISTOLAE.
897 370 974 430 ΜΒ.
999 371 1083 432 vill.

1619 359 1686 442 ‘ota

895 528 1040 590 decimas
1056 527 1189 590 solvere
1211 527 1398 600 teneantur,
1419 527 1552 606 quidam
1574 526 1616 588 ab
1637 525 1686 588 eis

895 625 1113 689 nihilominus
1148 624 1222 701 post
1259 625 1514 686 celebrationem
1547 623 1688 684 Concilii

896 723 1141 794 lateranensis,
1165 722 1280 784 contre
1320 722 1557 796 indulgentiam
1592 720 1687 782 Sedis

895 819 1104 895 Apostolicae,
1126 818 1271 879 decimas
1291 819 1425 894 exigere
1440 821 1472 879 et
1487 821 1686 894 extorquere

896 917 1100 992 praesumunt
1115 931 1154 977 ac
1168 931 1270 992 prava
1285 918 1318 977 et
1333 917 1471 977 sinistra
1484 916 1687 991 interpreta-

895 1013 985 1074 tione
1010 1013 1192 1090 Apostolici
1217 1013 1385 1090 privilegii
1407 1013 1587 1090 capitulum
1610 1027 1689 1088 per-

896 1111 1061 1172 vertentes
1076 1111 1230 1172 asserunt
1244 1110 1284 1170 de
1304 1109 1478 1170 novalibus
1498 1109 1617 1174 debere
1633 1107 1688 1168 in-

896 1207 1012 1282 telligi,
1052 1207 1108 1267 ubi
1144 1207 1295 1268 noscitur
1327 1207 1366 1267 de
1408 1205 1577 1266 laboribus
1613 1220 1688 1266 esse
1740 1203 1742 1208 ’

897 1304 1066 1380 scriptum.
1093 1303 1254 1375 Quoniam
1276 1303 1379 1378 igitur
1400 1302 1609 1363 manifestum
1639 1301 1690 1362 est

897 1401 1059 1473 omnibus,
1094 1402 1152 1477 qui
1179 1403 1270 1462 recte
1303 1400 1446 1476 sapiunt,
1483 1400 1687 1475 interpreta-

896 1499 1020 1560 tionem
1035 1497 1224 1575 buJ'usmodi
1239 1511 1429 1573 perversam
1449 1511 1524 1558 esse
1542 1497 1576 1558 et
1591 1495 1690 1558 intel-

896 1595 997 1656 lectui
1010 1610 1091 1656 sano
1107 1596 1318 1668 contrariam,
1341 1609 1415 1654 cum
1435 1592 1616 1654 secundum
1632 1608 1690 1652 ca-

897 1693 1036 1769 pitulum
1051 1691 1131 1752 illud
1143 1707 1162 1752 a
1174 1691 1338 1752 solutione
1351 1690 1554 1752 decimarum
1565 1691 1634 1750 tam
1649 1689 1690 1750 de
1722 1685 1724 1690 ’

896 1790 995 1852 torris
1018 1788 1097 1860 illis,
1121 1803 1203 1866 quas
1226 1787 1436 1848 deduxerunt
1455 1787 1508 1849 vel
1525 1787 1691 1849 deducunt

897 1888 939 1950 ad
965 1886 1100 1958 cultum,
1127 1901 1225 1962 ‹puam
1254 1885 1294 1946 de
1322 1885 1422 1946 terris
1452 1885 1551 1946 etiam
1580 1884 1688 1956 cultis,

898 2001 980 2063 quas
996 1983 1142 2064 propriis
1157 1983 1310 2044 manibus
1324 1984 1379 2044 vel
1393 1983 1577 2058 sumptibus
1595 1998 1691 2043 exco-

898 2083 979 2154 lunt,
990 2082 1089 2144 liberi
1100 2082 1167 2144 sint
1174 2081 1308 2160 penitus
1320 2084 1352 2142 et
1362 2081 1536 2152 immunes
1550 2096 1591 2140 ne
1602 2081 1691 2140 ullus

898 2183 1014 2244 contra
1027 2195 1084 2240 eos
1099 2179 1273 2240 materiam
1286 2178 1408 2239 babeat
1422 2177 1626 2254 malignandi
1639 2176 1692 2237 vel

898 2276 1143 2354 quomodolibet
1164 2277 1253 2352 ipsos
1286 2276 1402 2336 contra
1426 2264 1592 2350 Justitiam
1617 2291 1692 2335 mo-

898 2374 1052 2444 lemanni,
1066 2373 1162 2436 vobis
1175 2388 1235 2450 per
1250 2372 1440 2450 Apostolica
1454 2371 1579 2448 scripta
1590 2387 1693 2446 man-

899 2471 1015 2534 damus
1042 2472 1075 2532 ot
1100 2471 1251 2532 districte
1275 2469 1503 2560 precipimus,
1529 2469 1694 2546 quatenus

899 2568 1051 2652 ommibus
1085 2567 1299 2644 parochianis
1341 2567 1461 2629 vestris
1496 2567 1694 2628 auctoritato

898 2665 1086 2742 apostolica
1108 2664 1284 2742 probibere
1304 2664 1438 2734 curetis,
1463 2679 1542 2724 nea
1563 2679 1694 2724 memo·
1798 2669 1799 2672 ’

897 2762 979 2822 ratis
996 2760 1153 2822 iratribus
1168 2760 1209 2821 de
1222 2759 1397 2820 novalibus
1412 2759 1466 2820 vel
1485 2759 1562 2820 aliis
1582 2759 1692 2832 terris,

898 2874 980 2936 quas
993 2858 1138 2934 propriis
1153 2857 1308 2918 manibus
1323 2856 1376 2916 vel
1393 2855 1578 2931 sumptibus
1593 2872 1695 2917 exco-

899 2956 980 3027 lunt,
998 2971 1056 3016 seu
1067 2954 1107 3016 de
1122 2953 1333 3015 nutrimentis
1346 2953 1541 3014 animalium
1557 2969 1694 3014 suorum

899 3053 1064 3114 ullatenus
1083 3051 1234 3113 ,decimas
1259 3051 1394 3126 exigere
1415 3050 1469 3112 vel
1495 3054 1695 3130 extorquere

899 3151 1112 3227 praesumant.
1140 3150 1225 3210 Nam
1247 3148 1277 3208 si
1301 3147 1341 3210 de
1367 3147 1541 3209 novalibus
1561 3150 1691 3210 tantum

899 3247 1060 3309 vellemus
1088 3245 1243 3322 intelligi,
1270 3244 1327 3305 ubi
1354 3246 1507 3320 ponimus
1533 3246 1574 3307 de
1596 3244 1694 3306 labo-

899 3344 1004 3418 ribus,
1021 3344 1062 3404 de
1083 3341 1258 3405 novalibus
1279 3357 1486 3419 poneremus.
1512 3342 1595 3414 Quia
1615 3358 1696 3403 vero

900 3457 965 3503 non
979 3441 1030 3502 est
1044 3441 1245 3502 conveniens
1261 3440 1312 3500 vel
1328 3440 1515 3510 honestum,
1532 3440 1695 3502 utcontra

900 3537 1022 3598 statuta
1038 3536 1133 3596 Sedis
1150 3535 1348 3610 apostolicae
1363 3535 1528 3606 veniatur,
1546 3551 1619 3610 quae
1634 3535 1695 3594 ob-

900 3635 1007 3696 tinere
1020 3632 1141 3694 debent
1158 3632 1361 3693 immobilem
1377 3632 1579 3703 firmitatem,
1601 3647 1697 3692 man-

901 3731 1016 3794 damus
1029 3730 1122 3790 vobis
1138 3730 1343 3806 firmiterque
1363 3729 1586 3806 praecipimus,
1603 3732 1649 3800 ut,
1666 3728 1696 3790 si

901 3830 957 3904 qui
972 3827 1137 3900 canonici,
1154 3827 1279 3897 clerici,
1296 3826 1348 3886 vel
1365 3827 1443 3886 laici
1458 3830 1574 3890 contra
1591 3827 1697 3902 privi-

900 3926 988 4001 legia
1013 3925 1107 3986 Sedis
1132 3923 1331 4002 Apostolicae
1367 3924 1543 4000 praedictos
1575 3924 1695 3987 iratres

900 4022 1104 4084 decimarum
1130 4022 1304 4082 exactione
1332 4022 1557 4096 gravaverint,
1589 4039 1694 4084 cano-

901 4120 1005 4192 nicae,
1029 4120 1168 4181 clericos
1191 4119 1262 4179 sive
1285 4119 1477 4188 monachos,
1503 4121 1695 4182 contradic-

899 4218 991 4280 tione
1006 4217 1039 4278 et
1051 4216 1275 4293 appellatione
1289 4219 1453 4288 cessante,
1470 4219 1556 4279 sicut
1569 4221 1695 4295 Justum

902 4315 1011 4384 luerit,
1030 4314 1210 4376 monitione
1223 4314 1413 4390 praemissa,
1432 4313 1473 4376 ab
1487 4315 1595 4376 cilicio
1616 4333 1695 4376 sus-

901 4411 1064 4489 pendatis,
1094 4411 1198 4472 laicos
1231 4411 1586 4472 excommunicationis
1618 4428 1696 4473 sen-

901 4509 1006 4575 tentia
1033 4508 1235 4586 percellatis
1268 4508 1300 4569 et
1324 4509 1391 4569 tam
1414 4511 1695 4570 ¹excommunica·

901 4604 1697 4683 tioniequamsuspensionissententiamiacietis

904 4705 1063 4783 usquead
1084 4703 1218 4779 dignam
1236 4701 1496 4766 satisfactionem
1514 4705 1696 4780 inviolabi-

902 4801 979 4864 liter
996 4801 1178 4872 observari,
1196 4801 1290 4860 salva
1310 4800 1535 4862 moderatione
1557 4803 1697 4864 Consilii

903 4897 1079 4976 generalis.
1093 4899 1142 4961 Ad
1155 4898 1226 4958 haeo
1238 4897 1332 4958 vobis
1346 4899 1561 4974 praesentium
1574 4904 1694 4962 aucto-

903 4997 1001 5058 ritate
1025 4997 1220 5060 mandamus
1244 4997 1343 5072 atque
1365 4996 1590 5072 praecipimus,
1612 5014 1696 5078 qua-

902 5095 1010 5164 tenus,
1036 5093 1155 5170 siguis
1177 5093 1212 5153 in
1235 5092 1410 5170 praedictos
1435 5094 1555 5155 iratres
1577 5110 1696 5158 manus

902 5189 1066 5251 violentas
1089 5188 1253 5264 injecerit,
1278 5205 1353 5251 eum
1377 5191 1527 5251 accensis
1549 5190 1696 5253 candelis

902 5286 1028 5348 tamdiu
1037 5286 1124 5347 sicut
1135 5286 1457 5348 excommunicatum
1471 5287 1600 5363 publice
1611 5305 1698 5350 nun·

904 5383 999 5444 oletis
1013 5384 1045 5444 ¹et
1059 5383 1187 5444 faciatis
1199 5383 1240 5444 ab
1256 5383 1408 5444 omnibus
1421 5384 1551 5446 cautius
1564 5387 1694 5460 evitari,

904 5479 1007 5540 donec
1038 5496 1183 5556 congrue
1214 5481 1400 5542 satisfaciat
1428 5481 1596 5558 praedictis
1627 5483 1696 5547 ira-

902 5576 1007 5637 tribus
1035 5577 1167 5638 etcum
1194 5576 1314 5639 litteris
1341 5578 1523 5640 dioecesani
1549 5583 1696 5660 episcopi

902 5673 953 5732 rei
976 5675 1150 5735 veritatem
1175 5676 1421 5737 continentibus
1445 5679 1632 5754 Apostolico
1659 5698 1695 5742 se
