4080 6328
311 371 372 430 w
931 349 1341 430 mmmmmm
1891 367 2009 448 ml

2008 457 2009 500 l

311 527 1107 606 dilectofilionobilivirontzoni)nucouitanoet
1159 529 1243 589 tium
1269 527 1363 590 vobis
1391 527 1602 590 concedimus
1631 525 1806 603 postulata.
1835 527 1940 586 Datum

312 627 442 688 Estensi
458 625 654 700 marchioni,
672 625 812 687 salutem
831 627 863 688 et
882 626 1105 703 Apostolicam
1160 625 1292 696 Tibure,
1316 627 1343 686 V
1365 640 1470 686 nonas
1497 625 1587 695 maii,
1612 622 1823 700 pontificatus
1848 622 1941 684 nostri

311 724 587 786 benedictionem.
1162 737 1364 783 anuonouo.
1903 735 1907 744 ’
2008 783 2009 812 ¹

350 821 497 896 Benigne
521 821 717 898 recepimus
744 822 776 882 et
805 821 983 896 diligenter
1007 820 1106 881 intel·
2008 843 2009 884 r

311 919 454 978 teximus
475 919 614 989 litteras,
639 933 721 994 quas
742 933 843 994 super
859 919 993 994 negotio
1014 919 1106 978 Mar·
2008 889 2009 928 ¹

311 1015 395 1077 chiae
410 1015 626 1077 anconitanae
645 1016 702 1076 tna
717 1015 838 1076 nobilis
858 1015 1013 1077 discretio
1029 1015 1106 1075 des·
1479 963 1633 1050 CXLIX

310 1113 440 1174 tinavit.
458 1113 599 1174 Noveris
614 1113 728 1188 igitur,
751 1113 836 1189 quod
859 1129 1028 1190 nunquam
1044 1111 1106 1173 luit
1161 1117 1212 1176 Ad
1232 1117 1414 1176 collonicus
1432 1115 1466 1176 S.
1488 1117 1615 1175 Moriar
1634 1115 1936 1190 Middalburpensis.

310 1209 415 1271 nostri
441 1210 611 1286 propositi,
640 1211 670 1271 te
690 1210 839 1270 Marcbia
861 1211 934 1287 ipsa
959 1209 1102 1286 privare,
1460 1245 1560 1304 imaii
1575 1245 1652 1302 ¹225.

310 1323 384 1367 cum
401 1324 462 1368 uec
481 1307 672 1382 ignoremus
694 1307 786 1368 illam
805 1306 867 1369 tibi
882 1322 955 1368 esse
974 1307 1009 1366 in
1031 1306 1105 1368 feu·
1149 1311 1152 1326 ·

310 1405 387 1465 dum
402 1403 443 1465 ab
457 1405 646 1481 Apostolica
665 1405 749 1466 Sede
764 1420 966 1476 concessam,
986 1421 1047 1464 nec
1062 1405 1104 1465 ad
1218 1459 1223 1469 .

308 1505 410 1574 tuam,
428 1503 480 1562 vel
499 1503 669 1580 cujusdam
688 1500 824 1562 alterius
840 1501 997 1578 injuriam
1012 1502 1105 1578 aspi-
1159 1491 1272 1550 inhibet
1298 1507 1334 1548 ¹¹⁰
1360 1493 1424 1564 <luis
1449 1493 1491 1549 ⁰5⁸
1515 1507 1567 1565 llt⁰
1592 1491 1793 1550 benedicum
1819 1491 1938 1549 abbatum

309 1616 431 1660 remus,
448 1601 570 1660 perum
587 1599 664 1676 quia
677 1599 788 1660 misius
804 1600 844 1660 (10
857 1601 978 1675 Campo
991 1599 1103 1659 Sancti
1193 1595 1310 1638 suorum
1323 1581 1437 1653 aliquod
1449 1587 1548 1638 contra
1563 1575 1666 1638 statuti
1676 1579 1795 1639 concilii
1809 1581 1938 1653 pereatis

310 1697 411 1768 Petri,
438 1713 534 1773 quem
561 1696 612 1756 illi
645 1695 855 1772 praefeceras
891 1696 1103 1756 marchianos
1193 1678 1361 1743 ⁰¹²⁰“luefe
1380 1677 1544 1742 P'aefflmffl·
2008 1747 2009 1786 ,

309 1794 539 1856 exactionibus
577 1794 775 1870 importunis
810 1794 856 1854 ita
892 1793 1100 1869 gravaverat,
1139 1795 1144 1804 '
1199 1797 1377 1870 Honorius,
1394 1799 1455 1860 etc.
2008 1789 2009 1868 l

309 1893 396 1968 quod
421 1893 456 1952 iu
481 1892 592 1953 odium
612 1895 684 1968 ejus
707 1907 743 1952 se
764 1890 858 1952 nobis
883 1893 915 1952 et
939 1890 999 1952 tibi
1023 1889 1103 1950 suh·
1198 1897 1278 1955 Cum
1299 1911 1319 1956 a
1338 1896 1434 1956 nobis
1456 1895 1580 1972 petitur
1597 1895 1683 1972 quod
1699 1895 1827 1973 justum
1847 1894 1894 1955 est
1911 1896 1938 1954 et

308 1990 491 2061 traxerant,
507 1991 540 2050 et
550 1989 682 2066 imperii
692 1991 773 2065 jugo
785 1987 1008 2049 submiserant
1018 1987 1104 2049 colla
1159 1992 1345 2066 honestum,
1362 1993 1429 2053 tam
1449 1993 1545 2069 vigor
1562 1993 1739 2070 aequitatis,
1757 2007 1853 2068 quam
1868 1991 1936 2052 ordo
2008 2019 2009 2090 l

309 2103 385 2161 sua;
409 2103 468 2148 nos
489 2087 695 2148 attendentes
718 2084 880 2162 puerilem
902 2086 1045 2156 aetatem,
1068 2085 1103 2164 in
1159 2090 1263 2166 exigit
1278 2091 1430 2162 rationis,
1448 2092 1483 2152 ut
1499 2090 1532 2150 id
1548 2105 1607 2166 per
1622 2088 1877 2151 sollicitudinem
1891 2087 1936 2148 oi·
2008 2091 2009 2120 ³

309 2201 375 2260 qua
390 2186 468 2245 tunc
481 2183 638 2260 temporis
654 2199 741 2254 erac,
759 2183 791 2244 et
804 2182 983 2260 pensantes
997 2197 1105 2258 quan·
1159 2187 1225 2247 ilcii
1240 2187 1345 2248 nostri
1359 2187 1399 2248 ad
1414 2187 1559 2248 debitum
1572 2187 1775 2264 perducatur
1784 2186 1935 2247 ellectum.

308 2285 378 2344 turn
398 2280 606 2357 dispendium
626 2279 754 2352 luisset,
778 2279 806 2340 si
830 2281 893 2341 hoc
913 2279 1105 2340 dissimula·
1159 2287 1204 2346 Ea
1231 2285 1366 2361 propter
1390 2285 1502 2346 dilecti
1524 2285 1560 2345 in
1580 2285 1718 2346 Domino
1741 2284 1815 2356 tilii,
1830 2283 1936 2344 vestris
2008 2259 2009 2288 ¹

308 2395 432 2451 remuS,
459 2378 518 2440 tibi
542 2379 575 2440 et
601 2378 701 2440 etiam
722 2377 919 2454 Apostolicae
943 2376 1039 2438 Sedis
1062 2393 1105 2438 ex
1154 2382 1254 2458 justis
1286 2380 1563 2458 postulationibus
1592 2384 1686 2457 grato
1715 2383 1936 2443 concurrentes

309 2469 575 2538 dissimulatione
601 2475 791 2552 hujusmodi
825 2474 978 2550 evenire;
1013 2476 1104 2535 Mar·
1158 2478 1934 2556 assensu‚auctoritatepraeseutiuminhibemus,

309 2573 419 2634 chiam
435 2573 537 2634 multo
553 2572 726 2649 dispendio
747 2577 779 2634 et
796 2573 909 2633 labore
924 2586 1104 2648 recupera·
1158 2591 1199 2637 ne
1228 2577 1301 2653 quis
1329 2575 1423 2638 vobis
1448 2591 1508 2654 pro
1535 2577 1767 2638 benedictione
1796 2575 1936 2636 abbatum

308 2671 417 2732 vimus
433 2671 633 2731 antedictam
657 2669 698 2731 ad
716 2669 873 2730 Ecclesiae
894 2672 1051 2731 Romanae
1071 2673 1103 2730 et
1158 2673 1350 2735 monasterii
1366 2673 1480 2746 vestri,
1499 2675 1626 2751 aliquid
1637 2674 1753 2734 contra
1769 2673 1935 2736 statuentes

308 2770 402 2830 tuum
417 2768 623 2829 commodum
639 2769 672 2829 et
692 2766 862 2828 honorem.
890 2769 938 2827 Tu
961 2781 1040 2842 ergo
1061 2766 1103 2826 ad
1158 2771 1296 2833 concilii
1328 2772 1494 2847 generalis
1528 2773 1727 2848 extorquere
1760 2769 1934 2847 praesumat

309 2883 369 2928 nos
384 2867 499 2928 venire
517 2882 583 2926 uon
603 2864 751 2936 differas,
773 2881 847 2925 cum
862 2863 963 2924 fuerit
982 2879 1105 2940 oppor-
1157 2872 1277 2932 Datum
1290 2869 1423 2942 Tibure,
1436 2871 1466 2930 il
1480 2867 1520 2948 (i)
1537 2869 1627 2942 maii,
1639 2868 1850 2945 pontificatus
1862 2880 1934 2926 anuo
2008 2897 2009 2900 =

307 2967 436 3035 tuuum,
465 2962 649 3024 Marchiam
676 2963 783 3038 ipsam
815 2965 983 3038 tamquam
1009 2963 1101 3022 tuum
1158 2982 1257 3029 nono.

309 3061 442 3122 lendum
458 3060 563 3122 libere
576 3063 781 3137 recepturus.
800 3061 916 3120 Datum
929 3058 1100 3119 Tibure...

308 3158 470 3219 kalendas
505 3158 596 3227 maii,
633 3157 844 3234 pontificatus
877 3155 982 3217 nostri
1014 3173 1102 3218 anuo
1520 3200 1582 3287 CL

311 3270 410 3316 nono.

1263 1368 1355 1432 [liupo
1365 1368 1460 1419 Anusl.
1474 1368 1635 1428 Praemoust.,
1649 1369 1678 1428 ll,
1693 1367 1766 1433 prob.
1779 1368 1845 1432 me]

1157 3342 1932 3404 Adcbbotcmetconceutnmelemosinaria.

608 3451 803 3538 fflwffl
1457 3472 1649 3530 mmm

309 3599 357 3657 Ab
376 3595 530 3656 abbatem
551 3594 585 3654 ct
605 3597 811 3656 conuentum
830 3597 889 3655 SS.
913 3595 1055 3655 liciniae
1069 3595 1101 3654 ei
1265 3596 1512 3660 [Mitmlruciniseues
1528 3595 1640 3655 itb.,111,
1657 3595 1714 3656 iob,
1731 3610 1757 3646 u.
1775 3595 1840 3660 step

614 3695 790 3754 Ewharii'·
1156 3721 1310 3781 Continuat
1334 3721 1473 3794 quosdam
1497 3721 1695 3794 possessiones
1713 3735 1799 3794 super
1816 3720 1934 3779 liistriun

609 3831 707 3891 lmaii
725 3831 803 3890 1225.
1478 3809 1626 3883 fflflt'ffleffl·

429 3956 673 4019 [p„„1,h„„5,01„,
684 3957 740 4014 ph„
754 3957 795 4015 111,
810 3955 866 4014 204,
880 3971 905 4008 ῃ,
922 3955 990 4020 η]
1196 3925 1363 3988 Honorius
1374 3925 1561 4004 episcopm,
1574 3943 1690 3988 servus
1698 3943 1865 3989 servorum
1873 3925 1933 3994 bei,

551 4091 557 4104 ‚
856 4095 858 4100 ,
1156 4021 1934 4087 mmmmmmmmmmmo

525 4094 574 4148 ¹³¹⁸
588 4091 727 4163 9⁰⁸²¹¹¹³¹³
743 4089 882 4148 ⁰⁰⁰⁰edst·
1157 4124 1287 4184 Sanctae
1296 4123 1411 4183 Mariae
1421 4121 1652 4184 cisterciensis
1660 4121 1799 4196 ordinis,
1809 4121 1934 4184 salutem
2008 4169 2009 4212 p

349 4219 515 4282 Honorius
526 4217 711 4293 episcopus,
722 4233 838 4278 servus
849 4232 1020 4278 servorum
1028 4218 1098 4288 Dei,
1156 4223 1189 4282 et
1202 4219 1426 4297 apostolicam
1441 4219 1716 4282 benedictionem.

309 4319 439 4382 dilectis
452 4317 530 4377 liliis
545 4315 655 4377 abbati
669 4318 702 4377 et
713 4315 890 4376 conventui
906 4316 1101 4377 Sanctorum
1196 4318 1387 4394 Eapropter,
1405 4317 1517 4379 dilecti
1532 4317 1566 4377 in
1582 4317 1720 4379 Domino
1742 4316 1814 4389 tilii,
1828 4315 1933 4379 vestris

308 4416 443 4480 Mathiae
468 4416 500 4477 et
520 4413 676 4475 Eucharii
699 4413 913 4474 Treverensis
935 4412 1099 4484 dioecesis,
1153 4415 1252 4493 justis
1265 4414 1419 4492 precibus
1432 4416 1595 4488 inclinati,
1609 4413 1836 4492 possessiones
1848 4425 1935 4488 super

283 4559 286 4566 -
308 4516 448 4577 salutem
464 4513 497 4576 et
510 4512 732 4588 Apostolicam
747 4510 1020 4573 benedictionem.
1156 4513 1315 4574 Nistriam
1331 4515 1491 4591 majorem
1502 4514 1535 4574 et
1544 4529 1598 4573 res
1611 4513 1752 4590 aliquas,
1767 4528 1846 4590 quas
1855 4509 1934 4572 vobis

347 4618 396 4675 Ex
411 4614 504 4689 parte
518 4611 629 4672 vestra
642 4609 705 4671 luit
720 4609 814 4669 nobis
834 4609 1005 4670 humiliter
1017 4625 1100 4684 sup·
1155 4609 1276 4672 nobilis
1288 4611 1342 4671 vir
1355 4611 1519 4671 Hauricus
1541 4625 1650 4672 comes
1672 4611 1713 4671 de
1736 4611 1835 4672 Saine
1854 4610 1884 4671 et
1895 4607 1933 4668 ll.

307 4711 480 4789 plicatum,
510 4712 545 4769 ut
572 4709 606 4768 in
632 4707 722 4769 beati
748 4708 884 4769 Mathiae
906 4705 1046 4782 apostoli
1069 4707 1101 4767 ct
1156 4723 1241 4769 uxor
1263 4710 1336 4785 ejus
1357 4707 1412 4784 pia
1434 4707 1633 4770 liberalitate
1656 4707 1833 4780 donarunt,
1854 4709 1886 4768 ut
1903 4705 1933 4765 iu

306 4809 449 4870 aliarum
474 4807 717 4883 praecipuarum
742 4805 958 4867 festivitatum
982 4819 1100 4864 novem
1155 4821 1269 4867 eorum
1302 4805 1423 4866 litteris
1459 4805 1581 4866 dicitur
1610 4804 1741 4882 plenius
1773 4801 1931 4871 contineri,

306 4907 484 4968 lectionum
507 4901 772 4964 solemnitatibus
785 4905 820 4963 in
834 4902 974 4964 ecclesia
989 4902 1099 4963 vestra
1155 4903 1241 4964 sicut
1255 4919 1312 4964 eas
1323 4903 1413 4979 juste
1435 4904 1467 4964 et
1489 4903 1626 4979 pacifice
1648 4903 1835 4979 possidetis,
1853 4899 1932 4963 vobis

307 5010 350 5067 Te
371 5009 482 5066 Deum
504 5006 686 5064 lautioribus
709 5019 748 5063 ac
773 5005 940 5064 Gloriam
955 5005 1100 5062 emcetsis
1155 5003 1187 5062 et
1212 5016 1351 5077 pervus
1376 5001 1577 5062 monasterio
1608 5004 1720 5062 vestro
1751 4997 1932 5063 auctoritate

303 5108 375 5165 Deo
406 5103 541 5163 cantare
568 5101 665 5178 juxta
696 5100 917 5160 sacrosanctae
939 5101 1098 5160 Romauae
1153 5099 1344 5175 Apostolica
1355 5097 1588 5159 confirmamus
1599 5100 1632 5160 et
1643 5100 1820 5176 praesentis
1833 5093 1931 5171 scripti

304 5200 460 5262 Ecclesiae
492 5197 765 5260 consuetudinem
794 5196 834 5256 de
865 5198 977 5258 nostra
1005 5196 1099 5258 vobis
1154 5197 1339 5272 patrocinio
1376 5196 1628 5257 communimus.
1668 5197 1786 5258 Datum
1813 5193 1928 5259 Tibure,

305 5297 523 5375 permissione
539 5295 663 5356 liceret.
682 5296 750 5355 Nos
765 5295 868 5370 igitur
880 5295 999 5356 vestris
1015 5310 1097 5370 sup·
1154 5295 1198 5354 Ill
1225 5307 1330 5356 nonas
1360 5291 1450 5364 maii,
1478 5293 1689 5370 pontificatus
1725 5293 1830 5355 nostri
1856 5302 1929 5352 anuo

305 5393 538 5473 plicationibus
554 5392 717 5465 inclinati,
735 5393 931 5455 auctoritate
952 5408 1100 5470 praesen·
1154 5407 1252 5453 nono.
