4002 6326
108 366 158 426 453
698 357 927 422 EPISTOLAE.
950 359 1027 422 LIB.
1052 359 1138 420 vlll.
1281 451 1284 456 1
1666 359 1727 428 454

106 521 190 588 robis
209 519 390 599 acceperat,
411 517 629 596 assignatum,
650 520 684 582 at
703 518 880 586 ecclesiam
934 517 1090 582 mametis
1124 531 1233 596 prena,
1259 517 1308 578 eis
1334 515 1473 614 tirmiter
1502 517 1724 594 injungentes.

106 617 394 696 despeije,qua1n
415 615 510 678 bonae
534 616 703 679 memoria
728 619 764 683 B.
781 618 882 680 Wor·
936 617 971 678 ut
997 614 1144 694 sigillum
1169 615 1352 678 conventus
1380 614 1423 676 ad
1451 615 1603 676 eumdem
1633 616 1728 691 epis-

105 715 265 780 mationsis
287 715 461 794 episcopus
483 713 579 776 vobis
595 715 629 776 et
642 714 750 776 eidem
772 714 882 778 eccle·
935 711 1531 790 copumdestinareut3propterquod
1546 711 1596 772 illi
1609 711 1651 774 ad
1666 727 1728 774 uos

105 815 157 880 sis
173 814 289 876 vestrae
303 811 409 874 desui
423 811 563 889 capituli
577 827 717 875 assensu
730 811 879 883 contulit,
935 809 1055 874 iterum
1070 809 1291 888 appellarunt.
1317 811 1360 872 At
1381 808 1432 870 illi
1456 808 1673 872 nibilominus
1691 809 1728 870 in
1827 859 1833 870 .

106 912 182 974 sicut
194 925 233 972 ea
242 909 344 987 juste,
357 909 517 972 canonice
532 924 572 975 ac
586 908 723 986 pacifice
737 908 883 986 posside-
936 905 1056 970 fratres
1071 909 1253 984 praesentes
1266 906 1507 984 suspensionis,
1523 907 1555 968 et
1565 905 1730 968 inabsen-

104 1010 151 1080 tis,
167 1009 198 1068 ot
210 1007 245 1066 in
261 1005 495 1082 praedictorum
515 997 727 1082 imperatoris
746 1005 780 1068 et
793 1005 883 1084 epis-
935 1005 986 1070 tes
1010 1003 1363 1068 excommunicationis
1399 1005 1582 1070 sententias
1611 1006 1729 1082 postu·¹

105 1105 169 1182 copi
189 1103 306 1168 litteris
324 1102 447 1165 dicitnr
461 1102 636 1176 contineri,
654 1102 749 1164 uobis
770 1104 803 1168 et
823 1117 883 1181 per
936 1103 1059 1168 larunt.
1078 1102 1300 1166 attrectanti
1315 1102 1498 1164 conventus
1519 1101 1559 1162 de
1575 1101 1729 1178 appella-

104 1219 157 1266 tos
169 1205 237 1280 jam
257 1199 354 1262 dictae
374 1200 524 1262 ecclesiae
543 1201 665 1262 restrae
686 1201 883 1264 anctoritate
936 1201 1028 1264 tione
1066 1199 1264 1276 interposite
1297 1199 1501 1262 confidentes
1535 1199 1731 1276 aliquandiu

104 1299 281 1378 apostolica
289 1297 576 1370 confirmamuset
584 1297 760 1376 praesentis
768 1297 885 1374 scripti
938 1297 1192 1370 celebraverint,
1209 1299 1382 1363 cessarunt
1398 1297 1509 1360 tamen
1522 1298 1729 1374 postmodum

104 1395 278 1476 patrocinio
297 1394 549 1458 communimus.
570 1395 688 1456 Datum
714 1395 882 1468 Laterani,
938 1395 979 1460 de
991 1396 1189 1473 prudentum
1212 1396 1361 1458 virorum
1381 1395 1523 1460 consilio
1552 1410 1572 1456 a
1593 1394 1729 1458 divinis.

104 1497 264 1556 ivnonas
294 1492 502 1566 novembris,
531 1492 742 1572 pontificatus
776 1491 884 1556 nostri
938 1492 1215 1556 Praedictusrero
1237 1493 1423 1569 episcopus,
1444 1507 1559 1554 eornm
1583 1491 1733 1570 appella-

105 1606 183 1654 anno
196 1591 323 1654 octavo.
938 1589 1084 1656 tionibus
1107 1590 1239 1667 penitus
1259 1589 1442 1666 vilipensis,
1455 1589 1546 1665 ipsos
1560 1588 1601 1653 de
1620 1588 1733 1650 claus-

937 1686 1079 1754 trotccit
1093 1687 1171 1780 eJini
1182 1686 1356 1781 violenter,
1377 1687 1411 1750 et
1433 1685 1593 1764 quosdam
1616 1701 1734 1749 eorum

838 1861 841 1868 γ
939 1786 1040 1848 arctae
1053 1783 1211 1846 custodiae
1222 1781 1425 1860 mancipari;
1446 1799 1508 1848 nec
1522 1782 1576 1846 bis
1590 1783 1732 1846 conten-

406 1913 568 2000 XXXVI
939 1882 993 1944 tus
1021 1881 1242 1960 personaliter
1271 1879 1313 1942 ad
1341 1881 1450 1944 locum
1476 1881 1659 1953 accedens,
1684 1879 1735 1942 eis

940 1977 1182 2056 appellationes
1222 1978 1437 2056 interpositas
1478 1974 1733 2048 renovantibus,

104 2067 148 2128 Ad
161 2067 361 2128 decanum-n
383 2064 593 2142 mimium
612 2062 886 2126 Ft'ssmtildumssi
940 2091 1054 2140 arcam
1068 2076 1182 2153 inqua
1197 2075 1428 2152 eratsigillum
1443 2089 1558 2138 eorum
1579 2073 1734 2136 confrin-

154 2161 824 2236 Glemememsfflfflttwofflt'ebalettissss·
941 2189 1035 2250 gens,
1058 2175 1092 2237 et
1105 2171 1187 2234 illud
1202 2172 1324 2236 exinde
1347 2187 1459 2235 secum
1472 2172 1621 2248 portans,
1642 2171 1737 2246 ipsos

357 2292 520 2352 tnovemn,
540 2292 620 2352 itit.
941 2271 1164 2337 adivinorum
1178 2269 1405 2334 celebratione
1419 2269 1602 2346 suspendit.
1617 2271 1739 2340 Quum·

411 2415 418 2430 .
829 2415 835 2426 .
942 2384 1006 2447 que
1019 2368 1071 2430 illi
1091 2367 1157 2434 dno
1173 2367 1339 2440 monachi,
1352 2381 1436 2446 quos
1446 2367 1487 2431 ad
1500 2365 1617 2433 &dem
1630 2369 1739 2443 Apos-

118 2415 452 2481 fflffl'ffi'wu’q'm'
466 2415 576 2469 MS*
592 2415 715 2466 hm
729 2411 868 2478 mmm
941 2466 1075 2531 tolicam
1108 2465 1368 2537 destinaverant,
1398 2465 1579 2530 rediissent
1607 2463 1737 2529 advos

104 2539 244 2604 Mandatut
254 2541 283 2598 in
292 2537 756 2688 ⁰³⁰⁰³⁸t⁰fff³ffis⁰¹⁰9¹¹ft⁰³⁰·q'¹⁰d
765 2539 887 2598 viderint
942 2564 1058 2630 omma
1080 2563 1233 2626 eumdem
1257 2562 1410 2626 abbatem
1433 2563 1566 2626 nostras
1589 2560 1737 2638 inquisi,

351 2645 424 2704 expc
445 2643 486 2690 ne
521 2643 625 2688 acran.

136 2718 314 2826 Honorius,
326 2756 403 2829 eto„
419 2755 549 2818 dilectis
562 2755 640 2818 tiliis
658 2755 795 2828 decano,
810 2769 886 2818 ma·
942 2758 982 2822 de
1019 2760 1069 2821 tot
1101 2759 1136 2821 et
1166 2759 1269 2821 tantis
1300 2757 1561 2850 gravaminibus,
1595 2772 1736 2834 quornm

104 2854 198 2929 gistro
210 2853 388 2916 Fremuldo
403 2853 437 2916 et
449 2853 609 2916 Clementi
617 2854 787 2916 canonicis
795 2854 889 2916 Atre·
942 2856 1093 2934 praedicti
1107 2855 1174 2918 duo
1184 2854 1318 2917 fuerant
1330 2870 1466 2932 prorsus
1474 2853 1596 2930 ignari,
1611 2855 1738 2916 nnllam

106 2949 217 3025 haten„
231 2951 386 3023 salutem,
401 2953 465 3014 etc.
943 2955 1091 3017 lacerent
1117 2953 1331 3020 mentionem,
1357 2950 1525 3027 saepedicti
1555 2952 1736 3014 conventus

138 3049 287 3126 Experto
303 3048 485 3111 conventus
504 3047 701 3110 monasterii
713 3047 888 3108 Aimocur-
942 3049 1737 3131 nobishumilitersupplicaruntntquicquidpost

942 2661 1043 2727 tionis
1063 2661 1193 2726 litteras
1208 2661 1428 2740 reportantes,
1439 2660 1516 2738 quia
1525 2659 1644 2722 litterae
1654 2659 1737 2736 ipsa
1860 2658 1865 2683 ³

105 3160 166 3206 cen.
174 3144 235 3208 luit
242 3144 432 3222 expositum
445 3160 557 3206 coram
570 3144 677 3217 nobis,
688 3143 775 3221 quod
787 3159 887 3221 quum
943 3148 1134 3212 eorumdem
1148 3148 1289 3210 duorum
1299 3146 1363 3209 iter
1378 3147 1547 3224 arreptum
1562 3147 1602 3208 ad
1620 3145 1739 3208 Sedem
1839 3193 1841 3204 ,

106 3240 162 3318 ipsi
172 3242 322 3305 ridentes
339 3241 579 3306 monasterium
592 3242 702 3318 ipsum
718 3257 778 3318 per
801 3241 888 3302 dila·
942 3247 1166 3325 apostolicam
1185 3244 1403 3318 sententiat
1423 3244 1682 3322 appellationem
1694 3245 1737 3306 ad

105 3339 333 3415 lidatlfflemu·
357 3338 486 3404 abbatis
512 3353 638 3412 eornm,
662 3339 719 3418 (lui
749 3337 887 3418 perjurii
942 3360 1003 3406 nos
1018 3344 1261 3422 interpositam,
1288 3343 1324 3404 in
1346 3356 1461 3406 eorum
1481 3344 1515 3404 et
1542 3340 1737 3404 monasterii

107 3435 232 3500 crimine
278 3437 430 3500 irretitus
478 3437 546 3498 alia
588 3437 685 3514 plura
723 3435 887 3498 00mmisit
942 3440 1737 3522 praejudiciumnosciturattentatum,laceremus

106 3536 285 3598 enormiain
300 3535 422 3596 anima
433 3549 504 3596 suae
516 3533 724 3612 dispendium
738 3537 772 3596 et
789 3547 888 3594 scan-
942 3541 977 3602 in
1003 3539 1135 3602 irritum
1161 3539 1325 3601 revocari.
1352 3538 1514 3612 Quocirca
1542 3537 1737 3600 discretioni

106 3628 203 3693 dalum
212 3633 444 3710 plurimorum,
455 3631 526 3693 lere
533 3631 574 3694 ad
584 3631 767 3694 cabernam
776 3631 889 3692 axina·
941 3638 1061 3703 vostras
1080 3653 1140 3716 per
1151 3635 1343 3716 apostolica
1360 3632 1509 3716 [scripta]
1527 3635 1735 3705 mandamus,

105 3728 251 3792 uitionem
263 3729 498 3807 temporalium
514 3727 698 3804 devenisse,
713 3728 797 3790 duos
813 3743 887 3788 mo·
942 3735 1105 3812 quatenus
1120 3735 1189 3798 tam
1203 3749 1304 3811 super
1315 3732 1509 3811 praemissis,
1526 3747 1625 3808 quam
1637 3747 1738 3810 super

105 3827 217 3890 rachos
226 3827 412 3890 confratres
421 3842 534 3890 eorum
547 3825 805 3888 denunciaturos
815 3824 888 3886 haec
941 3831 1020 3905 illis,
1038 3848 1112 3910 quae
1134 3831 1171 3894 in
1190 3829 1326 3892 directis
1341 3830 1382 3894 ad
1401 3845 1462 3894 vos
1482 3829 1603 3892 litteris
1625 3831 1736 3892 conti-

106 3923 188 3986 nebis
202 3925 243 3988 ad
263 3924 383 3988 sedem
402 3924 629 4001 apostolicam
650 3922 885 3993 destinassent,
941 3930 1063 3994 nentur
1076 3929 1283 4006 inquirentes
1298 3927 1448 4006 plenarie
1460 3927 1647 4000 veritatem,
1663 3943 1738 4004 pro·

105 4018 181 4082 idem
195 4021 309 4096 abbas,
339 4021 395 4099 qui
418 4021 537 4084 satiem
566 4019 607 4084 ob
632 4020 664 4082 id
684 4037 704 4082 a
727 4021 887 4084 consueta
942 4027 1068 4089 cedatis
1091 4027 1127 4088 in
1151 4027 1295 4102 negotia,
1324 4026 1454 4088 ratione
1477 4025 1614 4102 praevia,
1639 4027 1738 4103 juxta

107 4115 251 4182 debuerat
265 4117 397 4182 malitia
410 4118 574 4192 revocari,
590 4133 652 4180 nec
663 4117 772 4180 adhuc
798 4133 818 4180 a
833 4116 886 4178 di·
941 4125 1092 4204 priorum
1107 4123 1346 4187 continentiam
1360 4123 1558 4196 litterarum,
1569 4123 1736 4202 provisuri

105 4213 294 4292 lapidatione
322 4216 485 4279 bonorum
515 4215 663 4294 ejusdem
691 4217 888 4278 monasterii
941 4223 1160 4286 nihilominus
1185 4237 1286 4301 super
1309 4237 1349 4283 eo
1373 4219 1460 4299 quod
1480 4219 1559 4282 dicti
1580 4221 1736 4282 monachi

106 4327 226 4376 nanum
259 4313 437 4378 retrahens
471 4312 695 4390 prodigamus,
728 4313 886 4392 quosdam
941 4321 1054 4384 taliter
1069 4317 1291 4392 celebrarunt,
1308 4320 1406 4397 prout
1428 4318 1528 4380 saluti
1547 4318 1736 4380 animarum

107 4411 294 4486 mustacius,
311 4413 434 4490 praeter
443 4412 624 4476 convontus
636 4426 810 4474 assensum
818 4412 888 4474 illi·
942 4418 1100 4496 ipsorum,
1130 4419 1165 4482 et
1196 4417 1300 4499 quieti
1332 4415 1528 4480 monasterii
1554 4415 1736 4478 secundum

108 4507 163 4570 cite
176 4509 298 4574 inierat
310 4511 346 4570 in
361 4507 440 4571 dicti
456 4507 650 4570 monasterii
661 4507 833 4572 laesiouem
845 4509 887 4572 ab
941 4519 1045 4580 Deum
1059 4515 1210 4580 videritis
1230 4513 1398 4592 expedire.
1421 4512 1512 4586 Quod
1534 4512 1563 4572 si
1583 4528 1649 4574 non
1664 4527 1737 4574 om-

108 4605 150 4666 eis
161 4607 251 4684 petiit
265 4606 431 4684 sigillari;
447 4605 532 4684 qnod
548 4605 617 4668 illis
629 4604 740 4668 lacere
755 4607 887 4684 penitus
941 4629 1012 4686 nes,
1031 4615 1094 4678 etc.
1115 4614 1234 4676 Datum
1247 4611 1414 4685 Laterani,
1432 4612 1461 4672 ll
1471 4625 1579 4672 nonas
1592 4625 1734 4674 novem-

108 4704 337 4778 recusantihus,
358 4703 515 4781 praelatus
535 4701 636 4766 abbas
652 4703 889 4781 querelamsu·
942 4711 1023 4788 bris,
1037 4727 1126 4774 anno
1141 4711 1270 4773 octavo.

109 4815 159 4874 per
169 4801 229 4864 boc
246 4800 435 4865 venerabili
447 4799 543 4863 tratri
558 4803 710 4862 nocuo...
727 4803 886 4864 (lamera-

110 4912 171 4960 ccn.
200 4901 367 4978 episcopo,
394 4897 460 4962 loci
493 4898 693 4972 dioecesano,
720 4897 887 4978 deponens
1249 4931 1433 5020 XXXVII

110 4993 181 5058 duos
195 4999 233 5062 de
247 4998 380 5060 clericis
401 4997 506 5076 ipsius
527 4995 675 5074 episcopi
694 4996 735 5058 ad
750 5012 888 5060 monas·

110 5090 341 5158 teriumsecum
354 5093 470 5169 duxit;
496 5109 599 5171 quare
617 5094 696 5170 ipsi,
719 5109 761 5156 ne
777 5093 819 5156 ab
840 5095 889 5156 eis
1002 5085 1053 5146 Ad
1066 5083 1222 5149 Ollolissm
1237 5085 1434 5158 episcopum
1457 5085 1672 5158 Vssrdttisiem·

110 5194 387 5266 praegravarentur
413 5191 449 5252 in
473 5191 605 5268 aliquo,
633 5207 669 5252 se
692 5205 731 5252 ac
755 5207 890 5254 monas-
1214 5212 1377 5271 inovemb.
1395 5213 1473 5271 litt.
1650 5177 1655 5186 ’

111 5285 218 5349 terium
244 5288 441 5367 protectioni
466 5288 562 5350 sedis
584 5289 785 5398 apostolicas
810 5305 891 5366 sup-
987 5337 1088 5404 [orlon
1089 5337 1206 5390 dennuni
1218 5337 1299 5388 liene
1299 5336 1471 5402 „hminem
1486 5337 1505 5395 1.
1516 5333 1572 5394 ,δι’
1590 5350 1616 5388 n.
1628 5336 1698 5402 aaa]

112 5386 268 5460 ponentes,
283 5387 324 5449 ad
338 5387 486 5448 nostram
510 5383 716 5451 audientiam
736 5387 888 5464 appella-

112 5483 188 5544 runt,
204 5483 266 5546 ssd
281 5483 361 5545 dicti
374 5483 500 5556 clerici,
527 5499 644 5546 norum
665 5483 890 5561 appellatione
945 5465 979 5524 El
1000 5463 1117 5524 mandat
1132 5471 1161 5524 ut
1180 5463 1314 5522 comitem
1329 5461 1364 5520 de
1376 5462 1490 5564 zuerin
1502 5469 1530 5521 et
1544 5462 1606 5536 ejus
1616 5461 1740 5522 lautores

114 5581 295 5658 contempta,
315 5580 530 5642 inhibuerunt
551 5581 678 5642 eisdem
699 5595 741 5642 ne
760 5579 890 5644 abbatis
1223 5558 1462 5612 ‘mmmmm‘-

114 5677 285 5742 contractus
300 5677 513 5756 aliquatenus
525 5677 725 5756 impedirent
738 5677 892 5743 subann-
985 5681 1091 5752 Quum
1105 5678 1208 5754 igitur
1218 5677 1305 5739 idem
1318 5691 1379 5738 rex
1394 5675 1528 5738 attilius
1544 5693 1624 5738 suus
1637 5675 1672 5742 in
1683 5677 1740 5750 tun
