4002 6326
300 357 360 418 403
916 356 1092 418 HONORII
1114 355 1160 416 ΙΙΙ
1181 355 1330 422 OPERA.
1875 366 1922 427 404

303 515 414 581 clasiae
439 515 662 594 spalatensis,
693 515 734 577 ad
768 513 962 594 petitionem
988 517 1095 594 ipsius
1151 515 1239 578 sisa
1262 515 1382 592 gratia,
1399 513 1475 580 odio
1499 516 1551 578 rel
1570 518 1689 580 timore
1704 517 1921 595 subtraxerint,

303 613 583 692 capituli,muuus
607 613 848 676 benedictionis
874 615 1012 691 accepit,
1029 629 1097 675 non
1151 627 1403 690 percensuram
1430 613 1590 686 eamdem,
1620 616 1840 692 appellatione
1859 635 1922 680 ces-

303 713 458 775 molestes
478 711 630 787 omuino,
651 713 728 789 quia
754 711 787 772 id
815 711 849 772 in
874 711 1096 789 contemptum
1151 711 1255 782 sante,
1273 712 1399 787 cogatis
1423 712 1556 774 veritati
1579 712 1804 774 testimouium
1828 716 1924 790 perbi-

303 810 397 873 tuum
422 809 545 872 factum
571 825 637 870 non
668 809 805 882 exstitit,
820 825 921 886 quum
942 810 1032 871 circa
1052 809 1094 882 te,
1149 806 1239 870 bere.
1257 807 1393 880 Quodsi
1419 823 1486 869 non
1508 825 1622 873 omnes
1646 809 1699 870 his
1720 812 1923 887 exsequendis

304 907 362 986 qui
375 906 463 982 apud
482 922 543 968 uos
564 921 691 967 moram
716 907 911 985 aliquandiu
930 909 1094 980 traxeras,
1150 905 1325 982 potueritis
1350 905 1522 978 interesse,
1537 905 1602 968 duo
1621 908 1767 968 vestrum
1781 909 1923 968 eanihil-

304 1004 497 1066 crederetur
519 1004 618 1066 aliter
631 1020 707 1066 esse
726 1006 847 1067 actum.
865 1008 929 1066 Per
948 1004 1010 1066 boc
1029 1021 1095 1065 au·
1151 1003 1282 1064 ominus
1292 1005 1528 1080 exsequantur.
1540 1005 1658 1065 Datum
1670 1005 1805 1079 Signiae,
1820 1007 1863 1066 ΙΙΙ
1879 1005 1925 1066 la·

301 1101 380 1172 tem,
398 1102 477 1179 quin
498 1117 542 1163 en
565 1101 631 1163 alia
655 1101 846 1164 rationabili
864 1117 964 1164 causa
981 1102 1096 1164 contra
1149 1099 1266 1161 lendas
1306 1100 1449 1176 augusti,
1478 1101 1688 1178 pontificatus
1722 1103 1827 1164 nostri
1851 1115 1924 1164 auno

305 1197 428 1260 dictum
454 1198 606 1260 abbatem
632 1215 733 1277 super
761 1200 967 1277 promotione
991 1200 1096 1276 ipsius
1151 1197 1279 1261 octavo.

305 1311 404 1372 agere
419 1296 544 1370 valeas,
559 1312 626 1359 nou
641 1311 812 1373 negamus.
828 1299 945 1358 Datum
960 1298 1094 1374 Signiae,

303 1395 349 1453 VI
379 1393 541 1455 kalendas
569 1395 719 1472 augusti,
746 1395 958 1473 pontificatus
991 1395 1095 1458 nostri

304 1491 530 1553 annoootavo.

1518 1537 1574 1626 IV

1152 1681 1156 1688 ⁴
1267 1699 1318 1758 Ad
1345 1699 1569 1759 Fredcrleam
1594 1701 1829 1759 Rornanorum

667 1831 730 1918 ΠΙ
1419 1795 1678 1869 insperatos-em.

1434 1933 1452 1991 5
1465 1935 1579 2007 augusti
1592 1935 1671 1992 122³.

1307 2107 1310 2116 ,
1344 2055 1623 2121 [lluillsrd-Brebollcs,
1635 2057 1668 2115 il,
1682 2057 1751 2122 auh]

304 1981 356 2041 Ad
376 1981 530 2042 abbatem
558 1981 658 2043 Voltis
680 1983 714 2042 S.
730 1981 832 2042 Petri
856 1981 996 2043 Ctstcrc.
1020 1983 1094 2043 ord.

344 2080 531 2139 coloniens.
548 2081 712 2150 dtoecests,
732 2081 898 2140 decenum
918 2079 951 2140 ct
965 2093 1098 2155 prospo-

343 2176 451 2236 situm
466 2177 692 2236 Colonz'cnscs.
989 2233 994 2242 ,
1151 2179 1293 2238 lionorius
1314 2194 1387 2254 papa
1411 2179 1553 2238 Friderice
1566 2181 1760 2238 Romanorum
1778 2180 1928 2254 imperatori

603 2305 638 2363 29
648 2305 710 2377 jum
723 2305 802 2364 ¹223·
1185 2267 1281 2326 scribit
1298 2283 1329 2326 se
1344 2268 1511 2325 auctoritate
1531 2269 1713 2370 presentium
1728 2269 1930 2370 dispensarent
1991 2267 1992 2272 ’

473 2425 600 2491 [sesa
617 2428 685 2478 n,
698 2427 925 2493 alanum
1185 2355 1333 2514 titii
1352 2369 1417 2514 ill
1431 2355 1929 2515 lltllhllhthlhflll

303 2549 419 2608 blandai
438 2558 479 2620 ut,
498 2550 573 2624 quod
591 2553 761 2610 canonicum
786 2551 877 2622 fuerit,
898 2552 934 2611 de
956 2553 1095 2611 electione
1186 2529 1429 2588 ⁸¹¹¹¹¹0i0ffl⁰³²¹¹f·

445 2640 561 2698 lienrici
575 2641 604 2698 in
618 2640 796 2713 episcopum,
817 2649 952 2700 statuant.
1189 2664 1356 2726 Honorius
1367 2663 1551 2740 episcopus,
1564 2679 1680 2726 servus
1689 2679 1863 2725 servorum
1870 2661 1928 2732 Dei,

343 2766 511 2826 Honorius
544 2766 730 2844 episcopus,
768 2781 886 2828 servus
924 2782 1094 2828 serrorum
1149 2759 1270 2821 dilecto
1286 2760 1354 2820 filio
1370 2759 1559 2833 Frederico,
1576 2761 1699 2822 illustri
1716 2763 1929 2822 Romanorum

302 2861 374 2929 Dei,
404 2861 534 2924 dilectis
563 2863 642 2925 tiliis
668 2861 780 2925 abbati
809 2863 914 2924 Vallis
943 2866 977 2925 S.
1004 2863 1095 2926 Petri
1149 2855 1352 2934 imperatori,
1369 2855 1507 2918 salutem
1534 2857 1568 2920 et
1591 2857 1820 2934 Apostolicam
1842 2857 1930 2918 bene·

301 2939 530 3022 cisterciensis
550 2960 688 3032 ordinis,
706 2960 913 3022 coloniensis
929 2959 1093 3032 dioecesis,
1150 2953 1338 3016 dictionem.

300 3053 426 3120 decano
455 3059 488 3118 et
515 3058 692 3134 praeposito
719 3057 982 3129 coloniensibus,
1004 3057 1096 3118 salu·
1189 3050 1272 3122 Quia
1292 3050 1478 3112 coelestia...
1504 3051 1584 3111 Cum
1604 3051 1676 3112 zelo
1691 3051 1770 3111 fidei
1785 3050 1930 3112 christia-

301 3153 366 3213 tem
379 3153 412 3214 et
423 3153 646 3230 apostolicam
658 3153 934 3215 benedictionem.
1149 3163 1201 3209 nae
1224 3163 1415 3220 succensus
1433 3149 1465 3209 et
1479 3147 1665 3224 inspirante
1686 3149 1831 3209 Domino
1845 3148 1927 3224 aspi·

339 3249 388 3311 Ad
426 3250 630 3313 audientiam
660 3252 819 3322 nostram,
848 3251 978 3313 dilectis
1016 3250 1094 3312 filiis
1149 3261 1228 3306 rans
1256 3245 1412 3306 ardenter
1440 3241 1480 3305 ad
1516 3245 1752 3307 vindicandam
1783 3245 1930 3322 injuriam

300 3348 478 3422 praeposito
498 3349 532 3410 et
551 3348 688 3419 decano,
704 3364 744 3408 ac
768 3347 963 3425 quibusdam
993 3363 1096 3409 cano-
1148 3344 1227 3404 Jesu
1243 3341 1366 3403 Christi
1385 3341 1419 3403 et
1438 3342 1562 3403 terram
1588 3343 1716 3419 ejusde
1739 3343 1930 3419 perfidorum

300 3442 385 3504 uicis
400 3444 686 3506 Paderburnensis
698 3445 849 3506 ecclesiae
870 3443 1093 3520 significanti-
1149 3439 1301 3500 manibus
1319 3439 1564 3510 vindicandam,
1576 3441 1713 3516 accepta
1732 3457 1846 3512 cruce,
1861 3441 1932 3500 illuc

299 3539 375 3613 bus,
402 3543 563 3605 noveritis
590 3543 796 3620 pervenisse,
827 3542 913 3619 quod
938 3540 1039 3603 abbas
1062 3541 1095 3604 et
1149 3536 1321 3599 devoveris
1354 3535 1591 3608 transfretare,
1620 3551 1660 3597 ac
1695 3541 1732 3598 nt
1765 3537 1931 3599 exhiberes

300 3636 448 3700 decanus
472 3640 505 3702 et
533 3640 688 3701 canonici
713 3641 747 3702 S.
762 3639 854 3700 Petri
872 3637 1092 3712 Paderburn,
1149 3635 1238 3695 circa
1253 3632 1377 3694 Christi
1399 3648 1534 3694 causam
1554 3633 1767 3696 ferventioris
1791 3634 1933 3696 devolio-

299 3737 493 3809 Wernerus,
510 3739 547 3798 B.
562 3737 595 3798 ot
614 3739 654 3798 H.
676 3735 796 3798 fratres
808 3739 892 3812 ejus,
909 3734 1031 3798 milites
1053 3735 1094 3798 de
1148 3730 1200 3791 uis
1224 3729 1379 3791 affectum
1400 3731 1433 3791 et
1461 3730 1502 3790 ad
1530 3732 1793 3806 persecutionem
1817 3729 1933 3809 einata

298 3832 427 3906 Bracle,
442 3836 475 3895 et
490 3834 624 3910 quidam
638 3833 698 3894 alii
711 3831 1095 3894 Paderburnensisciri·
1148 3827 1274 3889 arctius
1296 3826 1446 3902 obligans
1464 3826 1549 3888 alios
1572 3828 1613 3887 ad
1636 3827 1669 3888 id
1691 3827 1863 3889 efficacius
1885 3843 1934 3888 ex·

298 3929 378 3991 tatis
405 3931 439 3992 et
458 3931 611 3992 dioecesis
636 3931 672 3991 in
699 3946 814 3992 eorum
840 3930 1015 3992 ecclesiam
1038 3930 1093 3991 te·
1148 3923 1301 3996 horteris,
1328 3922 1498 3999 fastigium
1523 3925 1732 3994 excellentiae
1755 3924 1932 4003 imperialis

299 4041 390 4087 mere
404 4027 581 4098 irruentes,
598 4042 637 4088 ac
650 4027 824 4089 molientes
836 4027 944 4104 ipsius
957 4025 1092 4104 episco-
1148 4020 1302 4082 decenter
1327 4020 1508 4081 humilians
1533 4021 1573 4081 ad
1593 4021 1771 4082 consilium
1789 4025 1932 4084 nostrum

299 4122 411 4198 patum
429 4125 573 4184 Heurico
591 4124 739 4199 eJusdem
761 4114 912 4185 ecclesiae
932 4123 1093 4185 canonico
1147 4117 1180 4178 et
1201 4115 1340 4178 fratrum
1369 4117 1557 4178 nostrorum
1587 4117 1731 4179 nobilem
1765 4119 1933 4179 mulierem

299 4235 360 4280 sua
384 4218 536 4280 conferre
561 4219 718 4296 potentia,
743 4221 851 4296 ipsum
877 4220 918 4281 de
945 4219 1031 4281 facto
1057 4218 1093 4279 in
1147 4212 1323 4275 lsabellam
1345 4214 1456 4274 natam
1481 4213 1649 4274 carissimi
1676 4213 1709 4274 iu
1725 4215 1859 4276 Christo
1879 4213 1932 4274 filii

298 4317 488 4394 episcopum
513 4316 638 4392 eligere
663 4319 956 4393 praesumpserunt.
984 4318 1093 4388 Quare
1147 4309 1251 4372 nostri
1265 4311 1296 4372 J.
1310 4309 1451 4371 illustris
1464 4309 1554 4386 regis
1568 4311 1868 4388 hierosolymitani
1882 4309 1932 4371 af-

298 4415 466 4491 petierunt
484 4414 666 4487 humiliter,
683 4414 721 4477 ut
741 4430 816 4475 oum
838 4414 1014 4476 occasione
1029 4413 1093 4474 hu·
1147 4405 1303 4469 lidaveris
1331 4405 1461 4483 publice
1488 4407 1523 4466 in
1549 4421 1699 4479 uxorem,
1718 4423 1780 4470 nos
1804 4407 1933 4486 provide

294 4511 441 4588 jnsmodi
459 4513 577 4588 gravia
597 4513 716 4573 damna
739 4509 952 4584 incurrerint,
969 4525 1026 4572 eos
1050 4510 1091 4572 ad
1146 4503 1353 4566 attendentes
1372 4504 1460 4580 quod
1484 4504 1663 4576 tantares,
1688 4521 1762 4580 quae
1791 4503 1933 4566 noscitur

298 4609 568 4670 satisfaciendum
585 4609 625 4670 de
641 4610 741 4673 tanta
757 4607 1025 4686 praesumptionis
1038 4607 1093 4666 in-
1146 4600 1376 4680 principaliter
1404 4600 1463 4660 liei
1493 4615 1579 4671 esse,
1607 4616 1673 4661 uon
1698 4603 1772 4663 erat
1795 4601 1933 4678 impedi·

292 4707 396 4782 juria,
423 4707 456 4768 et
483 4707 623 4780 damnis,
655 4724 728 4784 quae
750 4706 963 4768 incurrerunt
991 4720 1092 4766 occa·
1146 4699 1256 4759 mento
1272 4696 1382 4773 aliquo
1397 4696 1609 4769 retardanda,
1625 4697 1682 4758 sed
1699 4698 1810 4774 potius
1827 4697 1933 4759 favore

299 4803 392 4864 sione
415 4805 585 4880 praedicta,
610 4819 728 4880 cogere
755 4803 978 4878 dignaremur.
1009 4802 1092 4874 Quia
1145 4792 1299 4856 benivolo
1315 4793 1932 4870 prosequenda,impedimentumcon-

296 4915 376 4962 vero
392 4899 486 4961 uobis
502 4917 568 4960 non
583 4900 731 4962 constitit
753 4899 793 4962 de
809 4899 1003 4977 praemissis,
1028 4899 1092 4959 dis·
1146 4889 1381 4968 sanguinitatis
1395 4890 1448 4951 vel
1465 4890 1637 4953 affinitatis
1651 4893 1781 4968 siquod
1800 4892 1933 4954 obsiste·

297 4997 569 5060 cretiouivestrae
583 4997 846 5074 perhpostolica
862 4998 986 5074 scripta
1001 5011 1092 5057 man·
1145 4991 1206 5061 ret,
1243 4989 1322 5050 tuuc
1355 4988 1563 5048 decrevimus
1591 4987 1870 5060 submovendum,
1904 4987 1933 5048 et

297 5093 424 5166 damus,
446 5095 609 5172 quatenus
633 5094 771 5165 vocatis,
792 5093 847 5170 qui
867 5093 991 5154 fuerint
1010 5108 1091 5154 ero·
1145 5102 1233 5148 nunc
1250 5087 1365 5146 utnon
1387 5084 1539 5146 obstante
1555 5087 1642 5162 quod
1662 5086 1697 5146 in
1717 5089 1836 5163 quarta
1857 5099 1933 5147 cou-

297 5193 406 5262 caudi,
423 5193 456 5253 et
470 5191 592 5252 auditis
606 5190 684 5251 hino
706 5191 784 5251 inde
799 5191 989 5268 propositis
1004 5189 1090 5266 quod
1146 5183 1381 5259 sanguinitatis
1394 5181 1483 5243 linea
1498 5182 1612 5243 eadem
1629 5184 1773 5246 isabella
1785 5185 1846 5246 tibi
1860 5182 1933 5242 dici·

296 5291 492 5352 canonicum
515 5288 625 5360 fuerit,
644 5287 868 5366 appellatione
894 5287 1088 5364 postposita,
1144 5283 1199 5342 tur
1225 5279 1377 5348 attinere,
1399 5279 1546 5355 legitime
1569 5279 1774 5356 copulemini
1798 5279 1932 5343 auctori·

296 5387 460 5459 statuatis,
492 5385 654 5447 facientes
678 5385 763 5461 quod
789 5384 1004 5446 decreveritis
1031 5398 1091 5460 per
1143 5381 1210 5442 tate
1233 5377 1447 5456 praesentium
1474 5375 1718 5452 dispensamus.
1736 5381 1851 5440 Datum
1877 5377 1931 5436 Si-

295 5499 470 5546 censuram
506 5483 766 5545 ecclesiasticam
795 5483 935 5544 firmiter
970 5481 1088 5543 obser·
1144 5479 1241 5554 guiso,
1277 5475 1375 5535 nouis
1413 5474 1556 5550 augusti,
1588 5475 1801 5552 pontificatus
1832 5473 1931 5535 nostri

268 5582 379 5644 ,rari
406 5583 520 5646 restes
546 5582 666 5654 autem,
684 5581 741 5658 qui
770 5579 893 5642 fuerint
914 5579 1087 5650 nominati,
1145 5591 1233 5637 anuo
1249 5575 1376 5640 octavo.
