4018 6320
282 355 343 416 807

284 515 573 586 nensisdioecesis,
586 513 772 576 salutemet
786 512 1009 590 Apostolicam
1018 509 1079 574 be·

285 613 519 675 nedictionem.

325 711 443 772 Dilecii
459 711 520 771 tilii
590 708 691 771 abbas
702 707 735 770 et
745 707 972 769 conventusS.
987 707 1077 768 Petri

283 805 1078 884 ViviSenonensissuanobispetitionemonstra·

283 908 373 978 runt,
387 905 472 984 quod
489 920 564 966 cum
580 920 727 976 causam,
740 920 813 980 quae
829 903 917 964 inter
929 902 1021 978 ipsos
1035 917 1078 962 ex

283 1004 378 1082 parte
404 1019 482 1074 una,
506 1004 538 1063 et
564 1001 835 1062 archidiaconum
852 1002 1076 1060 senonensem

283 1117 327 1162 ex
352 1101 457 1162 altera
470 1099 621 1171 vertitur,
641 1114 742 1176 snper
765 1098 981 1174 subjectione,
999 1112 1079 1174 pro-

282 1194 520 1266 curationibus,
537 1195 570 1254 et
593 1193 680 1265 aliis,
703 1209 776 1270 quae
800 1193 887 1253 idem
907 1191 1079 1252 archidia-

284 1289 1075 1367 conusexigitabeisdem...abbatiAremarensi,

285 1390 458 1451 Trecensis
473 1389 662 1449 dioecesis...
674 1387 921 1458 archidiacono,
938 1387 1007 1446 et...
1025 1386 1078 1447 de·

285 1502 369 1550 cano
381 1486 493 1548 Sancti
505 1485 855 1562 Stephani'li·ecensis,
866 1485 1079 1546 deconsensu

285 1584 429 1662 partium
444 1583 566 1644 dudum
578 1583 638 1643 sub
654 1585 744 1644 certa
759 1582 864 1642 torma
884 1581 1078 1643 duxerImus

286 1681 565 1752 committendam,
599 1681 696 1741 dictis
716 1679 886 1757 judicibus
917 1678 1080 1755 praetextu

286 1777 503 1856 quorumdam
519 1778 746 1850 articulorum,
757 1792 838 1854 quos
854 1774 971 1837 dubios
986 1791 1080 1837 asse-

283 1876 403 1937 rebant
416 1875 595 1952 procedere
612 1873 853 1945 differentibus,
871 1889 931 1935 nos
947 1873 1080 1934 dubita-

283 1973 394 2036 tiones
415 1972 633 2035 dilucidantes
659 1973 807 2049 ipsorum
836 1973 884 2033 eis
907 1971 1019 2043 semel,
1047 1970 1080 2032 et

285 2071 430 2132 secundo
440 2070 589 2132 dedimus
597 2071 633 2130 in
644 2070 819 2141 mandatis,
831 2071 867 2130 ut
876 2068 944 2130 illis
958 2085 1080 2146 nequa·

286 2183 385 2245 quam
400 2166 607 2228 obstantibus
629 2167 848 2244 procederent
857 2167 955 2243 juxte
973 2165 1080 2228 tradi-

284 2267 354 2327 tam
369 2264 433 2326 sibi
446 2264 601 2339 sormam,
628 2264 685 2325 sed
702 2265 767 2341 ipsi
777 2264 993 2326 nihilominus
1005 2279 1078 2325 ma-

284 2361 1079 2439 litioseprocederedifferentes,negotiumipsum

285 2458 466 2521 tenuerunt
475 2461 546 2536 jam
558 2475 618 2536 per
631 2459 802 2520 biennium
816 2459 851 2520 in
867 2474 1029 2536 suspenso
1043 2460 1080 2520 in

288 2555 451 2617 dictorum
466 2555 594 2618 abbatis
610 2558 643 2619 et
657 2559 838 2618 conventus
849 2555 1079 2633 praeJudicium

286 2654 319 2715 et
330 2669 521 2730 gravamen.
538 2652 693 2715 volentes
710 2653 812 2730 igitur
826 2653 862 2726 qt
878 2653 953 2714 tinis
966 2651 1079 2715 litibus

286 2750 486 2827 imponatur,
512 2749 635 2812 nostrin
657 2749 706 2810 eis
730 2749 880 2810 dedimus
904 2750 1025 2812 litteris
1044 2751 1079 2810 in

284 2847 474 2924 praeceptis,
492 2846 527 2909 ut
541 2847 627 2908 inira
642 2848 711 2908 tres
727 2863 858 2908 menses
873 2847 947 2923 post
960 2863 1079 2926 recep-

286 2944 411 3006 tionem
427 2961 553 3016 eurum,
566 2946 664 3022 juxta
680 2945 837 3006 traditam
852 2945 916 3005 sibi
940 2945 1079 3007 formam

286 3041 432 3104 finaliter
461 3043 495 3104 in
523 3043 655 3118 negotio
679 3045 861 3104 memorato
887 3043 1077 3119 procedant.

288 3139 430 3216 Ideoque
454 3139 603 3202 districte
629 3140 835 3212 mandamus
866 3142 1029 3217 quatenus
1052 3141 1080 3201 si

287 3235 367 3297 dicti
396 3236 525 3313 judices
558 3235 645 3297 infra
685 3238 814 3313 tempus
851 3238 1079 3314 praescriptum

288 3333 480 3395 mandatum
496 3335 644 3394 nostrum
659 3333 870 3410 neglexerint
885 3335 1077 3412 adimplere,

287 3445 347 3490 vos
362 3433 497 3490 extunc
508 3432 606 3507 Juxta
622 3429 759 3491 sormam
776 3431 925 3492 eamdem
948 3433 982 3492 in
1007 3433 1079 3510 Ipso

287 3528 419 3602 negotio
432 3528 658 3606 procedentes,
676 3527 770 3598 illud,
787 3529 1010 3605 appellatione
1025 3546 1081 3600 re-

288 3627 387 3704 mota,
410 3625 476 3686 fine
500 3625 609 3687 debito
625 3625 820 3687 termInetis.
838 3627 928 3697 Quod
958 3628 986 3688 si
1013 3644 1078 3690 non

286 3739 412 3796 omnes,
430 3724 490 3784 etc.
509 3725 626 3785 Datum
642 3724 808 3798 Laterani,
823 3726 868 3785 ΙΙΙ
879 3740 1079 3788 nonesmar·

282 3822 333 3892 tii,
351 3837 439 3883 anno
452 3837 552 3884 nono.

325 3919 396 3980 Illis
411 3919 569 3995 scriptum
581 3920 677 3981 estin
689 3924 845 3982 eumdem
855 3923 1079 3995 feremodunc

282 4029 389 4086 usqne
409 4015 610 4091 procedatis,
635 4015 746 4076 verbis
766 4019 992 4093 competenter
1010 4033 1081 4079 mu·

283 4111 373 4171 tatis.
403 4111 559 4187 Alioquin
583 4111 714 4173 dilectis
738 4113 854 4174 tiliis...
873 4113 984 4177 abbati
1007 4117 1076 4177 et...

234 4264 237 4280 ,
283 4206 387 4284 priori
408 4207 521 4269 Sancti
539 4208 654 4270 Jacobi
677 4210 746 4270 et...
763 4211 943 4287 praeposito
966 4213 1079 4274 Sancti

286 4305 433 4378 Quiriaci
458 4305 499 4366 de
522 4306 682 4378 Pruvin0,
701 4308 902 4368 Sunonensis
925 4308 1079 4371 dioecesis

285 4403 409 4465 nostris
420 4403 536 4463 damus
546 4403 668 4465 litteris
681 4404 716 4464 in
727 4403 903 4477 mandatis,
916 4408 952 4468 ut
962 4407 1026 4484 ipsi
1037 4423 1080 4469 ex

283 4505 362 4564 tunc
371 4503 468 4578 Juxta
488 4502 637 4563 eamdem
654 4501 794 4563 sormam
810 4501 845 4562 iu
858 4503 931 4580 ipso
946 4505 1079 4581 negotio

283 4599 600 4676 procedentesiltud
614 4600 679 4660 fine
690 4598 811 4672 debito,
825 4600 955 4663 sublato
970 4605 1080 4680 appel·

282 4696 419 4758 lationis
443 4697 691 4775 impedimento,
717 4697 882 4760 decidant.
899 4700 1017 4762 Datum
1041 4703 1080 4763 ut

286 4807 405 4866 supra.

621 4899 748 4988 CVIII

341 5035 392 5095 Ad
404 5034 698 5106 archiepiscopum
712 5037 1016 5112 Buruepatensem.

572 5145 697 5204 dmartii
711 5147 789 5206 rann.
917 5207 918 5212 ,

312 5255 433 5319 [flegest.,
444 5252 541 5312 onix,
554 5252 630 5319 epist.
642 5253 697 5303 206.
709 5253 766 5304 lIss.
776 5256 811 5306 be
821 5255 896 5306 Poris
906 5255 940 5305 dn
951 5257 1046 5324 rheti]

280 5360 398 5420 blandai
414 5361 450 5427 ei,
469 5367 501 5419 ut
522 5359 640 5418 abbates
656 5327 821 5434 prioresque
839 5363 1077 5422 monasteriorum

315 5450 405 5523 ipsius
428 5448 560 5508 dioecesis
581 5449 617 5508 ed
644 5450 821 5510 revocandos
847 5451 1013 5523 monachos,
1029 5455 1077 5527 qui

315 5537 434 5597 solitarii
450 5539 480 5596 in
490 5539 620 5596 ecclesiis
631 5539 800 5612 quibusdam
813 5539 966 5615 degebant,
979 5551 1075 5616 cogat.

897 352 1073 413 HONORII
1094 352 1139 413 III
1161 352 1311 414 OPERA.
1862 354 1915 415 808

1132 512 1261 588 galensi
1281 511 1544 590 archiepiscopo,
1561 511 1701 574 salutem
1724 513 1759 574 et
1785 513 1916 590 Aposto-

1133 608 1518 672 licambenedictionem.

1173 709 1326 784 Experto
1338 706 1681 785 tuaiuitpropositum
1692 707 1914 780 coramnobis,

1133 805 1219 880 quod
1237 805 1388 866 nonnulli
1404 805 1559 866 monachi
1573 805 1646 881 lege
1663 804 1724 865 tibi
1736 804 1914 866 dioecesana

1133 901 1284 979 subjecti,
1297 902 1332 963 in
1347 902 1542 978 quibusdam
1556 901 1759 978 prioratibus
1776 901 1916 964 habitant

1133 999 1276 1060 solitarii
1289 1001 1404 1061 contra
1419 1000 1577 1062 statutum
1591 999 1730 1060 concilii
1744 1000 1914 1074 generalis.

1133 1097 1274 1174 Ideoque
1309 1097 1510 1160 traternItati
1543 1099 1608 1159 tuac
1642 1111 1702 1172 per
1735 1097 1915 1173 apostolica

1133 1195 1255 1271 scripte
1271 1196 1479 1266 mandamus,
1495 1196 1658 1272 quatenus
1682 1195 1830 1271 ipsorum
1853 1211 1916 1256 mo-

1133 1292 1314 1352 nachorum
1330 1290 1476 1362 abbates,
1492 1294 1551 1351 seu
1567 1291 1706 1368 priores,
1719 1293 1756 1353 ut
1766 1291 1820 1350 vel
1834 1292 1915 1367 ipsos

1133 1389 1174 1450 ed
1199 1389 1382 1451 claustrum
1406 1389 1574 1460 revocent,
1602 1388 1763 1449 iacientes
1788 1388 1824 1448 in
1844 1389 1915 1464 ipsis

1134 1485 1284 1548 ecclesiis
1308 1486 1478 1548 deservire
1499 1501 1559 1562 per
1580 1485 1721 1556 clericos
1747 1485 1915 1546 seculares

1133 1585 1186 1647 rel
1205 1585 1291 1646 elios
1306 1585 1487 1646 monachos
1507 1583 1631 1644 eisdem
1657 1583 1915 1654 associantem

1134 1681 1254 1758 quibus
1287 1681 1389 1743 vitam
1419 1680 1547 1757 possint
1572 1681 1695 1742 ducere
1724 1681 1913 1756 regularem,

1134 1779 1316 1840 monitione
1337 1779 1521 1856 praemissa,
1547 1793 1607 1856 per
1629 1792 1806 1839 censuram
1820 1777 1915 1839 eccle-

1134 1876 1314 1948 siasticam,
1331 1875 1554 1954 appellatione
1567 1875 1706 1944 remota,
1723 1889 1913 1951 compescas,

1134 1975 1268 2050 proviso
1279 1973 1364 2051 quod
1376 1973 1417 2034 ad
1426 1974 1596 2050 exemptos
1605 1988 1740 2033 manum
1751 1972 1914 2034 occasione

1134 2071 1280 2133 mandati
1302 2072 1401 2149 huJus
1425 2071 1514 2132 modi
1528 2085 1595 2132 non
1615 2069 1788 2131 extendas.
1809 2071 1913 2131 Datum

1134 2169 1302 2242 Laterani,
1317 2171 1347 2230 ll
1362 2184 1467 2230 nonas
1480 2169 1604 2241 martii,
1619 2183 1708 2230 anno
1724 2183 1824 2229 nono.

1488 2417 1575 2506 clx

1171 2564 1227 2623 Ad
1244 2563 1400 2624 abbotem
1417 2560 1451 2622 et
1464 2563 1670 2623 conuentum
1683 2562 1884 2624 recreantem·

1399 2659 1661 2719 laureacensis.

1419 2791 1434 2846 7
1454 2789 1546 2846 martii
1563 2785 1643 2846 1225.

1280 2903 1469 2969 [wittenburg.
1484 2903 1595 2962 ob.‚111,
1609 2903 1664 2963 toa,
1676 2918 1702 2954 n.
1715 2904 1782 2966 689]

1134 3018 1323 3078 abbatemet
1348 3027 1520 3078 conventum
1541 3020 1707 3078 monasterii
1722 3019 1914 3078 laureacensis

1172 3106 1289 3182 [borch]
1306 3123 1371 3164 curn
1392 3107 1525 3166 omnibus
1539 3107 1622 3166 bonis
1644 3107 1697 3166 sub
1715 3108 1792 3166 beati
1807 3109 1874 3166 Petri
1890 3113 1914 3164 et

1170 3209 1221 3254 sua
1231 3197 1405 3268 protectione
1417 3197 1546 3268 susprit.

1174 3323 1910 3401 Honoriusepiscopus,servasservorumbei,

1136 3419 1266 3482 dilectis
1289 3420 1403 3482 tiliis...
1420 3420 1532 3483 abbati
1548 3423 1581 3484 et
1590 3423 1768 3484 conventui
1788 3437 1912 3484 monas·

1132 3518 1210 3580 terii
1225 3519 1477 3591 laureacensis,
1495 3519 1635 3581 salutem
1653 3520 1687 3583 et
1703 3519 1911 3599 apostolicam

1132 3615 1408 3678 benedictionem.

1175 3715 1394 3776 sacrosancta
1408 3716 1557 3776 Romana
1570 3714 1721 3776 EcclesIa
1736 3715 1867 3776 devotos
1879 3727 1912 3774 ac

1135 3811 1277 3872 humiles
1302 3811 1389 3872 illios
1418 3827 1461 3872 ex
1488 3812 1630 3874 assuetae
1654 3813 1789 3889 pietatis
1816 3811 1911 3872 officio

1134 3908 1333 3985 propensius
1359 3909 1498 3984 diligere
1514 3910 1698 3982 consuevit,
1715 3911 1759 3982 et,
1787 3927 1828 3971 ne
1843 3923 1911 3986 pra-

1134 4022 1251 4069 vorum
1277 4006 1448 4070 hominum
1476 4007 1637 4069 molestiis
1661 4009 1837 4083 agitentur,
1864 4020 1912 4067 eos

1137 4104 1291 4180 tanquam
1304 4103 1359 4181 pia
1374 4105 1480 4166 mater
1495 4119 1563 4166 suae
1584 4105 1801 4182 protectionis
1815 4103 1913 4166 muni·

1134 4200 1911 4278 mineconiovereoapropter,ditectiinoonino

1134 4299 1206 4370 filii,
1216 4298 1340 4360 vestriS
1348 4299 1449 4376 justis
1459 4299 1737 4377 postulationibus
1748 4302 1912 4377 gratccon-
1974 4323 1975 4346 1

1134 4397 1306 4458 currentes
1331 4413 1481 4470 assensu,
1498 4413 1658 4474 personas
1679 4403 1808 4460 vestras
1830 4396 1914 4459 etlo-
1974 4431 1975 4468 ᾗ

1135 4509 1209 4554 cunr
1222 4493 1257 4554 in
1269 4509 1333 4570 quo
1344 4494 1457 4555 divino
1467 4495 1547 4556 estis
1562 4493 1721 4572 obsequio
1734 4492 1911 4571 mancipati,

1135 4608 1209 4653 cum
1228 4591 1380 4652 omnibus
1399 4590 1494 4652 bonis
1514 4607 1588 4668 quae
1616 4591 1651 4654 in
1673 4594 1911 4670 praesentiarum
1974 4637 1975 4648 ,

1133 4688 1379 4752 rationabiliter
1414 4689 1610 4765 possidetis,
1636 4693 1694 4753 eut
1721 4691 1912 4752 infuturum
1974 4743 1975 4758 ,

1130 4787 1231 4862 justis
1257 4786 1374 4860 modia,
1398 4787 1575 4862 praestante
1601 4787 1754 4856 Domino,
1776 4785 1912 4865 poteritis
1974 4781 1975 4786 ’

1134 4883 1284 4960 adipisci,
1294 4882 1448 4946 subbeati
1460 4884 1550 4946 Petri
1561 4885 1593 4948 et
1604 4885 1717 4948 nostra
1723 4884 1911 4962 protectione

1133 4981 1342 5056 suscipimus.
1355 4981 1551 5058 specialiter
1560 4983 1671 5044 autem
1684 4983 1908 5060 possessiones,
1974 4965 1975 5052 f

1132 5079 1241 5139 terras
1255 5093 1295 5140 ac
1310 5077 1378 5140 elia
1395 5078 1482 5140 bona
1500 5081 1624 5148 vestra,
1645 5080 1732 5142 stcut
1750 5097 1788 5142 ea
1813 5077 1911 5140 omnia

1129 5177 1230 5250 juste,
1247 5175 1408 5238 canonice
1419 5191 1457 5238 ac
1472 5177 1611 5254 pacifice
1627 5177 1813 5256 possidetis,
1828 5173 1910 5237 robis
1974 5185 1975 5224 r

1132 5273 1166 5334 et
1192 5289 1252 5350 per
1279 5289 1338 5336 vos
1365 5275 1567 5337 monasterio
1592 5274 1704 5338 vestro
1728 5273 1909 5338 auctoritate

1132 5371 1321 5448 apostolica
1333 5371 1568 5434 confirmamus
1578 5374 1611 5434 et
1624 5375 1797 5450 praesentis
1807 5367 1909 5446 scripti
1974 5375 1975 5422 1

1132 5469 1316 5544 patrocinio
1332 5469 1583 5530 communimus.
1598 5471 1690 5532 Nulli
1701 5469 1908 5548 ergoomnino

1131 5565 1303 5628 bominum
1313 5566 1413 5630 liceat
1426 5566 1513 5630 hanc
1532 5568 1688 5644 paginam
1709 5571 1827 5632 nosirae
1841 5579 1909 5643 pro-

318 5655 497 5726 Honorius,
514 5657 1074 5730 etc,venerabiliiratri...Burdo-
1131 5664 1283 5744 tectionis
1307 5665 1340 5726 et
1368 5664 1629 5728 confirmationis
1654 5666 1842 5742 intringere,
1863 5659 1907 5720 rel
