4018 6320
280 313 340 373 ‘151

284 469 472 534 abductum.
490 474 529 536 nt
542 475 697 564 quoniam
719 473 806 563 terro
826 491 892 538 non
912 477 1074 549 extracto,

285 571 558 647 computruerunt
587 573 620 633 et
651 571 937 636 deterioraverunt
958 575 1077 635 vulne-

286 683 357 727 rum
383 667 565 736 cicatrices,
591 668 728 730 attacta
752 672 802 732 est
824 671 919 748 quasi
938 671 1077 734 insana-

284 763 361 824 bilis
375 765 447 840 ipsa
464 765 571 840 plaga,
589 765 707 827 flentes
727 782 840 828 amare
856 769 947 845 pacis
965 769 1076 845 angeli

283 862 1074 942 recesseruntdicendo‚curavimusssabylonem,

284 961 428 1020 nonest
455 961 583 1027 sanata,
612 959 880 1037 derelinquamus
913 963 1073 1024 eamdem.

283 1056 517 1117 Verumtamen
543 1056 643 1118 Sedes
664 1057 854 1133 apostolica
878 1058 934 1136 pia
958 1061 1074 1130 mater,

285 1168 357 1230 quae
373 1153 515 1213 illiorum
533 1155 619 1215 uteri
637 1155 689 1216 sui
710 1155 861 1216 oblivisci
885 1171 951 1218 non
970 1157 1076 1233 potest

285 1265 406 1310 acura
428 1250 532 1326 ipsius
557 1267 621 1312 nou
647 1251 783 1324 destitit,
810 1268 871 1313 nee
890 1253 980 1314 zelus
1004 1257 1076 1331 ejus

285 1347 424 1408 recessit
450 1346 490 1407 ab
515 1347 598 1422 ipsa,
624 1347 759 1408 studens
783 1349 905 1410 vulnus
928 1350 1076 1426 eJ'usdem

284 1442 517 1518 circumligare
532 1443 658 1516 fasciis,
675 1445 708 1505 et
722 1445 942 1507 medicamine
956 1461 1077 1508 curare

285 1533 421 1600 livorem
445 1540 642 1618 plagamque
661 1542 842 1603 tumentem
862 1543 935 1604 oleo
957 1543 1075 1604 conlo-

284 1650 373 1696 vere.
390 1636 481 1697 Unde
491 1636 599 1698 felicis
612 1639 853 1700 recordationis
864 1641 1076 1701 Innocentius

284 1747 370 1808 papa
385 1733 609 1808 praedecessor
622 1735 736 1796 noster
749 1735 789 1796 de
805 1736 1073 1806 reaedificatione,

284 1845 324 1890 ac
337 1830 427 1890 cultu
440 1831 608 1907 saepedicti
626 1832 774 1908 paradisi
787 1833 962 1906 sollicitus,
980 1849 1076 1895 sacro

285 1927 435 2002 generali
451 1928 565 1989 statuit
582 1928 786 2004 approbante
806 1930 965 2002 Concilio,
988 1932 1024 1993 ut
1042 1931 1076 1990 in

285 2023 427 2099 singulis
442 2024 553 2100 regnis
576 2025 646 2086 sive
667 2027 849 2102 provinciis
873 2027 914 2088 de
933 2026 1077 2088 triennio

283 2121 319 2182 in
355 2121 543 2191 triennium,
581 2122 673 2184 salvo
702 2125 779 2199 jure
813 2123 1076 2185 dioecesanorum

285 2217 478 2293 pontificum
500 2217 595 2279 lieret
618 2235 791 2282 commune
814 2221 994 2298 capitulum
1014 2220 1075 2281 ab·

285 2313 398 2374 batum
415 2315 513 2391 atque
527 2316 675 2392 priorum
692 2317 828 2379 abbates
846 2318 996 2395 proprios
1011 2333 1077 2379 non

285 2409 488 2483 habentium,
504 2413 559 2489 qui
575 2428 640 2474 non
656 2416 900 2476 consueverunt
915 2414 982 2476 tale
997 2417 1079 2476 Gon·

285 2507 399 2568 cilium
415 2509 594 2582 celebrare,
611 2511 652 2570 ad
673 2511 758 2587 quod
781 2511 928 2572 universi
945 2528 1077 2589 praepe-

285 2605 467 2666 dimentum
485 2621 550 2666 non
570 2607 730 2668 habentes
746 2609 941 2668 canonicum
957 2625 1079 2670 conve-

286 2702 397 2762 nirent
419 2701 506 2778 apud
532 2718 631 2764 unum
654 2702 694 2764 de
716 2705 927 2766 monasteriis
950 2706 991 2766 ad
1016 2706 1078 2767 boc

287 2799 401 2875 aptum
420 2800 594 2862 tractaturi
616 2801 656 2862 de
678 2801 750 2877 ipso
772 2801 808 2861 in
828 2802 949 2864 statum
965 2803 1079 2879 pristi-

287 2911 366 2956 num
381 2895 602 2968 reformando,
620 2899 653 2959 et
671 2897 795 2960 evulsis
813 2914 857 2960 ex
876 2915 915 2960 eo
931 2898 1078 2961 sentibus

285 2995 453 3065 vitiorum,
478 2995 511 3056 et
537 2994 702 3057 destructa
735 2995 827 3058 turre
860 2995 1076 3069 contusionis,

286 3091 374 3150 muri
398 3090 680 3154 reaedificarentur
702 3092 870 3166 destructi,
895 3095 927 3155 et
948 3093 1080 3170 planta-

287 3186 403 3246 rentur
417 3187 451 3247 in
464 3202 503 3248 eo
519 3185 655 3249 arbores
668 3205 838 3265 generosae
851 3189 988 3251 iacturae
1005 3207 1080 3251 um-

287 3282 460 3344 braculum
477 3284 659 3346 cultoribus
674 3286 744 3346 suis
759 3285 800 3346 ab
816 3287 909 3358 aestu,
925 3287 1079 3365 ipsosque

289 3380 462 3448 aturbine,
478 3383 512 3442 et
524 3381 636 3458 pluvia
649 3383 857 3458 protectura.
870 3387 992 3446 Verum
1005 3401 1080 3462 ope·

288 3479 383 3540 rante
409 3477 467 3538 illo
496 3481 590 3554 cujus
613 3479 739 3540 invidia
762 3495 851 3542 mors
881 3482 1018 3544 intravit
1043 3483 1078 3543 in

288 3575 457 3647 mundum,
475 3575 560 3653 quod
577 3590 642 3637 non
664 3577 736 3636 sine
751 3577 973 3640 amaritudine
986 3595 1080 3640 men-

286 3673 330 3734 tis
350 3672 537 3744 referimus,
550 3688 592 3734 ex
611 3673 845 3737 constitutione
867 3675 1025 3752 praedicta
1044 3677 1079 3737 in

288 3771 469 3832 memorato
494 3769 641 3831 Concilio
668 3770 780 3832 habita
809 3787 925 3848 parum
958 3773 1077 3844 adhuc,

288 3868 347 3928 aut
367 3867 451 3927 nihil
475 3867 628 3929 utilitatis
650 3867 819 3943 provenit3
845 3883 885 3930 eo
907 3870 993 3946 quod
1015 3869 1078 3932 ab·

288 3963 381 4024 batos
401 3964 433 4025 et
454 3964 581 4039 priores
603 3963 739 4026 abbates
759 3967 911 4042 proprios
930 3981 996 4027 non
1018 3983 1080 4028 na-

289 4059 421 4130 bentes,
451 4059 672 4134 neglexerunt
699 4060 739 4121 ad
768 4061 958 4138 huJusmodi
987 4065 1081 4140 capi-

288 4156 393 4218 tulum
431 4156 620 4228 convenire,
655 4172 695 4218 ac
727 4156 777 4229 hi,
815 4159 871 4234 qui
900 4159 1079 4235 praesidere

288 4253 430 4315 debeant
451 4252 558 4314 eidem
582 4253 720 4329 cogendi
741 4254 884 4316 rebelles
913 4273 979 4318 non
1004 4258 1080 4319 sunt

288 4350 354 4412 visi
389 4349 513 4412 habere
548 4349 694 4428 aliquam
725 4351 931 4428 potestatem,
968 4354 1001 4416 et
1030 4355 1079 4416 sic

288 4448 490 4526 usquemodo
519 4447 555 4508 in
581 4448 728 4508 stercore
754 4463 814 4510 suo
847 4450 1079 4526 computruere

283 4547 435 4624 jumenta
456 4546 489 4606 et
502 4545 599 4608 Moab
615 4545 650 4605 in
665 4546 735 4606 suis
755 4544 887 4607 foetibus
903 4548 1076 4624 requievit.

328 4645 420 4706 Licet
447 4643 550 4719 igitur
581 4642 669 4704 iacta
704 4643 858 4705 videatur
885 4643 1079 4722 desperabi-

289 4740 331 4804 lis
347 4741 445 4817 plaga
468 4743 551 4818 eJus,
564 4740 706 4802 seientes
723 4743 833 4802 tamen
849 4741 934 4818 quod
948 4758 1014 4803 non
1029 4743 1079 4803 est

289 4837 482 4900 abbreviata
504 4852 622 4897 manus
647 4837 789 4909 Domini,
807 4839 843 4900 ut
857 4839 988 4900 salvare
1012 4855 1079 4900 non

289 4933 395 5013 possit
420 4935 453 4995 et
475 4947 658 5010 excoquere
686 4932 829 4994 scoriam
853 4936 925 5010 ejus
946 4935 987 4995 ad
1012 4953 1077 5012 pu-

287 5049 372 5104 rum,
392 5047 453 5092 nec
467 5045 534 5092 non
547 5028 679 5090 auterre
692 5043 790 5090 omne
805 5031 958 5106 stagnum
974 5032 1076 5105 illius,

286 5147 326 5192 ac
341 5129 517 5190 restituere
527 5125 658 5203 judices
677 5129 750 5203 eJus
768 5129 804 5190 ut
820 5128 912 5204 prius
932 5128 1076 5202 luerunt,

287 5229 320 5290 et
334 5225 545 5288 consiliarios
561 5223 648 5286 sicut
658 5223 852 5301 antiquitus,
869 5227 1077 5303 compatien-

284 5329 335 5388 tes
357 5341 400 5386 ex
414 5323 531 5386 intimo
552 5321 662 5384 cordis
682 5337 783 5398 super
801 5323 1000 5386 contritione
1020 5326 1079 5388 Jo-

286 5422 379 5499 sepb,
396 5421 503 5482 adhuc
528 5419 693 5480 curationi
712 5423 784 5496 ejus
800 5420 956 5482 duximus
971 5422 1077 5483 insis-

285 5519 433 5590 tendum,
459 5517 651 5580 discretioni
670 5517 790 5579 vestrae
809 5533 869 5594 per
887 5520 1076 5596 Apostolica

286 5618 409 5696 scripta
425 5615 618 5678 mandantes
629 5615 791 5692 quatenus
806 5615 893 5692 apud
909 5621 1078 5679 monaste-

900 319 1076 380 HONORII
1098 321 1143 382 111
1165 321 1313 382 OPERA.
1861 321 1913 382 752

1129 479 1219 540 rium
1242 479 1355 540 Sancti
1382 477 1525 555 Remigii
1544 479 1717 542 flamensis
1743 477 1808 540 boc
1834 493 1911 542 armo

1131 576 1397 638 convocantesad
1408 576 1588 652 capitulum
1597 576 1743 645 abbates,
1751 575 1785 637 et
1795 575 1911 652 priores

1130 686 1196 732 non
1210 672 1368 734 babentes
1383 672 1518 734 abbates
1532 673 1683 750 proprios
1697 672 1766 734 tam
1783 685 1911 746 exemp-

1130 769 1182 828 tos
1210 783 1307 845 quam
1341 784 1407 830 non
1436 770 1606 846 exemptos
1640 767 1815 830 Remensis
1842 782 1911 843 pro·

1131 864 1249 926 vinciae
1279 866 1336 942 qui
1364 881 1431 926 non
1455 867 1699 928 consueverunt
1733 863 1911 941 hujusmodi

1131 961 1300 1024 celebrare
1340 963 1541 1039 capitulum,
1580 963 1696 1026 venire
1739 961 1782 1023 ad
1819 961 1909 1033 illud,
1985 1017 1986 1032 ,

1131 1057 1306 1120 dummodo
1331 1075 1397 1120 non
1422 1059 1490 1122 sint
1518 1057 1753 1136 impedimento
1780 1057 1909 1118 canoni·
1985 1065 1986 1124 ξ

1131 1169 1170 1216 oo
1201 1156 1396 1232 praepediti,
1440 1155 1622 1219 monitione
1656 1155 1831 1232 praemissa
1862 1170 1911 1230 per
1985 1217 1986 1228 ,

1132 1267 1306 1314 censuram
1335 1253 1598 1315 ecclesiasticam
1624 1251 1754 1314 sublato
1781 1250 1910 1328 cujusli-

1130 1347 1186 1410 bet
1206 1350 1492 1422 contradictionis,
1509 1351 1541 1412 et
1560 1347 1794 1426 appellationis
1817 1347 1912 1408 obsta·

1132 1445 1206 1506 culo
1239 1447 1460 1523 compellatis,
1488 1450 1522 1509 et
1548 1446 1717 1508 advocatis
1750 1445 1911 1506 caritative

1132 1542 1258 1603 duobus
1296 1543 1527 1605 cirterciensis
1553 1542 1681 1605 ordinis
1709 1542 1830 1604 vicinis
1854 1541 1909 1602 ab·

1131 1637 1273 1711 batibus,
1296 1641 1484 1716 procedatis
1510 1641 1546 1700 in
1574 1638 1799 1702 celebratione
1824 1637 1910 1714 capi-

1131 1735 1193 1797 tuli
1206 1738 1309 1797 Deum
1322 1737 1482 1800 habentes
1492 1752 1561 1814 pres
1574 1737 1681 1798 oculis
1692 1736 1791 1813 juxta
1805 1735 1912 1796 consti-

1132 1834 1292 1894 tutionem
1304 1835 1429 1896 concili
1444 1834 1634 1908 memorati;
1651 1833 1766 1895 eadem
1782 1847 1911 1893 censura

1132 1929 1264 2002 tacturi,
1290 1948 1364 2008 quae
1390 1933 1426 1993 in
1452 1949 1491 1994 eo
1520 1931 1760 1992 deliberatione
1787 1930 1911 2006 provida

1132 2026 1258 2089 tuerint
1278 2029 1432 2091 ordinata
1448 2029 1586 2090 tirmiter
1597 2027 1780 2098 observari,
1797 2028 1828 2088 et
1845 2025 1913 2086 red-

1133 2123 1233 2185 dituri
1249 2126 1399 2197 Domino,
1411 2126 1447 2186 in
1457 2128 1552 2202 cujus
1564 2125 1700 2201 aspectu
1712 2125 1822 2184 omnia
1833 2122 1911 2182 nuda

1133 2223 1209 2283 sunt
1224 2224 1256 2284 et
1271 2223 1385 2298 aperta
1400 2223 1436 2284 iu
1453 2225 1601 2283 extremo
1616 2221 1670 2282 die
1682 2219 1822 2282 districti
1835 2235 1911 2280 exa-

1133 2318 1233 2378 minis
1250 2320 1425 2390 rationem,
1450 2319 1478 2379 si
1502 2333 1631 2379 omnem
1654 2316 1909 2384 sollicitudinem,
1985 2373 1986 2376 ,

1133 2419 1166 2476 et
1187 2415 1393 2491 diligentiam
1415 2431 1488 2492 quae
1510 2415 1600 2476 circa
1621 2414 1865 2484 correctionem,
1883 2413 1912 2472 et

1133 2511 1401 2574 reformationem
1421 2513 1558 2584 ordinis,
1576 2511 1912 2572 acvisitationemcoe·
1985 2513 1986 2516 ’

1134 2609 1307 2670 nobiorum
1341 2609 1537 2672 adlribendae
1560 2609 1687 2670 luerint
1708 2606 1910 2683 neglexeritis

1134 2705 1303 2767 adbibere.
1317 2709 1359 2768 Ut
1373 2707 1483 2768 autem
1496 2721 1569 2782 quaa
1585 2705 1709 2766 statuta
1721 2704 1911 2765 luerintma·

1133 2802 1184 2877 gis
1196 2803 1372 2864 teneantur
1391 2803 1591 2872 memoriter,
1610 2801 1643 2863 et
1663 2803 1846 2871 serventur,
1860 2815 1911 2860 ro·

1133 2899 1243 2960 lumus
1262 2901 1294 2961 et
1310 2899 1518 2970 mandamus,
1530 2900 1567 2960 ut
1584 2897 1776 2976 hujusmodi
1791 2897 1909 2973 capitu·

1134 2995 1202 3058 lum
1225 2995 1260 3056 in
1282 2996 1423 3072 singulis
1440 2996 1552 3072 regnis
1569 2995 1639 3056 sive
1654 2993 1845 3070 provinciis
1858 3009 1910 3053 an·

1133 3094 1186 3153 nis
1206 3093 1357 3168 singulis,
1387 3091 1583 3164 celebretur,
1608 3106 1768 3154 concessa
1793 3091 1840 3152 eis
1862 3087 1933 3166 qui‘

1133 3191 1173 3251 ad
1183 3190 1440 3266 praesidendum,
1450 3191 1547 3250 annis
1557 3185 1850 3265 suturis,'oapitulis
1864 3202 1910 3247 ce·

1134 3287 1301 3348 lebrandis
1312 3286 1435 3348 tuerint
1446 3286 1603 3354 ordinati,
1613 3283 1910 3347 convocandiabba·
1985 3333 1986 3356 ,

1133 3385 1193 3455 tes,
1217 3386 1250 3446 et
1273 3385 1402 3460 priores
1434 3383 1622 3460 praedictos,
1642 3383 1676 3444 et
1704 3381 1843 3458 cogendi
1865 3397 1911 3442 re-

1133 3480 1248 3553 belles,
1270 3481 1492 3558 appellatione
1514 3479 1706 3556 postposita,
1732 3480 1834 3542 simili
1856 3494 1908 3555 po-

1133 3577 1251 3638 testate
1288 3577 1490 3653 adjacentes,
1519 3578 1554 3636 ut
1587 3575 1616 3636 si
1649 3575 1839 3638 visitatores
1864 3573 1910 3650 qui

1133 3672 1257 3735 luerint
1276 3673 1312 3734 in
1331 3673 1446 3734 eodem
1462 3672 1606 3735 ordinati
1621 3673 1777 3749 capitulO,
1795 3672 1909 3748 aliquos

1134 3773 1303 3847 exemptos
1325 3770 1514 3831 invenerint
1532 3769 1756 3846 deponendos,
1770 3768 1804 3830 id
1819 3772 1910 3844 apos·

1134 3868 1242 3928 tolicae
1263 3868 1339 3929 Sedi
1359 3881 1426 3928 non
1443 3866 1599 3929 differant
1618 3867 1784 3938 nuntiare,
1801 3867 1834 3926 in
1856 3879 1910 3926 ce-

1134 3964 1214 4024 teris
1221 3967 1324 4040 juxta.
1334 3963 1473 4026 sormam
1495 3963 1664 4040 saepedicti
1682 3963 1822 4025 Consilii
1839 3977 1909 4040 pro-
1985 4031 1986 4050 χ

1134 4061 1273 4132 cessuri,
1299 4060 1328 4121 si
1356 4060 1441 4122 torte
1466 4061 1679 4122 convertatur
1702 4061 1867 4131 Dominus,
1883 4057 1910 4118 et

1133 4159 1295 4235 ignoscat,
1313 4159 1347 4220 et
1366 4157 1558 4234 relinquens
1574 4159 1648 4233 post
1662 4173 1699 4218 se
1715 4157 1908 4220 benedictio·

1134 4254 1369 4331 nem,gloriam
1381 4253 1498 4315 Libani
1511 4254 1567 4316 det
1581 4254 1722 4325 deserto,
1736 4257 1769 4317 et
1783 4251 1909 4315 Carmeli

1134 4353 1297 4414 decorem.
1310 4353 1395 4412 Ecce
1412 4351 1630 4426 praesentibus
1643 4352 1847 4413 ostendimus
1863 4365 1909 4410 re·

1133 4448 1909 4526 gularibussemetipsis,utaquo,inquid,etper

1133 4547 1219 4624 quod
1235 4546 1426 4618 ceciderint,
1442 4546 1587 4626 videant,
1603 4547 1799 4622 recogitent,
1815 4548 1848 4607 et
1863 4545 1909 4604 iu·
1985 4591 1986 4602 ,

1132 4643 1295 4719 telligant,
1321 4658 1360 4703 ao
1383 4657 1458 4703 cum
1483 4643 1590 4718 Magis
1617 4641 1833 4703 offerentibus
1855 4643 1909 4701 Do·
1985 4653 1986 4656 ’

1133 4739 1222 4801 minc
1244 4755 1392 4811 munera,
1408 4754 1467 4816 per
1485 4739 1586 4800 aliam
1600 4739 1690 4800 uam
1705 4739 1740 4799 in
1761 4755 1853 4800 suam
1864 4751 1909 4797 ra-
1985 4725 1986 4792 f

1132 4838 1218 4900 verti
1239 4837 1393 4900 studeant
1413 4837 1595 4912 regionem.
1616 4837 1734 4898 Datum
1754 4832 1905 4901 Laterani,
1985 4821 1986 4840 ¹

1133 4937 1177 4995 IX
1193 4934 1353 4996 kalendas
1364 4934 1525 5011 januarii,
1539 4948 1628 4996 anno
1643 4948 1743 4995 nono.

1172 5133 1215 5192 ln
1241 5133 1399 5191 crambem
1421 5131 1560 5190 modum
1586 5130 1828 5202 scriptumest
1850 5130 1906 5188 ite·

1132 5227 1240 5289 mensi
1264 5226 1526 5303 archiepiscopo,
1547 5226 1580 5287 et
1606 5225 1826 5303 suffraganeis
1845 5227 1906 5302 ejus

1131 5339 1239 5398 usque
1261 5323 1423 5384 decorem.
1441 5323 1602 5394 Quocirca
1621 5323 1829 5385 universitati
1841 5335 1907 5382 ves·

1132 5423 1192 5484 trae
1209 5436 1268 5498 per
1280 5419 1470 5496 apostolica
1485 5419 1608 5495 scripta
1626 5419 1819 5481 mandamus
1832 5432 1907 5496 prae·

1132 5517 1296 5595 cipiendo,
1311 5517 1473 5604 quatenus
1486 5517 1632 5578 rectores
1647 5517 1905 5580 monasteriorum

1131 5618 1316 5679 vestrarum
1339 5614 1516 5676 direcesum
1534 5629 1615 5690 qnos
1630 5615 1816 5678 visitatores
1828 5627 1903 5691 pra-
