<?xml version="1.0" encoding="UTF-8"?>
<!DOCTYPE html PUBLIC "-//W3C//DTD XHTML 1.0 Transitional//EN"
    "http://www.w3.org/TR/xhtml1/DTD/xhtml1-transitional.dtd">
<html xmlns="http://www.w3.org/1999/xhtml" xml:lang="en" lang="en">
 <head>
  <title>
</title>
<meta http-equiv="Content-Type" content="text/html;charset=utf-8" />
  <meta name='ocr-system' content='tesseract 3.04.00' />
  <meta name='ocr-capabilities' content='ocr_page ocr_carea ocr_par ocr_line ocrx_word'/>
</head>
<body>
  <div class='ocr_page' id='page_1' title='image "./mediiaevibiblio06bottgoog_0112.png"; bbox 0 0 4104 6330; ppageno 0'>
   <div class='ocr_carea' id='block_1_1' title="bbox 112 347 163 410">
    <p class='ocr_par' dir='ltr' id='par_1_1' title="bbox 112 347 163 410">
     <span class='ocr_line' id='line_1_1' title="bbox 112 347 163 410; baseline 0 0"><span class='ocrx_word' id='word_1_1' title='bbox 112 347 163 410; x_wconf 75' lang='lat'><strong>193</strong></span> 
     </span>
    </p>
   </div>
   <div class='ocr_carea' id='block_1_2' title="bbox 100 502 884 5362">
    <p class='ocr_par' dir='ltr' id='par_1_2' title="bbox 100 502 884 5362">
     <span class='ocr_line' id='line_1_2' title="bbox 110 502 882 582; baseline -0.001 -13"><span class='ocrx_word' id='word_1_2' title='bbox 110 507 145 570; x_wconf 87' lang='lat' dir='ltr'><strong>ed</strong></span> <span class='ocrx_word' id='word_1_3' title='bbox 169 519 238 566; x_wconf 91' lang='lat' dir='ltr'><strong>eum</strong></span> <span class='ocrx_word' id='word_1_4' title='bbox 263 504 297 564; x_wconf 92' lang='lat' dir='ltr'><strong>in</strong></span> <span class='ocrx_word' id='word_1_5' title='bbox 318 502 535 567; x_wconf 77' lang='lat' dir='ltr'><strong>tribulatione</strong></span> <span class='ocrx_word' id='word_1_6' title='bbox 552 505 663 582; x_wconf 84' lang='lat' dir='ltr'><strong>justos</strong></span> <span class='ocrx_word' id='word_1_7' title='bbox 687 508 882 581; x_wconf 80' lang='lat' dir='ltr'><strong>exaudiens,</strong></span> 
     </span>
     <span class='ocr_line' id='line_1_3' title="bbox 108 601 883 677; baseline 0.001 -11"><span class='ocrx_word' id='word_1_8' title='bbox 108 619 165 666; x_wconf 89' lang='lat' dir='ltr'><strong>non</strong></span> <span class='ocrx_word' id='word_1_9' title='bbox 174 601 274 663; x_wconf 90' lang='lat' dir='ltr'><strong>solum</strong></span> <span class='ocrx_word' id='word_1_10' title='bbox 285 616 343 662; x_wconf 91' lang='lat' dir='ltr'><strong>eos</strong></span> <span class='ocrx_word' id='word_1_11' title='bbox 353 603 615 664; x_wconf 88' lang='lat' dir='ltr'><strong>misericorditer</strong></span> <span class='ocrx_word' id='word_1_12' title='bbox 625 602 754 677; x_wconf 90' lang='lat' dir='ltr'><strong>liberat,</strong></span> <span class='ocrx_word' id='word_1_13' title='bbox 766 621 883 667; x_wconf 79' lang='lat' dir='ltr'><strong>serum</strong></span> 
     </span>
     <span class='ocr_line' id='line_1_4' title="bbox 108 699 883 778; baseline 0.003 -16"><span class='ocrx_word' id='word_1_14' title='bbox 108 703 195 762; x_wconf 76' lang='lat' dir='ltr'><strong>edam</strong></span> <span class='ocrx_word' id='word_1_15' title='bbox 212 699 361 776; x_wconf 87' lang='lat' dir='ltr'><strong>potenter</strong></span> <span class='ocrx_word' id='word_1_16' title='bbox 381 699 517 772; x_wconf 79' lang='lat' dir='ltr'><strong>exaltat,</strong></span> <span class='ocrx_word' id='word_1_17' title='bbox 545 700 641 762; x_wconf 90' lang='lat' dir='ltr'><strong>nobis</strong></span> <span class='ocrx_word' id='word_1_18' title='bbox 661 717 727 762; x_wconf 90' lang='lat' dir='ltr'><strong>non</strong></span> <span class='ocrx_word' id='word_1_19' title='bbox 748 702 883 778; x_wconf 90' lang='lat' dir='ltr'><strong>indigne</strong></span> 
     </span>
     <span class='ocr_line' id='line_1_5' title="bbox 107 795 880 874; baseline 0.001 -16"><span class='ocrx_word' id='word_1_20' title='bbox 107 797 288 869; x_wconf 82' lang='lat' dir='ltr'><strong>blandimur,</strong></span> <span class='ocrx_word' id='word_1_21' title='bbox 315 797 401 874; x_wconf 93' lang='lat' dir='ltr'><strong>quod</strong></span> <span class='ocrx_word' id='word_1_22' title='bbox 425 799 511 858; x_wconf 91' lang='lat' dir='ltr'><strong>siout</strong></span> <span class='ocrx_word' id='word_1_23' title='bbox 534 813 622 859; x_wconf 92' lang='lat' dir='ltr'><strong>nunc</strong></span> <span class='ocrx_word' id='word_1_24' title='bbox 643 795 880 872; x_wconf 75' lang='lat' dir='ltr'><strong>tribulationis,</strong></span> 
     </span>
     <span class='ocr_line' id='line_1_6' title="bbox 107 893 882 974; baseline 0.003 -18"><span class='ocrx_word' id='word_1_25' title='bbox 107 896 147 956; x_wconf 87' lang='lat' dir='ltr'><strong>ita</strong></span> <span class='ocrx_word' id='word_1_26' title='bbox 160 897 188 956; x_wconf 90' lang='lat' dir='ltr'><strong>et</strong></span> <span class='ocrx_word' id='word_1_27' title='bbox 201 893 313 969; x_wconf 88' lang='lat' dir='ltr'><strong>gloriae</strong></span> <span class='ocrx_word' id='word_1_28' title='bbox 326 894 459 956; x_wconf 89' lang='lat' dir='ltr'><strong>tandem</strong></span> <span class='ocrx_word' id='word_1_29' title='bbox 474 897 546 972; x_wconf 86' lang='lat' dir='ltr'><strong>ejus</strong></span> <span class='ocrx_word' id='word_1_30' title='bbox 562 896 687 956; x_wconf 89' lang='lat' dir='ltr'><strong>erimus</strong></span> <span class='ocrx_word' id='word_1_31' title='bbox 702 897 882 974; x_wconf 83' lang='lat' dir='ltr'><strong>participes</strong></span> 
     </span>
     <span class='ocr_line' id='line_1_7' title="bbox 108 991 882 1071; baseline 0.001 -17"><span class='ocrx_word' id='word_1_32' title='bbox 108 993 136 1054; x_wconf 92' lang='lat' dir='ltr'><strong>et</strong></span> <span class='ocrx_word' id='word_1_33' title='bbox 146 993 306 1054; x_wconf 84' lang='lat' dir='ltr'><strong>consortes</strong></span> <span class='ocrx_word' id='word_1_34' title='bbox 319 1013 327 1052; x_wconf 75' lang='grc' dir='ltr'><strong>ε</strong></span> <span class='ocrx_word' id='word_1_35' title='bbox 342 991 398 1052; x_wconf 86' lang='lat' dir='ltr'><strong>sed</strong></span> <span class='ocrx_word' id='word_1_36' title='bbox 411 991 472 1054; x_wconf 90' lang='lat' dir='ltr'><strong>tihi</strong></span> <span class='ocrx_word' id='word_1_37' title='bbox 482 993 629 1068; x_wconf 76' lang='lat' dir='ltr'><strong>gravius,</strong></span> <span class='ocrx_word' id='word_1_38' title='bbox 646 994 674 1054; x_wconf 92' lang='lat' dir='ltr'><strong>si</strong></span> <span class='ocrx_word' id='word_1_39' title='bbox 688 996 799 1056; x_wconf 89' lang='lat' dir='ltr'><strong>tamen</strong></span> <span class='ocrx_word' id='word_1_40' title='bbox 810 995 882 1071; x_wconf 88' lang='lat' dir='ltr'><strong>ipsa</strong></span> 
     </span>
     <span class='ocr_line' id='line_1_8' title="bbox 107 1089 882 1167; baseline 0.003 -17"><span class='ocrx_word' id='word_1_41' title='bbox 107 1089 215 1158; x_wconf 81' lang='lat' dir='ltr'><strong>doleas,</strong></span> <span class='ocrx_word' id='word_1_42' title='bbox 236 1089 462 1161; x_wconf 79' lang='lat' dir='ltr'><strong>condolemus,</strong></span> <span class='ocrx_word' id='word_1_43' title='bbox 483 1090 550 1151; x_wconf 92' lang='lat' dir='ltr'><strong>imo</strong></span> <span class='ocrx_word' id='word_1_44' title='bbox 574 1091 725 1154; x_wconf 88' lang='lat' dir='ltr'><strong>dolemus</strong></span> <span class='ocrx_word' id='word_1_45' title='bbox 747 1092 882 1167; x_wconf 61' lang='lat' dir='ltr'><strong>gravis</strong></span> 
     </span>
     <span class='ocr_line' id='line_1_9' title="bbox 107 1185 883 1264; baseline 0.006 -18"><span class='ocrx_word' id='word_1_46' title='bbox 107 1186 186 1257; x_wconf 90' lang='lat' dir='ltr'><strong>sime,</strong></span> <span class='ocrx_word' id='word_1_47' title='bbox 208 1185 293 1263; x_wconf 93' lang='lat' dir='ltr'><strong>quod</strong></span> <span class='ocrx_word' id='word_1_48' title='bbox 317 1202 385 1247; x_wconf 90' lang='lat' dir='ltr'><strong>non</strong></span> <span class='ocrx_word' id='word_1_49' title='bbox 403 1185 495 1248; x_wconf 91' lang='lat' dir='ltr'><strong>doles</strong></span> <span class='ocrx_word' id='word_1_50' title='bbox 514 1187 547 1250; x_wconf 90' lang='lat' dir='ltr'><strong>te</strong></span> <span class='ocrx_word' id='word_1_51' title='bbox 569 1203 629 1264; x_wconf 91' lang='lat' dir='ltr'><strong>pro</strong></span> <span class='ocrx_word' id='word_1_52' title='bbox 650 1189 835 1250; x_wconf 80' lang='lat' dir='ltr'><strong>manifestis</strong></span> <span class='ocrx_word' id='word_1_53' title='bbox 850 1192 883 1251; x_wconf 90' lang='lat' dir='ltr'><strong>ot</strong></span> 
     </span>
     <span class='ocr_line' id='line_1_10' title="bbox 106 1282 883 1360; baseline 0.003 -16"><span class='ocrx_word' id='word_1_54' title='bbox 106 1282 279 1345; x_wconf 86' lang='lat' dir='ltr'><strong>enormibus</strong></span> <span class='ocrx_word' id='word_1_55' title='bbox 295 1283 402 1360; x_wconf 88' lang='lat' dir='ltr'><strong>culpis</strong></span> <span class='ocrx_word' id='word_1_56' title='bbox 416 1283 494 1355; x_wconf 89' lang='lat' dir='ltr'><strong>tuis,</strong></span> <span class='ocrx_word' id='word_1_57' title='bbox 511 1285 603 1347; x_wconf 89' lang='lat' dir='ltr'><strong>Petri</strong></span> <span class='ocrx_word' id='word_1_58' title='bbox 617 1285 729 1360; x_wconf 90' lang='lat' dir='ltr'><strong>gladic</strong></span> <span class='ocrx_word' id='word_1_59' title='bbox 744 1286 883 1348; x_wconf 89' lang='lat' dir='ltr'><strong>medici-</strong></span> 
     </span>
     <span class='ocr_line' id='line_1_11' title="bbox 105 1380 881 1458; baseline 0.006 -18"><span class='ocrx_word' id='word_1_60' title='bbox 105 1380 164 1442; x_wconf 89' lang='lat' dir='ltr'><strong>nali</strong></span> <span class='ocrx_word' id='word_1_61' title='bbox 175 1395 377 1457; x_wconf 81' lang='lat' dir='ltr'><strong>percussum,</strong></span> <span class='ocrx_word' id='word_1_62' title='bbox 393 1381 450 1458; x_wconf 90' lang='lat' dir='ltr'><strong>qui</strong></span> <span class='ocrx_word' id='word_1_63' title='bbox 470 1383 557 1444; x_wconf 87' lang='lat' dir='ltr'><strong>sicut</strong></span> <span class='ocrx_word' id='word_1_64' title='bbox 570 1382 752 1444; x_wconf 86' lang='lat' dir='ltr'><strong>humilibus</strong></span> <span class='ocrx_word' id='word_1_65' title='bbox 767 1384 801 1446; x_wconf 90' lang='lat' dir='ltr'><strong>et</strong></span> <span class='ocrx_word' id='word_1_66' title='bbox 820 1383 881 1445; x_wconf 90' lang='lat' dir='ltr'><strong>de-</strong></span> 
     </span>
     <span class='ocr_line' id='line_1_12' title="bbox 104 1478 882 1558; baseline 0.003 -18"><span class='ocrx_word' id='word_1_67' title='bbox 104 1479 177 1540; x_wconf 80' lang='lat' dir='ltr'><strong>uotis</strong></span> <span class='ocrx_word' id='word_1_68' title='bbox 190 1478 431 1542; x_wconf 83' lang='lat' dir='ltr'><strong>revertentibus</strong></span> <span class='ocrx_word' id='word_1_69' title='bbox 444 1479 486 1540; x_wconf 90' lang='lat' dir='ltr'><strong>ad</strong></span> <span class='ocrx_word' id='word_1_70' title='bbox 499 1479 740 1556; x_wconf 80' lang='lat' dir='ltr'><strong>percutientem</strong></span> <span class='ocrx_word' id='word_1_71' title='bbox 756 1497 803 1552; x_wconf 92' lang='lat' dir='ltr'><strong>se,</strong></span> <span class='ocrx_word' id='word_1_72' title='bbox 825 1483 882 1558; x_wconf 91' lang='lat' dir='ltr'><strong>qui</strong></span> 
     </span>
     <span class='ocr_line' id='line_1_13' title="bbox 104 1575 883 1649; baseline 0.005 -13"><span class='ocrx_word' id='word_1_73' title='bbox 104 1575 241 1638; x_wconf 80' lang='lat' dir='ltr'><strong>rmnerat</strong></span> <span class='ocrx_word' id='word_1_74' title='bbox 259 1576 292 1638; x_wconf 90' lang='lat' dir='ltr'><strong>et</strong></span> <span class='ocrx_word' id='word_1_75' title='bbox 308 1576 470 1649; x_wconf 88' lang='lat' dir='ltr'><strong>medetur,</strong></span> <span class='ocrx_word' id='word_1_76' title='bbox 487 1592 590 1638; x_wconf 89' lang='lat' dir='ltr'><strong>causa</strong></span> <span class='ocrx_word' id='word_1_77' title='bbox 605 1577 742 1640; x_wconf 82' lang='lat' dir='ltr'><strong>evidens</strong></span> <span class='ocrx_word' id='word_1_78' title='bbox 757 1582 807 1640; x_wconf 90' lang='lat' dir='ltr'><strong>est</strong></span> <span class='ocrx_word' id='word_1_79' title='bbox 827 1595 883 1640; x_wconf 90' lang='lat' dir='ltr'><strong>sa-</strong></span> 
     </span>
     <span class='ocr_line' id='line_1_14' title="bbox 104 1671 881 1752; baseline 0.008 -20"><span class='ocrx_word' id='word_1_80' title='bbox 104 1671 181 1744; x_wconf 85' lang='lat' dir='ltr'><strong>lutis,</strong></span> <span class='ocrx_word' id='word_1_81' title='bbox 193 1673 237 1734; x_wconf 91' lang='lat' dir='ltr'><strong>ita</strong></span> <span class='ocrx_word' id='word_1_82' title='bbox 249 1673 429 1750; x_wconf 88' lang='lat' dir='ltr'><strong>perversis,</strong></span> <span class='ocrx_word' id='word_1_83' title='bbox 445 1675 500 1752; x_wconf 91' lang='lat' dir='ltr'><strong>qui</strong></span> <span class='ocrx_word' id='word_1_84' title='bbox 511 1675 663 1751; x_wconf 85' lang='lat' dir='ltr'><strong>percussi</strong></span> <span class='ocrx_word' id='word_1_85' title='bbox 677 1690 744 1736; x_wconf 90' lang='lat' dir='ltr'><strong>non</strong></span> <span class='ocrx_word' id='word_1_86' title='bbox 757 1676 881 1750; x_wconf 90' lang='lat' dir='ltr'><strong>dolent,</strong></span> 
     </span>
     <span class='ocr_line' id='line_1_15' title="bbox 106 1770 880 1849; baseline 0.004 -17"><span class='ocrx_word' id='word_1_87' title='bbox 106 1771 133 1832; x_wconf 89' lang='lat' dir='ltr'><strong>et</strong></span> <span class='ocrx_word' id='word_1_88' title='bbox 160 1770 260 1832; x_wconf 86' lang='lat' dir='ltr'><strong>attriti</strong></span> <span class='ocrx_word' id='word_1_89' title='bbox 295 1773 442 1832; x_wconf 89' lang='lat' dir='ltr'><strong>renuunt</strong></span> <span class='ocrx_word' id='word_1_90' title='bbox 475 1771 628 1849; x_wconf 91' lang='lat' dir='ltr'><strong>accipere</strong></span> <span class='ocrx_word' id='word_1_91' title='bbox 659 1772 880 1849; x_wconf 81' lang='lat' dir='ltr'><strong>disciplinam,</strong></span> 
     </span>
     <span class='ocr_line' id='line_1_16' title="bbox 104 1867 883 1944; baseline 0.005 -16"><span class='ocrx_word' id='word_1_92' title='bbox 104 1867 283 1944; x_wconf 83' lang='lat' dir='ltr'><strong>perditionis</strong></span> <span class='ocrx_word' id='word_1_93' title='bbox 305 1868 357 1930; x_wconf 90' lang='lat' dir='ltr'><strong>est</strong></span> <span class='ocrx_word' id='word_1_94' title='bbox 378 1869 509 1931; x_wconf 86' lang='lat' dir='ltr'><strong>occasio</strong></span> <span class='ocrx_word' id='word_1_95' title='bbox 533 1868 721 1932; x_wconf 86' lang='lat' dir='ltr'><strong>manifesta.</strong></span> <span class='ocrx_word' id='word_1_96' title='bbox 748 1871 883 1932; x_wconf 89' lang='lat' dir='ltr'><strong>Utinam</strong></span> 
     </span>
     <span class='ocr_line' id='line_1_17' title="bbox 105 1964 882 2042; baseline 0.006 -18"><span class='ocrx_word' id='word_1_97' title='bbox 105 1967 201 2026; x_wconf 88' lang='lat' dir='ltr'><strong>autem</strong></span> <span class='ocrx_word' id='word_1_98' title='bbox 215 1981 256 2026; x_wconf 90' lang='lat' dir='ltr'><strong>ne</strong></span> <span class='ocrx_word' id='word_1_99' title='bbox 276 1964 337 2027; x_wconf 90' lang='lat' dir='ltr'><strong>tiat</strong></span> <span class='ocrx_word' id='word_1_100' title='bbox 357 1965 555 2027; x_wconf 89' lang='lat' dir='ltr'><strong>incurabilis</strong></span> <span class='ocrx_word' id='word_1_101' title='bbox 579 1965 677 2042; x_wconf 84' lang='lat' dir='ltr'><strong>plaga</strong></span> <span class='ocrx_word' id='word_1_102' title='bbox 697 1967 767 2038; x_wconf 91' lang='lat' dir='ltr'><strong>tua,</strong></span> <span class='ocrx_word' id='word_1_103' title='bbox 789 1967 822 2028; x_wconf 88' lang='lat' dir='ltr'><strong>et</strong></span> <span class='ocrx_word' id='word_1_104' title='bbox 842 1983 882 2029; x_wconf 91' lang='lat' dir='ltr'><strong>eo</strong></span> 
     </span>
     <span class='ocr_line' id='line_1_18' title="bbox 103 2062 883 2140; baseline 0.003 -18"><span class='ocrx_word' id='word_1_105' title='bbox 103 2062 296 2134; x_wconf 72' lang='lat' dir='ltr'><strong>insanabilis</strong></span> <span class='ocrx_word' id='word_1_106' title='bbox 314 2079 379 2140; x_wconf 92' lang='lat' dir='ltr'><strong>quc</strong></span> <span class='ocrx_word' id='word_1_107' title='bbox 401 2062 607 2128; x_wconf 91' lang='lat' dir='ltr'><strong>insensibilis</strong></span> <span class='ocrx_word' id='word_1_108' title='bbox 622 2062 795 2138; x_wconf 86' lang='lat' dir='ltr'><strong>habeatur,</strong></span> <span class='ocrx_word' id='word_1_109' title='bbox 813 2064 883 2126; x_wconf 92' lang='lat' dir='ltr'><strong>sal-</strong></span> 
     </span>
     <span class='ocr_line' id='line_1_19' title="bbox 103 2159 882 2232; baseline 0.003 -12"><span class='ocrx_word' id='word_1_110' title='bbox 103 2161 158 2220; x_wconf 86' lang='lat' dir='ltr'><strong>tem</strong></span> <span class='ocrx_word' id='word_1_111' title='bbox 169 2159 283 2222; x_wconf 90' lang='lat' dir='ltr'><strong>amodo</strong></span> <span class='ocrx_word' id='word_1_112' title='bbox 295 2159 464 2232; x_wconf 85' lang='lat' dir='ltr'><strong>tedolens,</strong></span> <span class='ocrx_word' id='word_1_113' title='bbox 479 2177 546 2222; x_wconf 92' lang='lat' dir='ltr'><strong>non</strong></span> <span class='ocrx_word' id='word_1_114' title='bbox 562 2160 723 2222; x_wconf 87' lang='lat' dir='ltr'><strong>hactenus</strong></span> <span class='ocrx_word' id='word_1_115' title='bbox 734 2160 882 2222; x_wconf 88' lang='lat' dir='ltr'><strong>doluisse</strong></span> 
     </span>
     <span class='ocr_line' id='line_1_20' title="bbox 103 2256 882 2334; baseline 0.008 -18"><span class='ocrx_word' id='word_1_116' title='bbox 103 2256 259 2332; x_wconf 88' lang='lat' dir='ltr'><strong>inspicias,</strong></span> <span class='ocrx_word' id='word_1_117' title='bbox 283 2272 346 2318; x_wconf 91' lang='lat' dir='ltr'><strong>nec</strong></span> <span class='ocrx_word' id='word_1_118' title='bbox 361 2257 525 2334; x_wconf 88' lang='lat' dir='ltr'><strong>despicias</strong></span> <span class='ocrx_word' id='word_1_119' title='bbox 541 2273 639 2334; x_wconf 92' lang='lat' dir='ltr'><strong>quam</strong></span> <span class='ocrx_word' id='word_1_120' title='bbox 659 2259 807 2332; x_wconf 84' lang='lat' dir='ltr'><strong>graviter</strong></span> <span class='ocrx_word' id='word_1_121' title='bbox 824 2260 882 2322; x_wconf 89' lang='lat' dir='ltr'><strong>tuo</strong></span> 
     </span>
     <span class='ocr_line' id='line_1_21' title="bbox 104 2354 881 2433; baseline 0.004 -19"><span class='ocrx_word' id='word_1_122' title='bbox 104 2354 264 2430; x_wconf 85' lang='lat' dir='ltr'><strong>displiceas</strong></span> <span class='ocrx_word' id='word_1_123' title='bbox 278 2355 439 2426; x_wconf 87' lang='lat' dir='ltr'><strong>Creatori,</strong></span> <span class='ocrx_word' id='word_1_124' title='bbox 457 2356 513 2433; x_wconf 93' lang='lat' dir='ltr'><strong>qui</strong></span> <span class='ocrx_word' id='word_1_125' title='bbox 528 2371 603 2417; x_wconf 91' lang='lat' dir='ltr'><strong>cum</strong></span> <span class='ocrx_word' id='word_1_126' title='bbox 617 2355 706 2417; x_wconf 90' lang='lat' dir='ltr'><strong>inter</strong></span> <span class='ocrx_word' id='word_1_127' title='bbox 717 2356 784 2416; x_wconf 90' lang='lat' dir='ltr'><strong>alia</strong></span> <span class='ocrx_word' id='word_1_128' title='bbox 799 2371 881 2432; x_wconf 90' lang='lat' dir='ltr'><strong>gra-</strong></span> 
     </span>
     <span class='ocr_line' id='line_1_22' title="bbox 102 2451 884 2530; baseline 0.004 -19"><span class='ocrx_word' id='word_1_129' title='bbox 102 2451 149 2512; x_wconf 82' lang='lat' dir='ltr'><strong>tiae</strong></span> <span class='ocrx_word' id='word_1_130' title='bbox 170 2467 235 2513; x_wconf 84' lang='lat' dir='ltr'><strong>suae</strong></span> <span class='ocrx_word' id='word_1_131' title='bbox 261 2452 349 2514; x_wconf 87' lang='lat' dir='ltr'><strong>dona</strong></span> <span class='ocrx_word' id='word_1_132' title='bbox 377 2454 410 2515; x_wconf 92' lang='lat' dir='ltr'><strong>te</strong></span> <span class='ocrx_word' id='word_1_133' title='bbox 436 2453 478 2514; x_wconf 87' lang='lat' dir='ltr'><strong>ad</strong></span> <span class='ocrx_word' id='word_1_134' title='bbox 505 2453 601 2530; x_wconf 88' lang='lat' dir='ltr'><strong>regni</strong></span> <span class='ocrx_word' id='word_1_135' title='bbox 627 2454 749 2514; x_wconf 88' lang='lat' dir='ltr'><strong>solium</strong></span> <span class='ocrx_word' id='word_1_136' title='bbox 777 2453 884 2514; x_wconf 85' lang='lat' dir='ltr'><strong>subli-</strong></span> 
     </span>
     <span class='ocr_line' id='line_1_23' title="bbox 104 2550 882 2628; baseline 0.005 -20"><span class='ocrx_word' id='word_1_137' title='bbox 104 2550 202 2621; x_wconf 82' lang='lat' dir='ltr'><strong>marit,</strong></span> <span class='ocrx_word' id='word_1_138' title='bbox 215 2551 251 2612; x_wconf 92' lang='lat' dir='ltr'><strong>ut</strong></span> <span class='ocrx_word' id='word_1_139' title='bbox 261 2552 296 2612; x_wconf 91' lang='lat' dir='ltr'><strong>te</strong></span> <span class='ocrx_word' id='word_1_140' title='bbox 307 2565 346 2612; x_wconf 91' lang='lat' dir='ltr'><strong>ac</strong></span> <span class='ocrx_word' id='word_1_141' title='bbox 361 2550 509 2612; x_wconf 88' lang='lat' dir='ltr'><strong>subditos</strong></span> <span class='ocrx_word' id='word_1_142' title='bbox 522 2553 597 2612; x_wconf 89' lang='lat' dir='ltr'><strong>tuos</strong></span> <span class='ocrx_word' id='word_1_143' title='bbox 611 2551 651 2612; x_wconf 88' lang='lat' dir='ltr'><strong>ad</strong></span> <span class='ocrx_word' id='word_1_144' title='bbox 665 2553 737 2628; x_wconf 85' lang='lat' dir='ltr'><strong>ejus</strong></span> <span class='ocrx_word' id='word_1_145' title='bbox 748 2567 882 2628; x_wconf 82' lang='lat' dir='ltr'><strong>regeres</strong></span> 
     </span>
     <span class='ocr_line' id='line_1_24' title="bbox 104 2643 884 2724; baseline 0.008 -19"><span class='ocrx_word' id='word_1_146' title='bbox 104 2643 294 2719; x_wconf 87' lang='lat' dir='ltr'><strong>famulatum,</strong></span> <span class='ocrx_word' id='word_1_147' title='bbox 311 2649 344 2710; x_wconf 93' lang='lat' dir='ltr'><strong>te</strong></span> <span class='ocrx_word' id='word_1_148' title='bbox 358 2648 424 2710; x_wconf 89' lang='lat' dir='ltr'><strong>sibi</strong></span> <span class='ocrx_word' id='word_1_149' title='bbox 442 2647 544 2710; x_wconf 87' lang='lat' dir='ltr'><strong>sentit</strong></span> <span class='ocrx_word' id='word_1_150' title='bbox 564 2647 695 2724; x_wconf 91' lang='lat' dir='ltr'><strong>publice</strong></span> <span class='ocrx_word' id='word_1_151' title='bbox 715 2648 884 2710; x_wconf 85' lang='lat' dir='ltr'><strong>rebellau-</strong></span> 
     </span>
     <span class='ocr_line' id='line_1_25' title="bbox 102 2742 881 2822; baseline 0.008 -20"><span class='ocrx_word' id='word_1_152' title='bbox 102 2742 171 2816; x_wconf 87' lang='lat' dir='ltr'><strong>tem;</strong></span> <span class='ocrx_word' id='word_1_153' title='bbox 186 2744 260 2806; x_wconf 92' lang='lat' dir='ltr'><strong>dum</strong></span> <span class='ocrx_word' id='word_1_154' title='bbox 277 2746 412 2808; x_wconf 89' lang='lat' dir='ltr'><strong>unicam</strong></span> <span class='ocrx_word' id='word_1_155' title='bbox 430 2745 554 2808; x_wconf 86' lang='lat' dir='ltr'><strong>Christi</strong></span> <span class='ocrx_word' id='word_1_156' title='bbox 574 2761 741 2822; x_wconf 88' lang='lat' dir='ltr'><strong>sponsam,</strong></span> <span class='ocrx_word' id='word_1_157' title='bbox 763 2746 881 2808; x_wconf 79' lang='lat' dir='ltr'><strong>Eccle-</strong></span> 
     </span>
     <span class='ocr_line' id='line_1_26' title="bbox 104 2840 882 2921; baseline 0.005 -20"><span class='ocrx_word' id='word_1_158' title='bbox 104 2840 175 2902; x_wconf 89' lang='lat' dir='ltr'><strong>siam</strong></span> <span class='ocrx_word' id='word_1_159' title='bbox 188 2842 327 2914; x_wconf 90' lang='lat' dir='ltr'><strong>scilicet,</strong></span> <span class='ocrx_word' id='word_1_160' title='bbox 349 2843 540 2906; x_wconf 87' lang='lat' dir='ltr'><strong>immaniter</strong></span> <span class='ocrx_word' id='word_1_161' title='bbox 554 2858 769 2920; x_wconf 89' lang='lat' dir='ltr'><strong>persequens,</strong></span> <span class='ocrx_word' id='word_1_162' title='bbox 790 2859 882 2921; x_wconf 82' lang='lat' dir='ltr'><strong>prae-</strong></span> 
     </span>
     <span class='ocr_line' id='line_1_27' title="bbox 103 2937 880 3018; baseline 0.005 -22"><span class='ocrx_word' id='word_1_163' title='bbox 103 2937 210 3000; x_wconf 90' lang='lat' dir='ltr'><strong>dictum</strong></span> <span class='ocrx_word' id='word_1_164' title='bbox 230 2939 520 3017; x_wconf 89' lang='lat' dir='ltr'><strong>archiepiscopum</strong></span> <span class='ocrx_word' id='word_1_165' title='bbox 548 2941 739 3003; x_wconf 88' lang='lat' dir='ltr'><strong>ministrum</strong></span> <span class='ocrx_word' id='word_1_166' title='bbox 763 2941 880 3018; x_wconf 87' lang='lat' dir='ltr'><strong>ipsius,</strong></span> 
     </span>
     <span class='ocr_line' id='line_1_28' title="bbox 102 3035 883 3114; baseline 0.005 -19"><span class='ocrx_word' id='word_1_167' title='bbox 102 3035 146 3096; x_wconf 82' lang='lat' dir='ltr'><strong>vel</strong></span> <span class='ocrx_word' id='word_1_168' title='bbox 163 3037 268 3114; x_wconf 90' lang='lat' dir='ltr'><strong>ipsum</strong></span> <span class='ocrx_word' id='word_1_169' title='bbox 292 3039 401 3114; x_wconf 89' lang='lat' dir='ltr'><strong>potius</strong></span> <span class='ocrx_word' id='word_1_170' title='bbox 423 3037 459 3098; x_wconf 91' lang='lat' dir='ltr'><strong>in</strong></span> <span class='ocrx_word' id='word_1_171' title='bbox 480 3039 633 3100; x_wconf 92' lang='lat' dir='ltr'><strong>ministro</strong></span> <span class='ocrx_word' id='word_1_172' title='bbox 655 3038 883 3100; x_wconf 88' lang='lat' dir='ltr'><strong>indesinenter</strong></span> 
     </span>
     <span class='ocr_line' id='line_1_29' title="bbox 103 3133 881 3212; baseline 0.005 -20"><span class='ocrx_word' id='word_1_173' title='bbox 103 3133 219 3209; x_wconf 85' lang='lat' dir='ltr'><strong>affligis,</strong></span> <span class='ocrx_word' id='word_1_174' title='bbox 236 3137 270 3196; x_wconf 91' lang='lat' dir='ltr'><strong>et</strong></span> <span class='ocrx_word' id='word_1_175' title='bbox 285 3134 327 3196; x_wconf 89' lang='lat' dir='ltr'><strong>ab</strong></span> <span class='ocrx_word' id='word_1_176' title='bbox 342 3135 490 3196; x_wconf 86' lang='lat' dir='ltr'><strong>Ecclesia</strong></span> <span class='ocrx_word' id='word_1_177' title='bbox 505 3135 639 3212; x_wconf 87' lang='lat' dir='ltr'><strong>propria</strong></span> <span class='ocrx_word' id='word_1_178' title='bbox 653 3135 881 3212; x_wconf 87' lang='lat' dir='ltr'><strong>proturbatum</strong></span> 
     </span>
     <span class='ocr_line' id='line_1_30' title="bbox 104 3233 883 3312; baseline 0.006 -22"><span class='ocrx_word' id='word_1_179' title='bbox 104 3233 286 3293; x_wconf 90' lang='lat' dir='ltr'><strong>continuare</strong></span> <span class='ocrx_word' id='word_1_180' title='bbox 306 3233 435 3310; x_wconf 89' lang='lat' dir='ltr'><strong>jamdiu</strong></span> <span class='ocrx_word' id='word_1_181' title='bbox 457 3234 596 3295; x_wconf 79' lang='lat' dir='ltr'><strong>exilium</strong></span> <span class='ocrx_word' id='word_1_182' title='bbox 620 3233 820 3312; x_wconf 86' lang='lat' dir='ltr'><strong>compulisti.</strong></span> <span class='ocrx_word' id='word_1_183' title='bbox 844 3236 883 3295; x_wconf 85' lang='lat' dir='ltr'><strong>Et</strong></span> 
     </span>
     <span class='ocr_line' id='line_1_31' title="bbox 103 3327 883 3393; baseline 0.006 -6"><span class='ocrx_word' id='word_1_184' title='bbox 103 3327 168 3390; x_wconf 90' lang='lat' dir='ltr'><strong>licet</strong></span> <span class='ocrx_word' id='word_1_185' title='bbox 189 3331 221 3392; x_wconf 89' lang='lat' dir='ltr'><strong>te</strong></span> <span class='ocrx_word' id='word_1_186' title='bbox 247 3331 373 3392; x_wconf 90' lang='lat' dir='ltr'><strong>nostris</strong></span> <span class='ocrx_word' id='word_1_187' title='bbox 402 3330 522 3392; x_wconf 91' lang='lat' dir='ltr'><strong>litteris</strong></span> <span class='ocrx_word' id='word_1_188' title='bbox 552 3333 778 3393; x_wconf 88' lang='lat' dir='ltr'><strong>monuerimus</strong></span> <span class='ocrx_word' id='word_1_189' title='bbox 805 3331 883 3392; x_wconf 92' lang='lat' dir='ltr'><strong>dili-</strong></span> 
     </span>
     <span class='ocr_line' id='line_1_32' title="bbox 101 3427 882 3504; baseline 0.005 -19"><span class='ocrx_word' id='word_1_190' title='bbox 101 3429 267 3502; x_wconf 74' lang='lat' dir='ltr'><strong>pertenet</strong></span> <span class='ocrx_word' id='word_1_191' title='bbox 292 3443 352 3504; x_wconf 90' lang='lat' dir='ltr'><strong>per</strong></span> <span class='ocrx_word' id='word_1_192' title='bbox 370 3427 581 3489; x_wconf 79' lang='lat' dir='ltr'><strong>uenerabiles</strong></span> <span class='ocrx_word' id='word_1_193' title='bbox 605 3427 725 3490; x_wconf 86' lang='lat' dir='ltr'><strong>fratres</strong></span> <span class='ocrx_word' id='word_1_194' title='bbox 751 3429 882 3490; x_wconf 89' lang='lat' dir='ltr'><strong>nostros</strong></span> 
     </span>
     <span class='ocr_line' id='line_1_33' title="bbox 102 3523 882 3597; baseline 0.006 -16"><span class='ocrx_word' id='word_1_195' title='bbox 102 3523 316 3597; x_wconf 76' lang='lat' dir='ltr'><strong>palentinum,</strong></span> <span class='ocrx_word' id='word_1_196' title='bbox 344 3523 602 3597; x_wconf 83' lang='lat' dir='ltr'><strong>Astoricensem,</strong></span> <span class='ocrx_word' id='word_1_197' title='bbox 633 3531 666 3588; x_wconf 88' lang='lat' dir='ltr'><strong>et</strong></span> <span class='ocrx_word' id='word_1_198' title='bbox 696 3527 882 3588; x_wconf 87' lang='lat' dir='ltr'><strong>Tudensem</strong></span> 
     </span>
     <span class='ocr_line' id='line_1_34' title="bbox 101 3621 883 3699; baseline 0.008 -20"><span class='ocrx_word' id='word_1_199' title='bbox 101 3621 257 3699; x_wconf 87' lang='lat' dir='ltr'><strong>episcopos</strong></span> <span class='ocrx_word' id='word_1_200' title='bbox 295 3622 563 3684; x_wconf 89' lang='lat' dir='ltr'><strong>mandaverimus</strong></span> <span class='ocrx_word' id='word_1_201' title='bbox 597 3624 810 3695; x_wconf 90' lang='lat' dir='ltr'><strong>commoneri,</strong></span> <span class='ocrx_word' id='word_1_202' title='bbox 847 3625 883 3686; x_wconf 91' lang='lat' dir='ltr'><strong>ut</strong></span> 
     </span>
     <span class='ocr_line' id='line_1_35' title="bbox 101 3720 880 3798; baseline 0.008 -22"><span class='ocrx_word' id='word_1_203' title='bbox 101 3722 267 3782; x_wconf 88' lang='lat' dir='ltr'><strong>memorato</strong></span> <span class='ocrx_word' id='word_1_204' title='bbox 284 3720 535 3798; x_wconf 85' lang='lat' dir='ltr'><strong>archiepiscopo</strong></span> <span class='ocrx_word' id='word_1_205' title='bbox 555 3721 596 3782; x_wconf 91' lang='lat' dir='ltr'><strong>de</strong></span> <span class='ocrx_word' id='word_1_206' title='bbox 615 3721 718 3782; x_wconf 88' lang='lat' dir='ltr'><strong>illatis</strong></span> <span class='ocrx_word' id='word_1_207' title='bbox 740 3721 880 3794; x_wconf 88' lang='lat' dir='ltr'><strong>damnis,</strong></span> 
     </span>
     <span class='ocr_line' id='line_1_36' title="bbox 101 3815 880 3896; baseline 0.006 -21"><span class='ocrx_word' id='word_1_208' title='bbox 101 3815 286 3894; x_wconf 88' lang='lat' dir='ltr'><strong>etirrogatis</strong></span> <span class='ocrx_word' id='word_1_209' title='bbox 296 3818 430 3896; x_wconf 88' lang='lat' dir='ltr'><strong>injuriis</strong></span> <span class='ocrx_word' id='word_1_210' title='bbox 440 3818 629 3880; x_wconf 82' lang='lat' dir='ltr'><strong>satisfacias</strong></span> <span class='ocrx_word' id='word_1_211' title='bbox 645 3819 880 3896; x_wconf 86' lang='lat' dir='ltr'><strong>competenter,</strong></span> 
     </span>
     <span class='ocr_line' id='line_1_37' title="bbox 100 3913 882 3993; baseline 0.005 -21"><span class='ocrx_word' id='word_1_212' title='bbox 100 3913 130 3972; x_wconf 90' lang='lat' dir='ltr'><strong>tu</strong></span> <span class='ocrx_word' id='word_1_213' title='bbox 143 3916 246 3977; x_wconf 88' lang='lat' dir='ltr'><strong>tamen</strong></span> <span class='ocrx_word' id='word_1_214' title='bbox 269 3916 426 3977; x_wconf 90' lang='lat' dir='ltr'><strong>seductus</strong></span> <span class='ocrx_word' id='word_1_215' title='bbox 447 3917 559 3993; x_wconf 84' lang='lat' dir='ltr'><strong>pravis</strong></span> <span class='ocrx_word' id='word_1_216' title='bbox 575 3917 726 3977; x_wconf 91' lang='lat' dir='ltr'><strong>consiliis</strong></span> <span class='ocrx_word' id='word_1_217' title='bbox 747 3931 882 3993; x_wconf 87' lang='lat' dir='ltr'><strong>perver-</strong></span> 
     </span>
     <span class='ocr_line' id='line_1_38' title="bbox 101 4013 881 4076; baseline 0.008 -7"><span class='ocrx_word' id='word_1_218' title='bbox 101 4025 198 4074; x_wconf 90' lang='lat' dir='ltr'><strong>sorum</strong></span> <span class='ocrx_word' id='word_1_219' title='bbox 213 4029 272 4076; x_wconf 92' lang='lat' dir='ltr'><strong>cor</strong></span> <span class='ocrx_word' id='word_1_220' title='bbox 287 4015 380 4075; x_wconf 88' lang='lat' dir='ltr'><strong>tuum</strong></span> <span class='ocrx_word' id='word_1_221' title='bbox 396 4013 558 4075; x_wconf 83' lang='lat' dir='ltr'><strong>exhibens</strong></span> <span class='ocrx_word' id='word_1_222' title='bbox 574 4013 689 4076; x_wconf 88' lang='lat' dir='ltr'><strong>durius</strong></span> <span class='ocrx_word' id='word_1_223' title='bbox 706 4014 881 4076; x_wconf 85' lang='lat' dir='ltr'><strong>adamante</strong></span> 
     </span>
     <span class='ocr_line' id='line_1_39' title="bbox 100 4111 882 4189; baseline 0.009 -22"><span class='ocrx_word' id='word_1_224' title='bbox 100 4111 218 4172; x_wconf 91' lang='lat' dir='ltr'><strong>monitis</strong></span> <span class='ocrx_word' id='word_1_225' title='bbox 233 4113 449 4189; x_wconf 87' lang='lat' dir='ltr'><strong>acquiescere</strong></span> <span class='ocrx_word' id='word_1_226' title='bbox 469 4112 707 4188; x_wconf 89' lang='lat' dir='ltr'><strong>contempsisti,</strong></span> <span class='ocrx_word' id='word_1_227' title='bbox 729 4111 882 4188; x_wconf 90' lang='lat' dir='ltr'><strong>eligendo</strong></span> 
     </span>
     <span class='ocr_line' id='line_1_40' title="bbox 101 4208 883 4280; baseline 0.008 -15"><span class='ocrx_word' id='word_1_228' title='bbox 101 4208 195 4280; x_wconf 89' lang='lat' dir='ltr'><strong>potius</strong></span> <span class='ocrx_word' id='word_1_229' title='bbox 209 4210 568 4272; x_wconf 80' lang='lat' dir='ltr'><strong>excommunicationis</strong></span> <span class='ocrx_word' id='word_1_230' title='bbox 583 4210 618 4270; x_wconf 93' lang='lat' dir='ltr'><strong>in</strong></span> <span class='ocrx_word' id='word_1_231' title='bbox 637 4211 729 4272; x_wconf 89' lang='lat' dir='ltr'><strong>tuam</strong></span> <span class='ocrx_word' id='word_1_232' title='bbox 744 4211 777 4270; x_wconf 89' lang='lat' dir='ltr'><strong>et</strong></span> <span class='ocrx_word' id='word_1_233' title='bbox 796 4209 883 4271; x_wconf 92' lang='lat' dir='ltr'><strong>alio-</strong></span> 
     </span>
     <span class='ocr_line' id='line_1_41' title="bbox 101 4306 881 4384; baseline 0.01 -24"><span class='ocrx_word' id='word_1_234' title='bbox 101 4317 164 4364; x_wconf 90' lang='lat' dir='ltr'><strong>rum</strong></span> <span class='ocrx_word' id='word_1_235' title='bbox 188 4306 405 4383; x_wconf 88' lang='lat' dir='ltr'><strong>quorumdam</strong></span> <span class='ocrx_word' id='word_1_236' title='bbox 432 4307 467 4368; x_wconf 92' lang='lat' dir='ltr'><strong>in</strong></span> <span class='ocrx_word' id='word_1_237' title='bbox 491 4307 569 4368; x_wconf 88' lang='lat' dir='ltr'><strong>aliis</strong></span> <span class='ocrx_word' id='word_1_238' title='bbox 592 4307 714 4370; x_wconf 90' lang='lat' dir='ltr'><strong>litteris</strong></span> <span class='ocrx_word' id='word_1_239' title='bbox 738 4323 881 4384; x_wconf 80' lang='lat' dir='ltr'><strong>expres-</strong></span> 
     </span>
     <span class='ocr_line' id='line_1_42' title="bbox 101 4403 883 4481; baseline 0.01 -23"><span class='ocrx_word' id='word_1_240' title='bbox 101 4413 199 4463; x_wconf 88' lang='lat' dir='ltr'><strong>sorum</strong></span> <span class='ocrx_word' id='word_1_241' title='bbox 214 4419 388 4481; x_wconf 86' lang='lat' dir='ltr'><strong>personas,</strong></span> <span class='ocrx_word' id='word_1_242' title='bbox 410 4419 450 4467; x_wconf 89' lang='lat' dir='ltr'><strong>ac</strong></span> <span class='ocrx_word' id='word_1_243' title='bbox 469 4406 643 4467; x_wconf 90' lang='lat' dir='ltr'><strong>interram</strong></span> <span class='ocrx_word' id='word_1_244' title='bbox 662 4406 754 4466; x_wconf 88' lang='lat' dir='ltr'><strong>tuam</strong></span> <span class='ocrx_word' id='word_1_245' title='bbox 776 4403 883 4467; x_wconf 90' lang='lat' dir='ltr'><strong>inter·</strong></span> 
     </span>
     <span class='ocr_line' id='line_1_43' title="bbox 102 4495 881 4580; baseline 0.013 -26"><span class='ocrx_word' id='word_1_246' title='bbox 102 4495 881 4580; x_wconf 86' lang='lat' dir='ltr'><strong>dictisententiaspereumdemarchiepiscopum</strong></span> 
     </span>
     <span class='ocr_line' id='line_1_44' title="bbox 100 4599 883 4674; baseline 0.009 -20"><span class='ocrx_word' id='word_1_247' title='bbox 100 4599 324 4674; x_wconf 88' lang='lat' dir='ltr'><strong>promulgatas,</strong></span> <span class='ocrx_word' id='word_1_248' title='bbox 333 4602 365 4661; x_wconf 92' lang='lat' dir='ltr'><strong>et</strong></span> <span class='ocrx_word' id='word_1_249' title='bbox 375 4616 394 4661; x_wconf 93' lang='lat' dir='ltr'><strong>a</strong></span> <span class='ocrx_word' id='word_1_250' title='bbox 406 4601 501 4662; x_wconf 91' lang='lat' dir='ltr'><strong>nobis</strong></span> <span class='ocrx_word' id='word_1_251' title='bbox 514 4600 657 4672; x_wconf 90' lang='lat' dir='ltr'><strong>habitas,</strong></span> <span class='ocrx_word' id='word_1_252' title='bbox 667 4602 770 4672; x_wconf 77' lang='lat' dir='ltr'><strong>ratae,</strong></span> <span class='ocrx_word' id='word_1_253' title='bbox 780 4602 812 4661; x_wconf 93' lang='lat' dir='ltr'><strong>et</strong></span> <span class='ocrx_word' id='word_1_254' title='bbox 823 4601 883 4661; x_wconf 91' lang='lat' dir='ltr'><strong>lir-</strong></span> 
     </span>
     <span class='ocr_line' id='line_1_45' title="bbox 102 4696 882 4777; baseline 0.013 -27"><span class='ocrx_word' id='word_1_255' title='bbox 102 4706 162 4754; x_wconf 87' lang='lat' dir='ltr'><strong>mas</strong></span> <span class='ocrx_word' id='word_1_256' title='bbox 172 4696 453 4773; x_wconf 88' lang='lat' dir='ltr'><strong>periculosissime</strong></span> <span class='ocrx_word' id='word_1_257' title='bbox 464 4699 640 4771; x_wconf 87' lang='lat' dir='ltr'><strong>sustinere,</strong></span> <span class='ocrx_word' id='word_1_258' title='bbox 650 4713 748 4776; x_wconf 90' lang='lat' dir='ltr'><strong>quam</strong></span> <span class='ocrx_word' id='word_1_259' title='bbox 758 4713 818 4777; x_wconf 91' lang='lat' dir='ltr'><strong>per</strong></span> <span class='ocrx_word' id='word_1_260' title='bbox 832 4715 882 4760; x_wconf 90' lang='lat' dir='ltr'><strong>sa-</strong></span> 
     </span>
     <span class='ocr_line' id='line_1_46' title="bbox 100 4789 883 4873; baseline 0.01 -24"><span class='ocrx_word' id='word_1_261' title='bbox 100 4789 883 4873; x_wconf 85' lang='lat' dir='ltr'><strong>lisfactioniscompendiumredireadecclesias·</strong></span> 
     </span>
     <span class='ocr_line' id='line_1_47' title="bbox 100 4885 879 4972; baseline 0.01 -26"><span class='ocrx_word' id='word_1_262' title='bbox 100 4885 187 4951; x_wconf 87' lang='lat' dir='ltr'><strong>ticam</strong></span> <span class='ocrx_word' id='word_1_263' title='bbox 202 4893 375 4956; x_wconf 88' lang='lat' dir='ltr'><strong>unitatem.</strong></span> <span class='ocrx_word' id='word_1_264' title='bbox 392 4897 502 4967; x_wconf 87' lang='lat' dir='ltr'><strong>Quare</strong></span> <span class='ocrx_word' id='word_1_265' title='bbox 525 4895 698 4956; x_wconf 88' lang='lat' dir='ltr'><strong>memorati</strong></span> <span class='ocrx_word' id='word_1_266' title='bbox 719 4895 879 4972; x_wconf 90' lang='lat' dir='ltr'><strong>episcopi,</strong></span> 
     </span>
     <span class='ocr_line' id='line_1_48' title="bbox 101 4989 882 5068; baseline 0.01 -23"><span class='ocrx_word' id='word_1_267' title='bbox 101 4989 187 5060; x_wconf 90' lang='lat' dir='ltr'><strong>prout</strong></span> <span class='ocrx_word' id='word_1_268' title='bbox 199 4991 249 5052; x_wconf 89' lang='lat' dir='ltr'><strong>eis</strong></span> <span class='ocrx_word' id='word_1_269' title='bbox 262 4991 385 5053; x_wconf 84' lang='lat' dir='ltr'><strong>nostris</strong></span> <span class='ocrx_word' id='word_1_270' title='bbox 397 4991 594 5068; x_wconf 86' lang='lat' dir='ltr'><strong>dederamus</strong></span> <span class='ocrx_word' id='word_1_271' title='bbox 606 4993 726 5054; x_wconf 89' lang='lat' dir='ltr'><strong>litteris</strong></span> <span class='ocrx_word' id='word_1_272' title='bbox 740 4993 776 5052; x_wconf 95' lang='lat' dir='ltr'><strong>in</strong></span> <span class='ocrx_word' id='word_1_273' title='bbox 791 5005 882 5053; x_wconf 89' lang='lat' dir='ltr'><strong>man·</strong></span> 
     </span>
     <span class='ocr_line' id='line_1_49' title="bbox 101 5079 879 5166; baseline 0.012 -26"><span class='ocrx_word' id='word_1_274' title='bbox 101 5079 185 5157; x_wconf 88' lang='lat' dir='ltr'><strong>datis,</strong></span> <span class='ocrx_word' id='word_1_275' title='bbox 206 5089 339 5150; x_wconf 90' lang='lat' dir='ltr'><strong>easdem</strong></span> <span class='ocrx_word' id='word_1_276' title='bbox 354 5089 537 5152; x_wconf 86' lang='lat' dir='ltr'><strong>sententias</strong></span> <span class='ocrx_word' id='word_1_277' title='bbox 557 5089 751 5151; x_wconf 89' lang='lat' dir='ltr'><strong>solemniter</strong></span> <span class='ocrx_word' id='word_1_278' title='bbox 765 5088 879 5166; x_wconf 92' lang='lat' dir='ltr'><strong>publi-</strong></span> 
     </span>
     <span class='ocr_line' id='line_1_50' title="bbox 100 5185 880 5264; baseline 0.009 -24"><span class='ocrx_word' id='word_1_279' title='bbox 100 5185 212 5256; x_wconf 81' lang='lat' dir='ltr'><strong>cantes,</strong></span> <span class='ocrx_word' id='word_1_280' title='bbox 229 5187 264 5246; x_wconf 87' lang='lat' dir='ltr'><strong>et</strong></span> <span class='ocrx_word' id='word_1_281' title='bbox 276 5185 437 5248; x_wconf 86' lang='lat' dir='ltr'><strong>facientes</strong></span> <span class='ocrx_word' id='word_1_282' title='bbox 453 5202 511 5263; x_wconf 90' lang='lat' dir='ltr'><strong>per</strong></span> <span class='ocrx_word' id='word_1_283' title='bbox 523 5187 634 5263; x_wconf 88' lang='lat' dir='ltr'><strong>partes</strong></span> <span class='ocrx_word' id='word_1_284' title='bbox 647 5187 811 5264; x_wconf 88' lang='lat' dir='ltr'><strong>publicari</strong></span> <span class='ocrx_word' id='word_1_285' title='bbox 825 5188 880 5248; x_wconf 84' lang='lat' dir='ltr'><strong>vi-</strong></span> 
     </span>
     <span class='ocr_line' id='line_1_51' title="bbox 100 5276 881 5362; baseline 0.01 -26"><span class='ocrx_word' id='word_1_286' title='bbox 100 5276 194 5352; x_wconf 88' lang='lat' dir='ltr'><strong>cinas,</strong></span> <span class='ocrx_word' id='word_1_287' title='bbox 209 5283 373 5360; x_wconf 88' lang='lat' dir='ltr'><strong>reliquam</strong></span> <span class='ocrx_word' id='word_1_288' title='bbox 387 5287 511 5345; x_wconf 87' lang='lat' dir='ltr'><strong>terram</strong></span> <span class='ocrx_word' id='word_1_289' title='bbox 525 5284 617 5346; x_wconf 90' lang='lat' dir='ltr'><strong>tuam</strong></span> <span class='ocrx_word' id='word_1_290' title='bbox 637 5286 881 5362; x_wconf 88' lang='lat' dir='ltr'><strong>supposuerunt</strong></span> 
     </span>
    </p>
   </div>
   <div class='ocr_carea' id='block_1_3' title="bbox 98 5376 881 5753">
    <p class='ocr_par' dir='ltr' id='par_1_3' title="bbox 98 5376 881 5753">
     <span class='ocr_line' id='line_1_52' title="bbox 100 5376 880 5460; baseline 0.015 -29"><span class='ocrx_word' id='word_1_291' title='bbox 100 5376 314 5442; x_wconf 88' lang='lat' dir='ltr'><strong>ecclesiastico</strong></span> <span class='ocrx_word' id='word_1_292' title='bbox 344 5379 533 5454; x_wconf 89' lang='lat' dir='ltr'><strong>interdicto,</strong></span> <span class='ocrx_word' id='word_1_293' title='bbox 565 5381 643 5444; x_wconf 91' lang='lat' dir='ltr'><strong>licet</strong></span> <span class='ocrx_word' id='word_1_294' title='bbox 667 5383 880 5460; x_wconf 84' lang='lat' dir='ltr'><strong>exceptiones</strong></span> 
     </span>
     <span class='ocr_line' id='line_1_53' title="bbox 100 5475 881 5557; baseline 0.01 -25"><span class='ocrx_word' id='word_1_295' title='bbox 100 5475 259 5550; x_wconf 89' lang='lat' dir='ltr'><strong>quasdam,</strong></span> <span class='ocrx_word' id='word_1_296' title='bbox 281 5475 362 5556; x_wconf 82' lang='lat' dir='ltr'><strong>quas</strong></span> <span class='ocrx_word' id='word_1_297' title='bbox 381 5477 448 5555; x_wconf 91' lang='lat' dir='ltr'><strong>ipsi</strong></span> <span class='ocrx_word' id='word_1_298' title='bbox 468 5481 665 5557; x_wconf 90' lang='lat' dir='ltr'><strong>reputarunt</strong></span> <span class='ocrx_word' id='word_1_299' title='bbox 685 5481 804 5543; x_wconf 88' lang='lat' dir='ltr'><strong>merito</strong></span> <span class='ocrx_word' id='word_1_300' title='bbox 819 5479 881 5541; x_wconf 86' lang='lat' dir='ltr'><strong>fri·</strong></span> 
     </span>
     <span class='ocr_line' id='line_1_54' title="bbox 98 5571 878 5656; baseline 0.012 -29"><span class='ocrx_word' id='word_1_301' title='bbox 98 5571 192 5647; x_wconf 79' lang='lat' dir='ltr'><strong>volas,</strong></span> <span class='ocrx_word' id='word_1_302' title='bbox 208 5577 242 5637; x_wconf 88' lang='lat' dir='ltr'><strong>et</strong></span> <span class='ocrx_word' id='word_1_303' title='bbox 260 5576 378 5637; x_wconf 90' lang='lat' dir='ltr'><strong>inanes</strong></span> <span class='ocrx_word' id='word_1_304' title='bbox 393 5591 505 5638; x_wconf 91' lang='lat' dir='ltr'><strong>coram</strong></span> <span class='ocrx_word' id='word_1_305' title='bbox 518 5579 569 5639; x_wconf 91' lang='lat' dir='ltr'><strong>eis</strong></span> <span class='ocrx_word' id='word_1_306' title='bbox 589 5579 710 5656; x_wconf 91' lang='lat' dir='ltr'><strong>opponi</strong></span> <span class='ocrx_word' id='word_1_307' title='bbox 730 5578 878 5650; x_wconf 79' lang='lat' dir='ltr'><strong>fecisses,</strong></span> 
     </span>
     <span class='ocr_line' id='line_1_55' title="bbox 100 5667 880 5753; baseline 0.014 -28"><span class='ocrx_word' id='word_1_308' title='bbox 100 5667 127 5727; x_wconf 88' lang='lat' dir='ltr'><strong>et</strong></span> <span class='ocrx_word' id='word_1_309' title='bbox 137 5670 174 5730; x_wconf 91' lang='lat' dir='ltr'><strong>ad</strong></span> <span class='ocrx_word' id='word_1_310' title='bbox 188 5673 305 5734; x_wconf 85' lang='lat' dir='ltr'><strong>Sedem</strong></span> <span class='ocrx_word' id='word_1_311' title='bbox 317 5675 540 5750; x_wconf 78' lang='lat' dir='ltr'><strong>apostolicam</strong></span> <span class='ocrx_word' id='word_1_312' title='bbox 553 5676 726 5753; x_wconf 90' lang='lat' dir='ltr'><strong>appellari.</strong></span> <span class='ocrx_word' id='word_1_313' title='bbox 741 5676 803 5738; x_wconf 82' lang='lat' dir='ltr'><strong>Sed</strong></span> <span class='ocrx_word' id='word_1_314' title='bbox 819 5691 880 5736; x_wconf 91' lang='lat' dir='ltr'><strong>neo</strong></span> 
     </span>
    </p>
   </div>
   <div class='ocr_carea' id='block_1_4' title="bbox 232 5807 493 5866">
    <p class='ocr_par' dir='ltr' id='par_1_4' title="bbox 232 5807 493 5866">
     <span class='ocr_line' id='line_1_56' title="bbox 232 5807 493 5866; baseline 0.008 -6"><span class='ocrx_word' id='word_1_315' title='bbox 232 5818 343 5864; x_wconf 80' lang='lat' dir='ltr'><strong>ramos.</strong></span> <span class='ocrx_word' id='word_1_316' title='bbox 359 5819 433 5864; x_wconf 81' lang='lat' dir='ltr'><strong>roua</strong></span> <span class='ocrx_word' id='word_1_317' title='bbox 446 5807 493 5866; x_wconf 74' lang='lat' dir='ltr'><strong>lV,</strong></span> 
     </span>
    </p>
   </div>
   <div class='ocr_carea' id='block_1_5' title="bbox 696 347 1133 411">
    <p class='ocr_par' dir='ltr' id='par_1_5' title="bbox 696 347 1133 411">
     <span class='ocr_line' id='line_1_57' title="bbox 696 347 1133 411; baseline 0.002 -3"><span class='ocrx_word' id='word_1_318' title='bbox 696 347 924 410; x_wconf 81' lang='lat' dir='ltr'>EPISTOLAE.</span> <span class='ocrx_word' id='word_1_319' title='bbox 947 349 1025 410; x_wconf 72' lang='grc' dir='ltr'><strong>ΜΒ.</strong></span> <span class='ocrx_word' id='word_1_320' title='bbox 1049 349 1104 411; x_wconf 84' lang='lat' dir='ltr'><strong>vl.</strong></span> <span class='ocrx_word' id='word_1_321' title='bbox 1130 389 1133 395; x_wconf 34' lang='grc' dir='ltr'><strong><em>ι</em></strong></span> 
     </span>
    </p>
   </div>
   <div class='ocr_carea' id='block_1_6' title="bbox 1674 350 1733 412">
    <p class='ocr_par' dir='ltr' id='par_1_6' title="bbox 1674 350 1733 412">
     <span class='ocr_line' id='line_1_58' title="bbox 1674 350 1733 412; baseline 0.034 -2"><span class='ocrx_word' id='word_1_322' title='bbox 1674 350 1733 412; x_wconf 79' lang='grc'><strong>194</strong></span> 
     </span>
    </p>
   </div>
   <div class='ocr_carea' id='block_1_7' title="bbox 934 505 1791 5750">
    <p class='ocr_par' dir='ltr' id='par_1_7' title="bbox 936 505 1734 2045">
     <span class='ocr_line' id='line_1_59' title="bbox 938 505 1734 586; baseline 0.003 -18"><span class='ocrx_word' id='word_1_323' title='bbox 938 507 986 568; x_wconf 92' lang='lat' dir='ltr'><strong>sic</strong></span> <span class='ocrx_word' id='word_1_324' title='bbox 999 508 1085 570; x_wconf 90' lang='lat' dir='ltr'><strong>atua</strong></span> <span class='ocrx_word' id='word_1_325' title='bbox 1096 521 1133 568; x_wconf 89' lang='lat' dir='ltr'><strong>es</strong></span> <span class='ocrx_word' id='word_1_326' title='bbox 1146 505 1270 570; x_wconf 87' lang='lat' dir='ltr'><strong>duritia</strong></span> <span class='ocrx_word' id='word_1_327' title='bbox 1283 507 1462 580; x_wconf 88' lang='lat' dir='ltr'><strong>emollitus,</strong></span> <span class='ocrx_word' id='word_1_328' title='bbox 1477 507 1641 570; x_wconf 89' lang='lat' dir='ltr'><strong>fallaciter</strong></span> <span class='ocrx_word' id='word_1_329' title='bbox 1653 523 1734 586; x_wconf 83' lang='lat' dir='ltr'><strong>sug-</strong></span> 
     </span>
     <span class='ocr_line' id='line_1_60' title="bbox 937 604 1732 680; baseline 0.003 -14"><span class='ocrx_word' id='word_1_330' title='bbox 937 605 1140 680; x_wconf 82' lang='lat' dir='ltr'><strong>gerentibus,</strong></span> <span class='ocrx_word' id='word_1_331' title='bbox 1162 604 1249 666; x_wconf 90' lang='lat' dir='ltr'><strong>sicut</strong></span> <span class='ocrx_word' id='word_1_332' title='bbox 1265 604 1397 677; x_wconf 88' lang='lat' dir='ltr'><strong>dicitur,</strong></span> <span class='ocrx_word' id='word_1_333' title='bbox 1420 605 1649 667; x_wconf 90' lang='lat' dir='ltr'><strong>seductoribus</strong></span> <span class='ocrx_word' id='word_1_334' title='bbox 1664 608 1732 669; x_wconf 89' lang='lat' dir='ltr'><strong>tuis</strong></span> 
     </span>
     <span class='ocr_line' id='line_1_61' title="bbox 936 702 1733 780; baseline 0.001 -16"><span class='ocrx_word' id='word_1_335' title='bbox 936 706 1028 765; x_wconf 90' lang='lat' dir='ltr'><strong>tuam</strong></span> <span class='ocrx_word' id='word_1_336' title='bbox 1043 702 1103 764; x_wconf 91' lang='lat' dir='ltr'><strong>tihi</strong></span> <span class='ocrx_word' id='word_1_337' title='bbox 1116 702 1272 764; x_wconf 90' lang='lat' dir='ltr'><strong>duritiam</strong></span> <span class='ocrx_word' id='word_1_338' title='bbox 1285 702 1492 779; x_wconf 87' lang='lat' dir='ltr'><strong>profuturam</strong></span> <span class='ocrx_word' id='word_1_339' title='bbox 1500 720 1508 776; x_wconf 92' lang='lat'>;</span> <span class='ocrx_word' id='word_1_340' title='bbox 1524 703 1580 780; x_wconf 93' lang='lat' dir='ltr'><strong>qui</strong></span> <span class='ocrx_word' id='word_1_341' title='bbox 1594 704 1623 764; x_wconf 90' lang='lat' dir='ltr'><strong>si</strong></span> <span class='ocrx_word' id='word_1_342' title='bbox 1634 704 1668 766; x_wconf 93' lang='lat' dir='ltr'><strong>te</strong></span> <span class='ocrx_word' id='word_1_343' title='bbox 1679 705 1733 765; x_wconf 91' lang='lat' dir='ltr'><strong>di-</strong></span> 
     </span>
     <span class='ocr_line' id='line_1_62' title="bbox 938 800 1733 877; baseline 0.004 -18"><span class='ocrx_word' id='word_1_344' title='bbox 938 800 1081 876; x_wconf 86' lang='lat' dir='ltr'><strong>ligerent</strong></span> <span class='ocrx_word' id='word_1_345' title='bbox 1096 801 1318 877; x_wconf 89' lang='lat' dir='ltr'><strong>aliquatenus,</strong></span> <span class='ocrx_word' id='word_1_346' title='bbox 1336 801 1364 861; x_wconf 91' lang='lat' dir='ltr'><strong>si</strong></span> <span class='ocrx_word' id='word_1_347' title='bbox 1380 817 1447 862; x_wconf 91' lang='lat' dir='ltr'><strong>non</strong></span> <span class='ocrx_word' id='word_1_348' title='bbox 1462 801 1498 862; x_wconf 92' lang='lat' dir='ltr'><strong>ut</strong></span> <span class='ocrx_word' id='word_1_349' title='bbox 1512 802 1644 874; x_wconf 84' lang='lat' dir='ltr'><strong>animae,</strong></span> <span class='ocrx_word' id='word_1_350' title='bbox 1664 802 1733 863; x_wconf 88' lang='lat' dir='ltr'><strong>sal-</strong></span> 
     </span>
     <span class='ocr_line' id='line_1_63' title="bbox 936 897 1732 971; baseline 0.001 -12"><span class='ocrx_word' id='word_1_351' title='bbox 936 901 1003 959; x_wconf 93' lang='lat' dir='ltr'><strong>tem</strong></span> <span class='ocrx_word' id='word_1_352' title='bbox 1021 899 1057 960; x_wconf 91' lang='lat' dir='ltr'><strong>ut</strong></span> <span class='ocrx_word' id='word_1_353' title='bbox 1078 897 1175 959; x_wconf 78' lang='lat' dir='ltr'><strong>famae</strong></span> <span class='ocrx_word' id='word_1_354' title='bbox 1197 897 1419 970; x_wconf 90' lang='lat' dir='ltr'><strong>consulerent,</strong></span> <span class='ocrx_word' id='word_1_355' title='bbox 1443 897 1669 971; x_wconf 89' lang='lat' dir='ltr'><strong>hortarentur,</strong></span> <span class='ocrx_word' id='word_1_356' title='bbox 1689 899 1732 962; x_wconf 90' lang='lat' dir='ltr'><strong>ad</strong></span> 
     </span>
     <span class='ocr_line' id='line_1_64' title="bbox 937 995 1730 1072; baseline 0.004 -17"><span class='ocrx_word' id='word_1_357' title='bbox 937 996 1100 1072; x_wconf 88' lang='lat' dir='ltr'><strong>gremium</strong></span> <span class='ocrx_word' id='word_1_358' title='bbox 1110 996 1226 1058; x_wconf 90' lang='lat' dir='ltr'><strong>matris</strong></span> <span class='ocrx_word' id='word_1_359' title='bbox 1236 995 1391 1057; x_wconf 82' lang='lat' dir='ltr'><strong>Ecclesiae</strong></span> <span class='ocrx_word' id='word_1_360' title='bbox 1402 996 1556 1057; x_wconf 88' lang='lat' dir='ltr'><strong>celeriter</strong></span> <span class='ocrx_word' id='word_1_361' title='bbox 1566 997 1598 1058; x_wconf 92' lang='lat' dir='ltr'><strong>te</strong></span> <span class='ocrx_word' id='word_1_362' title='bbox 1608 997 1730 1069; x_wconf 91' lang='lat' dir='ltr'><strong>redire,</strong></span> 
     </span>
     <span class='ocr_line' id='line_1_65' title="bbox 937 1093 1732 1170; baseline 0.003 -16"><span class='ocrx_word' id='word_1_363' title='bbox 937 1108 1012 1154; x_wconf 93' lang='lat' dir='ltr'><strong>cum</strong></span> <span class='ocrx_word' id='word_1_364' title='bbox 1039 1093 1290 1170; x_wconf 91' lang='lat' dir='ltr'><strong>circumscripto</strong></span> <span class='ocrx_word' id='word_1_365' title='bbox 1320 1094 1441 1154; x_wconf 90' lang='lat' dir='ltr'><strong>timore</strong></span> <span class='ocrx_word' id='word_1_366' title='bbox 1474 1093 1598 1165; x_wconf 88' lang='lat' dir='ltr'><strong>divino,</strong></span> <span class='ocrx_word' id='word_1_367' title='bbox 1634 1111 1732 1170; x_wconf 91' lang='lat' dir='ltr'><strong>quem</strong></span> 
     </span>
     <span class='ocr_line' id='line_1_66' title="bbox 938 1190 1730 1269; baseline 0.005 -19"><span class='ocrx_word' id='word_1_368' title='bbox 938 1191 1060 1267; x_wconf 90' lang='lat' dir='ltr'><strong>quanto</strong></span> <span class='ocrx_word' id='word_1_369' title='bbox 1087 1190 1212 1252; x_wconf 91' lang='lat' dir='ltr'><strong>diutius</strong></span> <span class='ocrx_word' id='word_1_370' title='bbox 1236 1190 1366 1269; x_wconf 90' lang='lat' dir='ltr'><strong>abjicis,</strong></span> <span class='ocrx_word' id='word_1_371' title='bbox 1390 1191 1482 1252; x_wconf 91' lang='lat' dir='ltr'><strong>tanto</strong></span> <span class='ocrx_word' id='word_1_372' title='bbox 1508 1191 1730 1254; x_wconf 88' lang='lat' dir='ltr'><strong>damnabilius</strong></span> 
     </span>
     <span class='ocr_line' id='line_1_67' title="bbox 937 1287 1733 1364; baseline 0.003 -15"><span class='ocrx_word' id='word_1_373' title='bbox 937 1287 1078 1349; x_wconf 88' lang='lat' dir='ltr'><strong>efficeris</strong></span> <span class='ocrx_word' id='word_1_374' title='bbox 1094 1303 1113 1348; x_wconf 88' lang='lat' dir='ltr'><strong>a</strong></span> <span class='ocrx_word' id='word_1_375' title='bbox 1128 1289 1268 1350; x_wconf 89' lang='lat' dir='ltr'><strong>Domino</strong></span> <span class='ocrx_word' id='word_1_376' title='bbox 1290 1288 1431 1359; x_wconf 89' lang='lat' dir='ltr'><strong>alienus,</strong></span> <span class='ocrx_word' id='word_1_377' title='bbox 1453 1288 1672 1364; x_wconf 82' lang='lat' dir='ltr'><strong>ignominiam</strong></span> <span class='ocrx_word' id='word_1_378' title='bbox 1690 1305 1733 1351; x_wconf 86' lang='lat' dir='ltr'><strong>ex</strong></span> 
     </span>
     <span class='ocr_line' id='line_1_68' title="bbox 937 1383 1733 1456; baseline 0.003 -13"><span class='ocrx_word' id='word_1_379' title='bbox 937 1383 1000 1444; x_wconf 93' lang='lat' dir='ltr'><strong>hoc</strong></span> <span class='ocrx_word' id='word_1_380' title='bbox 1014 1383 1199 1445; x_wconf 87' lang='lat' dir='ltr'><strong>incurreris</strong></span> <span class='ocrx_word' id='word_1_381' title='bbox 1210 1383 1414 1456; x_wconf 89' lang='lat' dir='ltr'><strong>detestando,</strong></span> <span class='ocrx_word' id='word_1_382' title='bbox 1427 1383 1504 1445; x_wconf 92' lang='lat' dir='ltr'><strong>dum</strong></span> <span class='ocrx_word' id='word_1_383' title='bbox 1519 1400 1538 1446; x_wconf 90' lang='lat' dir='ltr'><strong>a</strong></span> <span class='ocrx_word' id='word_1_384' title='bbox 1553 1385 1665 1446; x_wconf 88' lang='lat' dir='ltr'><strong>multis</strong></span> <span class='ocrx_word' id='word_1_385' title='bbox 1680 1385 1733 1446; x_wconf 95' lang='lat' dir='ltr'><strong>di-</strong></span> 
     </span>
     <span class='ocr_line' id='line_1_69' title="bbox 937 1481 1732 1558; baseline 0.004 -16"><span class='ocrx_word' id='word_1_386' title='bbox 937 1481 1048 1543; x_wconf 92' lang='lat' dir='ltr'><strong>citur:</strong></span> <span class='ocrx_word' id='word_1_387' title='bbox 1069 1483 1189 1544; x_wconf 78' lang='lat' dir='ltr'><strong>hiccine</strong></span> <span class='ocrx_word' id='word_1_388' title='bbox 1213 1497 1285 1554; x_wconf 81' lang='lat' dir='ltr'><strong>rex,</strong></span> <span class='ocrx_word' id='word_1_389' title='bbox 1310 1483 1366 1558; x_wconf 94' lang='lat' dir='ltr'><strong>qui</strong></span> <span class='ocrx_word' id='word_1_390' title='bbox 1386 1481 1506 1544; x_wconf 84' lang='lat' dir='ltr'><strong>contra</strong></span> <span class='ocrx_word' id='word_1_391' title='bbox 1526 1483 1671 1544; x_wconf 88' lang='lat' dir='ltr'><strong>inermes</strong></span> <span class='ocrx_word' id='word_1_392' title='bbox 1696 1500 1732 1545; x_wconf 93' lang='lat' dir='ltr'><strong>se</strong></span> 
     </span>
     <span class='ocr_line' id='line_1_70' title="bbox 937 1579 1732 1657; baseline 0.004 -17"><span class='ocrx_word' id='word_1_393' title='bbox 937 1593 1083 1651; x_wconf 89' lang='lat' dir='ltr'><strong>armans,</strong></span> <span class='ocrx_word' id='word_1_394' title='bbox 1109 1579 1268 1656; x_wconf 82' lang='lat' dir='ltr'><strong>gladium,</strong></span> <span class='ocrx_word' id='word_1_395' title='bbox 1295 1579 1457 1657; x_wconf 90' lang='lat' dir='ltr'><strong>quemad</strong></span> <span class='ocrx_word' id='word_1_396' title='bbox 1481 1579 1732 1643; x_wconf 85' lang='lat' dir='ltr'><strong>malefactorum</strong></span> 
     </span>
     <span class='ocr_line' id='line_1_71' title="bbox 938 1676 1733 1757; baseline 0.003 -19"><span class='ocrx_word' id='word_1_397' title='bbox 938 1676 1128 1750; x_wconf 88' lang='lat' dir='ltr'><strong>vindictam,</strong></span> <span class='ocrx_word' id='word_1_398' title='bbox 1150 1676 1282 1738; x_wconf 92' lang='lat' dir='ltr'><strong>laudem</strong></span> <span class='ocrx_word' id='word_1_399' title='bbox 1301 1693 1381 1739; x_wconf 87' lang='lat' dir='ltr'><strong>vero</strong></span> <span class='ocrx_word' id='word_1_400' title='bbox 1403 1677 1565 1739; x_wconf 92' lang='lat' dir='ltr'><strong>bonorum</strong></span> <span class='ocrx_word' id='word_1_401' title='bbox 1585 1679 1733 1757; x_wconf 90' lang='lat' dir='ltr'><strong>suscepit</strong></span> 
     </span>
     <span class='ocr_line' id='line_1_72' title="bbox 938 1773 1733 1852; baseline 0.005 -18"><span class='ocrx_word' id='word_1_402' title='bbox 938 1789 957 1834; x_wconf 91' lang='lat' dir='ltr'><strong>a</strong></span> <span class='ocrx_word' id='word_1_403' title='bbox 970 1775 1109 1836; x_wconf 83' lang='lat' dir='ltr'><strong>Domino</strong></span> <span class='ocrx_word' id='word_1_404' title='bbox 1123 1773 1350 1852; x_wconf 89' lang='lat' dir='ltr'><strong>bajulandum,</strong></span> <span class='ocrx_word' id='word_1_405' title='bbox 1368 1775 1458 1836; x_wconf 90' lang='lat' dir='ltr'><strong>acuit</strong></span> <span class='ocrx_word' id='word_1_406' title='bbox 1472 1775 1507 1835; x_wconf 91' lang='lat' dir='ltr'><strong>in</strong></span> <span class='ocrx_word' id='word_1_407' title='bbox 1522 1777 1652 1838; x_wconf 81' lang='lat' dir='ltr'><strong>viscera</strong></span> <span class='ocrx_word' id='word_1_408' title='bbox 1666 1793 1733 1842; x_wconf 91' lang='lat' dir='ltr'><strong>ma·</strong></span> 
     </span>
     <span class='ocr_line' id='line_1_73' title="bbox 937 1869 1733 1950; baseline 0.003 -17"><span class='ocrx_word' id='word_1_409' title='bbox 937 1869 998 1933; x_wconf 88' lang='lat' dir='ltr'><strong>tris</strong></span> <span class='ocrx_word' id='word_1_410' title='bbox 1013 1885 1093 1942; x_wconf 83' lang='lat' dir='ltr'><strong>suae,</strong></span> <span class='ocrx_word' id='word_1_411' title='bbox 1111 1873 1246 1948; x_wconf 87' lang='lat' dir='ltr'><strong>paratus</strong></span> <span class='ocrx_word' id='word_1_412' title='bbox 1260 1872 1369 1948; x_wconf 91' lang='lat' dir='ltr'><strong>perire</strong></span> <span class='ocrx_word' id='word_1_413' title='bbox 1383 1871 1493 1950; x_wconf 88' lang='lat' dir='ltr'><strong>potius</strong></span> <span class='ocrx_word' id='word_1_414' title='bbox 1508 1889 1607 1949; x_wconf 88' lang='lat' dir='ltr'><strong>quam</strong></span> <span class='ocrx_word' id='word_1_415' title='bbox 1623 1873 1733 1935; x_wconf 83' lang='lat' dir='ltr'><strong>Eccle-</strong></span> 
     </span>
     <span class='ocr_line' id='line_1_74' title="bbox 938 1968 1321 2045; baseline 0 -17"><span class='ocrx_word' id='word_1_416' title='bbox 938 1968 997 2028; x_wconf 87' lang='lat' dir='ltr'><strong>siae</strong></span> <span class='ocrx_word' id='word_1_417' title='bbox 1012 1968 1168 2030; x_wconf 88' lang='lat' dir='ltr'><strong>mandato</strong></span> <span class='ocrx_word' id='word_1_418' title='bbox 1183 1971 1321 2045; x_wconf 84' lang='lat' dir='ltr'><strong>pareret</strong></span> 
     </span>
    </p>

    <p class='ocr_par' dir='ltr' id='par_1_8' title="bbox 936 2065 1791 5148">
     <span class='ocr_line' id='line_1_75' title="bbox 979 2065 1734 2144; baseline 0.004 -17"><span class='ocrx_word' id='word_1_419' title='bbox 979 2067 1021 2128; x_wconf 93' lang='lat' dir='ltr'><strong>Ut</strong></span> <span class='ocrx_word' id='word_1_420' title='bbox 1031 2065 1465 2142; x_wconf 84' lang='lat' dir='ltr'><strong>igiturexmonitisiteratis</strong></span> <span class='ocrx_word' id='word_1_421' title='bbox 1476 2067 1606 2144; x_wconf 87' lang='lat' dir='ltr'><strong>plenius</strong></span> <span class='ocrx_word' id='word_1_422' title='bbox 1616 2083 1734 2144; x_wconf 87' lang='lat' dir='ltr'><strong>agnos·</strong></span> 
     </span>
     <span class='ocr_line' id='line_1_76' title="bbox 938 2162 1734 2242; baseline 0.003 -18"><span class='ocrx_word' id='word_1_423' title='bbox 938 2179 1016 2224; x_wconf 91' lang='lat' dir='ltr'><strong>cens</strong></span> <span class='ocrx_word' id='word_1_424' title='bbox 1027 2163 1191 2224; x_wconf 90' lang='lat' dir='ltr'><strong>monentis</strong></span> <span class='ocrx_word' id='word_1_425' title='bbox 1203 2162 1369 2235; x_wconf 86' lang='lat' dir='ltr'><strong>affectum,</strong></span> <span class='ocrx_word' id='word_1_426' title='bbox 1383 2165 1431 2224; x_wconf 94' lang='lat' dir='ltr'><strong>eis</strong></span> <span class='ocrx_word' id='word_1_427' title='bbox 1443 2163 1601 2226; x_wconf 89' lang='lat' dir='ltr'><strong>libentius</strong></span> <span class='ocrx_word' id='word_1_428' title='bbox 1613 2165 1647 2228; x_wconf 90' lang='lat' dir='ltr'><strong>et</strong></span> <span class='ocrx_word' id='word_1_429' title='bbox 1656 2181 1734 2242; x_wconf 90' lang='lat' dir='ltr'><strong>per-</strong></span> 
     </span>
     <span class='ocr_line' id='line_1_77' title="bbox 937 2259 1734 2346; baseline 0.006 -26"><span class='ocrx_word' id='word_1_430' title='bbox 937 2259 1055 2322; x_wconf 89' lang='lat' dir='ltr'><strong>fectius</strong></span> <span class='ocrx_word' id='word_1_431' title='bbox 1073 2261 1278 2346; x_wconf 87' lang='lat' dir='ltr'><strong>acquiescas,</strong></span> <span class='ocrx_word' id='word_1_432' title='bbox 1298 2262 1512 2323; x_wconf 89' lang='lat' dir='ltr'><strong>serenitatem</strong></span> <span class='ocrx_word' id='word_1_433' title='bbox 1527 2261 1654 2338; x_wconf 88' lang='lat' dir='ltr'><strong>regiam</strong></span> <span class='ocrx_word' id='word_1_434' title='bbox 1674 2279 1734 2341; x_wconf 89' lang='lat' dir='ltr'><strong>per</strong></span> 
     </span>
     <span class='ocr_line' id='line_1_78' title="bbox 937 2356 1735 2434; baseline 0.006 -17"><span class='ocrx_word' id='word_1_435' title='bbox 937 2356 1058 2418; x_wconf 88' lang='lat' dir='ltr'><strong>iterata</strong></span> <span class='ocrx_word' id='word_1_436' title='bbox 1087 2357 1211 2434; x_wconf 88' lang='lat' dir='ltr'><strong>scripta</strong></span> <span class='ocrx_word' id='word_1_437' title='bbox 1237 2371 1409 2418; x_wconf 89' lang='lat' dir='ltr'><strong>monemus</strong></span> <span class='ocrx_word' id='word_1_438' title='bbox 1431 2359 1464 2419; x_wconf 88' lang='lat' dir='ltr'><strong>ot</strong></span> <span class='ocrx_word' id='word_1_439' title='bbox 1487 2357 1661 2420; x_wconf 88' lang='lat' dir='ltr'><strong>hortamur</strong></span> <span class='ocrx_word' id='word_1_440' title='bbox 1681 2361 1735 2422; x_wconf 85' lang='lat' dir='ltr'><strong>at-</strong></span> 
     </span>
     <span class='ocr_line' id='line_1_79' title="bbox 937 2453 1733 2532; baseline 0.004 -18"><span class='ocrx_word' id='word_1_441' title='bbox 937 2454 1038 2525; x_wconf 90' lang='lat' dir='ltr'><strong>tente,</strong></span> <span class='ocrx_word' id='word_1_442' title='bbox 1065 2467 1125 2530; x_wconf 93' lang='lat' dir='ltr'><strong>per</strong></span> <span class='ocrx_word' id='word_1_443' title='bbox 1144 2469 1219 2514; x_wconf 91' lang='lat' dir='ltr'><strong>eum</strong></span> <span class='ocrx_word' id='word_1_444' title='bbox 1244 2455 1301 2530; x_wconf 90' lang='lat' dir='ltr'><strong>qui</strong></span> <span class='ocrx_word' id='word_1_445' title='bbox 1324 2453 1487 2514; x_wconf 83' lang='lat' dir='ltr'><strong>venturus</strong></span> <span class='ocrx_word' id='word_1_446' title='bbox 1511 2455 1561 2517; x_wconf 91' lang='lat' dir='ltr'><strong>est</strong></span> <span class='ocrx_word' id='word_1_447' title='bbox 1580 2455 1733 2532; x_wconf 88' lang='lat' dir='ltr'><strong>judicare</strong></span> 
     </span>
     <span class='ocr_line' id='line_1_80' title="bbox 937 2549 1732 2626; baseline 0.003 -14"><span class='ocrx_word' id='word_1_448' title='bbox 937 2551 1031 2612; x_wconf 84' lang='lat' dir='ltr'><strong>vivos</strong></span> <span class='ocrx_word' id='word_1_449' title='bbox 1047 2552 1081 2613; x_wconf 92' lang='lat' dir='ltr'><strong>et</strong></span> <span class='ocrx_word' id='word_1_450' title='bbox 1100 2551 1247 2613; x_wconf 91' lang='lat' dir='ltr'><strong>mortuos</strong></span> <span class='ocrx_word' id='word_1_451' title='bbox 1267 2551 1486 2612; x_wconf 90' lang='lat' dir='ltr'><strong>nihilominus</strong></span> <span class='ocrx_word' id='word_1_452' title='bbox 1506 2549 1732 2626; x_wconf 88' lang='lat' dir='ltr'><strong>obsecrantes,</strong></span> 
     </span>
     <span class='ocr_line' id='line_1_81' title="bbox 938 2641 1734 2726; baseline 0.006 -18"><span class='ocrx_word' id='word_1_453' title='bbox 938 2641 1100 2726; x_wconf 85' lang='lat' dir='ltr'><strong>quatenus</strong></span> <span class='ocrx_word' id='word_1_454' title='bbox 1120 2649 1239 2710; x_wconf 89' lang='lat' dir='ltr'><strong>saltem</strong></span> <span class='ocrx_word' id='word_1_455' title='bbox 1254 2664 1297 2711; x_wconf 84' lang='lat' dir='ltr'><strong>ex</strong></span> <span class='ocrx_word' id='word_1_456' title='bbox 1312 2649 1375 2710; x_wconf 92' lang='lat' dir='ltr'><strong>hoc</strong></span> <span class='ocrx_word' id='word_1_457' title='bbox 1391 2665 1478 2712; x_wconf 90' lang='lat' dir='ltr'><strong>nnnc</strong></span> <span class='ocrx_word' id='word_1_458' title='bbox 1493 2651 1614 2723; x_wconf 89' lang='lat' dir='ltr'><strong>sciens,</strong></span> <span class='ocrx_word' id='word_1_459' title='bbox 1634 2656 1668 2713; x_wconf 91' lang='lat' dir='ltr'><strong>et</strong></span> <span class='ocrx_word' id='word_1_460' title='bbox 1682 2653 1734 2712; x_wconf 88' lang='lat' dir='ltr'><strong>vi-</strong></span> 
     </span>
     <span class='ocr_line' id='line_1_82' title="bbox 938 2745 1733 2824; baseline 0.004 -18"><span class='ocrx_word' id='word_1_461' title='bbox 938 2747 1019 2808; x_wconf 88' lang='lat' dir='ltr'><strong>dens</strong></span> <span class='ocrx_word' id='word_1_462' title='bbox 1034 2747 1114 2822; x_wconf 85' lang='lat' dir='ltr'><strong>quia</strong></span> <span class='ocrx_word' id='word_1_463' title='bbox 1128 2745 1253 2807; x_wconf 92' lang='lat' dir='ltr'><strong>malum</strong></span> <span class='ocrx_word' id='word_1_464' title='bbox 1273 2747 1305 2808; x_wconf 89' lang='lat' dir='ltr'><strong>et</strong></span> <span class='ocrx_word' id='word_1_465' title='bbox 1320 2761 1471 2809; x_wconf 90' lang='lat' dir='ltr'><strong>amarum</strong></span> <span class='ocrx_word' id='word_1_466' title='bbox 1490 2749 1541 2808; x_wconf 89' lang='lat' dir='ltr'><strong>est</strong></span> <span class='ocrx_word' id='word_1_467' title='bbox 1555 2747 1733 2824; x_wconf 88' lang='lat' dir='ltr'><strong>reliquisse</strong></span> 
     </span>
     <span class='ocr_line' id='line_1_83' title="bbox 937 2841 1733 2918; baseline 0.001 -15"><span class='ocrx_word' id='word_1_468' title='bbox 937 2842 970 2903; x_wconf 93' lang='lat' dir='ltr'><strong>te</strong></span> <span class='ocrx_word' id='word_1_469' title='bbox 991 2841 1167 2902; x_wconf 90' lang='lat' dir='ltr'><strong>Dominum</strong></span> <span class='ocrx_word' id='word_1_470' title='bbox 1191 2844 1294 2902; x_wconf 85' lang='lat' dir='ltr'><strong>Deam</strong></span> <span class='ocrx_word' id='word_1_471' title='bbox 1316 2842 1421 2913; x_wconf 93' lang='lat' dir='ltr'><strong>tuum,</strong></span> <span class='ocrx_word' id='word_1_472' title='bbox 1445 2842 1478 2904; x_wconf 89' lang='lat' dir='ltr'><strong>et</strong></span> <span class='ocrx_word' id='word_1_473' title='bbox 1501 2841 1589 2918; x_wconf 89' lang='lat' dir='ltr'><strong>apud</strong></span> <span class='ocrx_word' id='word_1_474' title='bbox 1615 2845 1648 2904; x_wconf 91' lang='lat' dir='ltr'><strong>te</strong></span> <span class='ocrx_word' id='word_1_475' title='bbox 1672 2857 1733 2904; x_wconf 91' lang='lat' dir='ltr'><strong>nec</strong></span> 
     </span>
     <span class='ocr_line' id='line_1_84' title="bbox 937 2938 1731 3016; baseline 0.003 -17"><span class='ocrx_word' id='word_1_476' title='bbox 937 2941 1009 3016; x_wconf 87' lang='lat' dir='ltr'><strong>ejus</strong></span> <span class='ocrx_word' id='word_1_477' title='bbox 1020 2953 1094 3000; x_wconf 90' lang='lat' dir='ltr'><strong>esse</strong></span> <span class='ocrx_word' id='word_1_478' title='bbox 1104 2938 1268 3010; x_wconf 90' lang='lat' dir='ltr'><strong>timorem,</strong></span> <span class='ocrx_word' id='word_1_479' title='bbox 1281 2939 1431 3002; x_wconf 85' lang='lat' dir='ltr'><strong>converti</strong></span> <span class='ocrx_word' id='word_1_480' title='bbox 1441 2939 1580 3001; x_wconf 88' lang='lat' dir='ltr'><strong>festines</strong></span> <span class='ocrx_word' id='word_1_481' title='bbox 1591 2940 1631 3000; x_wconf 89' lang='lat' dir='ltr'><strong>ad</strong></span> <span class='ocrx_word' id='word_1_482' title='bbox 1643 2956 1731 3014; x_wconf 90' lang='lat' dir='ltr'><strong>eum,</strong></span> 
     </span>
     <span class='ocr_line' id='line_1_85' title="bbox 937 3031 1731 3110; baseline 0.001 -14"><span class='ocrx_word' id='word_1_483' title='bbox 937 3037 970 3098; x_wconf 89' lang='lat' dir='ltr'><strong>et</strong></span> <span class='ocrx_word' id='word_1_484' title='bbox 988 3035 1120 3098; x_wconf 90' lang='lat' dir='ltr'><strong>restitui</strong></span> <span class='ocrx_word' id='word_1_485' title='bbox 1143 3036 1311 3098; x_wconf 85' lang='lat' dir='ltr'><strong>acceleres</strong></span> <span class='ocrx_word' id='word_1_486' title='bbox 1335 3031 1577 3098; x_wconf 83' lang='lat' dir='ltr'><strong>Ecclesiasticae</strong></span> <span class='ocrx_word' id='word_1_487' title='bbox 1598 3036 1731 3110; x_wconf 90' lang='lat' dir='ltr'><strong>unitati,</strong></span> 
     </span>
     <span class='ocr_line' id='line_1_86' title="bbox 938 3133 1735 3210; baseline 0.001 -16"><span class='ocrx_word' id='word_1_488' title='bbox 938 3147 1125 3210; x_wconf 88' lang='lat' dir='ltr'><strong>eruensque</strong></span> <span class='ocrx_word' id='word_1_489' title='bbox 1138 3133 1173 3195; x_wconf 87' lang='lat' dir='ltr'><strong>te</strong></span> <span class='ocrx_word' id='word_1_490' title='bbox 1187 3133 1227 3194; x_wconf 87' lang='lat' dir='ltr'><strong>de</strong></span> <span class='ocrx_word' id='word_1_491' title='bbox 1242 3133 1372 3210; x_wconf 87' lang='lat' dir='ltr'><strong>laqueo,</strong></span> <span class='ocrx_word' id='word_1_492' title='bbox 1389 3133 1425 3194; x_wconf 93' lang='lat' dir='ltr'><strong>in</strong></span> <span class='ocrx_word' id='word_1_493' title='bbox 1438 3148 1535 3210; x_wconf 86' lang='lat' dir='ltr'><strong>quem</strong></span> <span class='ocrx_word' id='word_1_494' title='bbox 1548 3134 1582 3196; x_wconf 93' lang='lat' dir='ltr'><strong>et</strong></span> <span class='ocrx_word' id='word_1_495' title='bbox 1600 3135 1735 3210; x_wconf 89' lang='lat' dir='ltr'><strong>pericu-</strong></span> 
     </span>
     <span class='ocr_line' id='line_1_87' title="bbox 937 3229 1734 3308; baseline 0.004 -17"><span class='ocrx_word' id='word_1_496' title='bbox 937 3231 1044 3292; x_wconf 91' lang='lat' dir='ltr'><strong>losum</strong></span> <span class='ocrx_word' id='word_1_497' title='bbox 1060 3231 1094 3292; x_wconf 91' lang='lat' dir='ltr'><strong>et</strong></span> <span class='ocrx_word' id='word_1_498' title='bbox 1107 3229 1304 3308; x_wconf 85' lang='lat' dir='ltr'><strong>probrosum</strong></span> <span class='ocrx_word' id='word_1_499' title='bbox 1316 3245 1390 3293; x_wconf 89' lang='lat' dir='ltr'><strong>esse</strong></span> <span class='ocrx_word' id='word_1_500' title='bbox 1401 3233 1434 3292; x_wconf 89' lang='lat' dir='ltr'><strong>te</strong></span> <span class='ocrx_word' id='word_1_501' title='bbox 1450 3247 1516 3293; x_wconf 90' lang='lat' dir='ltr'><strong>non</strong></span> <span class='ocrx_word' id='word_1_502' title='bbox 1531 3231 1663 3294; x_wconf 88' lang='lat' dir='ltr'><strong>dubitas</strong></span> <span class='ocrx_word' id='word_1_503' title='bbox 1679 3233 1734 3294; x_wconf 85' lang='lat' dir='ltr'><strong>in-</strong></span> 
     </span>
     <span class='ocr_line' id='line_1_88' title="bbox 937 3328 1736 3407; baseline 0.006 -18"><span class='ocrx_word' id='word_1_504' title='bbox 937 3329 1100 3401; x_wconf 87' lang='lat' dir='ltr'><strong>currisse;</strong></span> <span class='ocrx_word' id='word_1_505' title='bbox 1118 3343 1206 3405; x_wconf 88' lang='lat' dir='ltr'><strong>saepe</strong></span> <span class='ocrx_word' id='word_1_506' title='bbox 1219 3328 1344 3391; x_wconf 90' lang='lat' dir='ltr'><strong>dictum</strong></span> <span class='ocrx_word' id='word_1_507' title='bbox 1359 3328 1658 3407; x_wconf 89' lang='lat' dir='ltr'><strong>archiepiscopum,</strong></span> <span class='ocrx_word' id='word_1_508' title='bbox 1672 3345 1736 3394; x_wconf 85' lang='lat' dir='ltr'><strong>ex-</strong></span> 
     </span>
     <span class='ocr_line' id='line_1_89' title="bbox 938 3425 1741 3499; baseline 0.004 -13"><span class='ocrx_word' id='word_1_509' title='bbox 938 3426 1045 3488; x_wconf 88' lang='lat' dir='ltr'><strong>hibita</strong></span> <span class='ocrx_word' id='word_1_510' title='bbox 1063 3425 1138 3497; x_wconf 89' lang='lat' dir='ltr'><strong>sibi,</strong></span> <span class='ocrx_word' id='word_1_511' title='bbox 1161 3441 1290 3488; x_wconf 91' lang='lat' dir='ltr'><strong>necnon</strong></span> <span class='ocrx_word' id='word_1_512' title='bbox 1317 3426 1575 3499; x_wconf 88' lang='lat' dir='ltr'><strong>cathedralibus,</strong></span> <span class='ocrx_word' id='word_1_513' title='bbox 1597 3429 1630 3490; x_wconf 90' lang='lat' dir='ltr'><strong>et</strong></span> <span class='ocrx_word' id='word_1_514' title='bbox 1657 3428 1741 3490; x_wconf 91' lang='lat' dir='ltr'><strong>aliis</strong></span> 
     </span>
     <span class='ocr_line' id='line_1_90' title="bbox 938 3521 1735 3600; baseline 0.004 -16"><span class='ocrx_word' id='word_1_515' title='bbox 938 3521 1100 3596; x_wconf 88' lang='lat' dir='ltr'><strong>ecclesiis,</strong></span> <span class='ocrx_word' id='word_1_516' title='bbox 1126 3524 1353 3597; x_wconf 89' lang='lat' dir='ltr'><strong>monasteriis,</strong></span> <span class='ocrx_word' id='word_1_517' title='bbox 1377 3524 1609 3600; x_wconf 90' lang='lat' dir='ltr'><strong>hospitalibus,</strong></span> <span class='ocrx_word' id='word_1_518' title='bbox 1627 3525 1735 3587; x_wconf 91' lang='lat' dir='ltr'><strong>domi·</strong></span> 
     </span>
     <span class='ocr_line' id='line_1_91' title="bbox 937 3621 1731 3700; baseline 0.003 -18"><span class='ocrx_word' id='word_1_519' title='bbox 937 3621 998 3683; x_wconf 92' lang='lat' dir='ltr'><strong>bus</strong></span> <span class='ocrx_word' id='word_1_520' title='bbox 1011 3621 1139 3683; x_wconf 83' lang='lat' dir='ltr'><strong>militiae</strong></span> <span class='ocrx_word' id='word_1_521' title='bbox 1154 3622 1292 3700; x_wconf 79' lang='lat' dir='ltr'><strong>Templi,</strong></span> <span class='ocrx_word' id='word_1_522' title='bbox 1312 3624 1344 3684; x_wconf 88' lang='lat' dir='ltr'><strong>et</strong></span> <span class='ocrx_word' id='word_1_523' title='bbox 1359 3621 1436 3683; x_wconf 89' lang='lat' dir='ltr'><strong>aliis</strong></span> <span class='ocrx_word' id='word_1_524' title='bbox 1456 3621 1537 3684; x_wconf 90' lang='lat' dir='ltr'><strong>locis</strong></span> <span class='ocrx_word' id='word_1_525' title='bbox 1552 3623 1731 3698; x_wconf 87' lang='lat' dir='ltr'><strong>religiosis,</strong></span> 
     </span>
     <span class='ocr_line' id='line_1_92' title="bbox 938 3718 1735 3797; baseline 0.003 -17"><span class='ocrx_word' id='word_1_526' title='bbox 938 3720 970 3781; x_wconf 91' lang='lat' dir='ltr'><strong>et</strong></span> <span class='ocrx_word' id='word_1_527' title='bbox 991 3718 1134 3791; x_wconf 92' lang='lat' dir='ltr'><strong>clericis,</strong></span> <span class='ocrx_word' id='word_1_528' title='bbox 1152 3719 1192 3780; x_wconf 89' lang='lat' dir='ltr'><strong>de</strong></span> <span class='ocrx_word' id='word_1_529' title='bbox 1207 3719 1261 3792; x_wconf 92' lang='lat' dir='ltr'><strong>iis,</strong></span> <span class='ocrx_word' id='word_1_530' title='bbox 1283 3718 1324 3780; x_wconf 93' lang='lat' dir='ltr'><strong>de</strong></span> <span class='ocrx_word' id='word_1_531' title='bbox 1345 3719 1465 3796; x_wconf 90' lang='lat' dir='ltr'><strong>quibus</strong></span> <span class='ocrx_word' id='word_1_532' title='bbox 1487 3720 1575 3792; x_wconf 88' lang='lat' dir='ltr'><strong>ante,</strong></span> <span class='ocrx_word' id='word_1_533' title='bbox 1592 3720 1645 3782; x_wconf 84' lang='lat' dir='ltr'><strong>vel</strong></span> <span class='ocrx_word' id='word_1_534' title='bbox 1660 3724 1735 3797; x_wconf 85' lang='lat' dir='ltr'><strong>post</strong></span> 
     </span>
     <span class='ocr_line' id='line_1_93' title="bbox 938 3815 1730 3893; baseline 0 -15"><span class='ocrx_word' id='word_1_535' title='bbox 938 3815 1529 3893; x_wconf 80' lang='lat' dir='ltr'><strong>excommunicationemdignosceris</strong></span> <span class='ocrx_word' id='word_1_536' title='bbox 1539 3818 1730 3890; x_wconf 89' lang='lat' dir='ltr'><strong>offendisse,</strong></span> 
     </span>
     <span class='ocr_line' id='line_1_94' title="bbox 939 3913 1778 3991; baseline 0.001 -16"><span class='ocrx_word' id='word_1_537' title='bbox 939 3913 1166 3976; x_wconf 89' lang='lat' dir='ltr'><strong>satisfactione</strong></span> <span class='ocrx_word' id='word_1_538' title='bbox 1192 3913 1367 3991; x_wconf 85' lang='lat' dir='ltr'><strong>condigna,</strong></span> <span class='ocrx_word' id='word_1_539' title='bbox 1391 3929 1528 3976; x_wconf 86' lang='lat' dir='ltr'><strong>revoces</strong></span> <span class='ocrx_word' id='word_1_540' title='bbox 1556 3915 1730 3978; x_wconf 88' lang='lat' dir='ltr'><strong>adsedem</strong></span> <span class='ocrx_word' id='word_1_541' title='bbox 1777 3919 1778 3922; x_wconf 76' lang='grc'>’</span> 
     </span>
     <span class='ocr_line' id='line_1_95' title="bbox 938 4011 1789 4091; baseline 0.005 -20"><span class='ocrx_word' id='word_1_542' title='bbox 938 4011 1107 4091; x_wconf 87' lang='lat' dir='ltr'><strong>propriam</strong></span> <span class='ocrx_word' id='word_1_543' title='bbox 1118 4027 1192 4072; x_wconf 93' lang='lat' dir='ltr'><strong>cum</strong></span> <span class='ocrx_word' id='word_1_544' title='bbox 1206 4012 1345 4074; x_wconf 86' lang='lat' dir='ltr'><strong>honore.</strong></span> <span class='ocrx_word' id='word_1_545' title='bbox 1360 4013 1443 4083; x_wconf 87' lang='lat' dir='ltr'><strong>Quia</strong></span> <span class='ocrx_word' id='word_1_546' title='bbox 1457 4015 1579 4090; x_wconf 87' lang='lat' dir='ltr'><strong>quanto</strong></span> <span class='ocrx_word' id='word_1_547' title='bbox 1592 4013 1652 4074; x_wconf 92' lang='lat' dir='ltr'><strong>sub</strong></span> <span class='ocrx_word' id='word_1_548' title='bbox 1666 4029 1733 4075; x_wconf 88' lang='lat' dir='ltr'><strong>om·</strong></span> <span class='ocrx_word' id='word_1_549' title='bbox 1787 4011 1789 4014; x_wconf 79' lang='grc'><strong>’</strong></span> 
     </span>
     <span class='ocr_line' id='line_1_96' title="bbox 937 4107 1733 4186; baseline 0.003 -16"><span class='ocrx_word' id='word_1_550' title='bbox 937 4109 1099 4186; x_wconf 90' lang='lat' dir='ltr'><strong>nipoienti</strong></span> <span class='ocrx_word' id='word_1_551' title='bbox 1123 4125 1224 4170; x_wconf 87' lang='lat' dir='ltr'><strong>manu</strong></span> <span class='ocrx_word' id='word_1_552' title='bbox 1248 4110 1307 4170; x_wconf 89' lang='lat' dir='ltr'><strong>Dei</strong></span> <span class='ocrx_word' id='word_1_553' title='bbox 1332 4107 1562 4172; x_wconf 86' lang='lat' dir='ltr'><strong>humiliaveris</strong></span> <span class='ocrx_word' id='word_1_554' title='bbox 1581 4113 1614 4174; x_wconf 92' lang='lat' dir='ltr'><strong>te</strong></span> <span class='ocrx_word' id='word_1_555' title='bbox 1635 4111 1733 4173; x_wconf 92' lang='lat' dir='ltr'><strong>obni-</strong></span> 
     </span>
     <span class='ocr_line' id='line_1_97' title="bbox 937 4206 1728 4283; baseline 0.001 -14"><span class='ocrx_word' id='word_1_556' title='bbox 937 4207 1025 4280; x_wconf 87' lang='lat' dir='ltr'><strong>xius,</strong></span> <span class='ocrx_word' id='word_1_557' title='bbox 1041 4207 1133 4269; x_wconf 90' lang='lat' dir='ltr'><strong>tanto</strong></span> <span class='ocrx_word' id='word_1_558' title='bbox 1149 4206 1329 4268; x_wconf 90' lang='lat' dir='ltr'><strong>mereberis</strong></span> <span class='ocrx_word' id='word_1_559' title='bbox 1344 4208 1523 4283; x_wconf 91' lang='lat' dir='ltr'><strong>gloriosius</strong></span> <span class='ocrx_word' id='word_1_560' title='bbox 1538 4209 1728 4283; x_wconf 81' lang='lat' dir='ltr'><strong>sublimari3</strong></span> 
     </span>
     <span class='ocr_line' id='line_1_98' title="bbox 937 4303 1731 4383; baseline 0.001 -17"><span class='ocrx_word' id='word_1_561' title='bbox 937 4305 1046 4366; x_wconf 90' lang='lat' dir='ltr'><strong>certus</strong></span> <span class='ocrx_word' id='word_1_562' title='bbox 1062 4306 1208 4374; x_wconf 91' lang='lat' dir='ltr'><strong>omnino,</strong></span> <span class='ocrx_word' id='word_1_563' title='bbox 1230 4303 1316 4382; x_wconf 92' lang='lat' dir='ltr'><strong>quod</strong></span> <span class='ocrx_word' id='word_1_564' title='bbox 1338 4321 1507 4383; x_wconf 90' lang='lat' dir='ltr'><strong>nunquam</strong></span> <span class='ocrx_word' id='word_1_565' title='bbox 1530 4305 1615 4367; x_wconf 89' lang='lat' dir='ltr'><strong>alias</strong></span> <span class='ocrx_word' id='word_1_566' title='bbox 1630 4307 1731 4367; x_wconf 92' lang='lat' dir='ltr'><strong>abso·</strong></span> 
     </span>
     <span class='ocr_line' id='line_1_99' title="bbox 938 4401 1732 4479; baseline 0.001 -17"><span class='ocrx_word' id='word_1_567' title='bbox 938 4402 1074 4463; x_wconf 90' lang='lat' dir='ltr'><strong>lutionis</strong></span> <span class='ocrx_word' id='word_1_568' title='bbox 1091 4401 1288 4464; x_wconf 85' lang='lat' dir='ltr'><strong>beneficium</strong></span> <span class='ocrx_word' id='word_1_569' title='bbox 1313 4403 1437 4479; x_wconf 91' lang='lat' dir='ltr'><strong>poteris</strong></span> <span class='ocrx_word' id='word_1_570' title='bbox 1457 4403 1617 4466; x_wconf 90' lang='lat' dir='ltr'><strong>obtinere.</strong></span> <span class='ocrx_word' id='word_1_571' title='bbox 1638 4405 1732 4465; x_wconf 87' lang='lat' dir='ltr'><strong>Alio-</strong></span> 
     </span>
     <span class='ocr_line' id='line_1_100' title="bbox 937 4500 1730 4577; baseline 0.001 -17"><span class='ocrx_word' id='word_1_572' title='bbox 937 4501 1016 4577; x_wconf 94' lang='lat' dir='ltr'><strong>quin</strong></span> <span class='ocrx_word' id='word_1_573' title='bbox 1031 4501 1150 4577; x_wconf 86' lang='lat' dir='ltr'><strong>patens</strong></span> <span class='ocrx_word' id='word_1_574' title='bbox 1165 4501 1230 4561; x_wconf 89' lang='lat' dir='ltr'><strong>erit</strong></span> <span class='ocrx_word' id='word_1_575' title='bbox 1243 4501 1276 4562; x_wconf 91' lang='lat' dir='ltr'><strong>te</strong></span> <span class='ocrx_word' id='word_1_576' title='bbox 1291 4515 1311 4560; x_wconf 90' lang='lat' dir='ltr'><strong>a</strong></span> <span class='ocrx_word' id='word_1_577' title='bbox 1325 4500 1476 4571; x_wconf 89' lang='lat' dir='ltr'><strong>Domino,</strong></span> <span class='ocrx_word' id='word_1_578' title='bbox 1499 4501 1596 4577; x_wconf 91' lang='lat' dir='ltr'><strong>quasi</strong></span> <span class='ocrx_word' id='word_1_579' title='bbox 1617 4501 1657 4561; x_wconf 90' lang='lat' dir='ltr'><strong>de</strong></span> <span class='ocrx_word' id='word_1_580' title='bbox 1674 4501 1730 4562; x_wconf 90' lang='lat' dir='ltr'><strong>in-</strong></span> 
     </span>
     <span class='ocr_line' id='line_1_101' title="bbox 937 4596 1729 4674; baseline 0.003 -16"><span class='ocrx_word' id='word_1_581' title='bbox 937 4599 1076 4669; x_wconf 90' lang='lat' dir='ltr'><strong>dustria,</strong></span> <span class='ocrx_word' id='word_1_582' title='bbox 1089 4599 1280 4666; x_wconf 90' lang='lat' dir='ltr'><strong>recessisse,</strong></span> <span class='ocrx_word' id='word_1_583' title='bbox 1293 4596 1446 4674; x_wconf 90' lang='lat' dir='ltr'><strong>nolleque</strong></span> <span class='ocrx_word' id='word_1_584' title='bbox 1457 4597 1645 4673; x_wconf 90' lang='lat' dir='ltr'><strong>intelligere</strong></span> <span class='ocrx_word' id='word_1_585' title='bbox 1657 4599 1729 4660; x_wconf 89' lang='lat' dir='ltr'><strong>vias</strong></span> 
     </span>
     <span class='ocr_line' id='line_1_102' title="bbox 937 4688 1791 4774; baseline 0 -18"><span class='ocrx_word' id='word_1_586' title='bbox 937 4698 1025 4774; x_wconf 75' lang='lat' dir='ltr'><strong>ejus,</strong></span> <span class='ocrx_word' id='word_1_587' title='bbox 1042 4696 1120 4757; x_wconf 92' lang='lat' dir='ltr'><strong>dum</strong></span> <span class='ocrx_word' id='word_1_588' title='bbox 1135 4695 1402 4757; x_wconf 89' lang='lat' dir='ltr'><strong>maledictionem</strong></span> <span class='ocrx_word' id='word_1_589' title='bbox 1417 4695 1519 4756; x_wconf 90' lang='lat' dir='ltr'><strong>veluti</strong></span> <span class='ocrx_word' id='word_1_590' title='bbox 1543 4711 1663 4773; x_wconf 91' lang='lat' dir='ltr'><strong>aquam</strong></span> <span class='ocrx_word' id='word_1_591' title='bbox 1678 4697 1731 4758; x_wconf 92' lang='lat' dir='ltr'><strong>bi·</strong></span> <span class='ocrx_word' id='word_1_592' title='bbox 1788 4688 1791 4694; x_wconf 75' lang='grc'>’</span> 
     </span>
     <span class='ocr_line' id='line_1_103' title="bbox 936 4791 1728 4866; baseline 0.003 -12"><span class='ocrx_word' id='word_1_593' title='bbox 936 4794 1027 4866; x_wconf 89' lang='lat' dir='ltr'><strong>bens,</strong></span> <span class='ocrx_word' id='word_1_594' title='bbox 1043 4793 1142 4865; x_wconf 88' lang='lat' dir='ltr'><strong>facts,</strong></span> <span class='ocrx_word' id='word_1_595' title='bbox 1158 4793 1221 4854; x_wconf 90' lang='lat' dir='ltr'><strong>etsi</strong></span> <span class='ocrx_word' id='word_1_596' title='bbox 1235 4809 1300 4854; x_wconf 94' lang='lat' dir='ltr'><strong>non</strong></span> <span class='ocrx_word' id='word_1_597' title='bbox 1314 4809 1406 4864; x_wconf 79' lang='lat' dir='ltr'><strong>voce,</strong></span> <span class='ocrx_word' id='word_1_598' title='bbox 1421 4791 1546 4854; x_wconf 89' lang='lat' dir='ltr'><strong>videris</strong></span> <span class='ocrx_word' id='word_1_599' title='bbox 1557 4809 1728 4856; x_wconf 86' lang='lat' dir='ltr'><strong>asserere:</strong></span> 
     </span>
     <span class='ocr_line' id='line_1_104' title="bbox 936 4891 1731 4968; baseline 0.001 -15"><span class='ocrx_word' id='word_1_600' title='bbox 936 4895 1048 4954; x_wconf 87' lang='lat' dir='ltr'><strong>Vanus</strong></span> <span class='ocrx_word' id='word_1_601' title='bbox 1068 4892 1128 4964; x_wconf 88' lang='lat' dir='ltr'><strong>est,</strong></span> <span class='ocrx_word' id='word_1_602' title='bbox 1152 4891 1209 4968; x_wconf 94' lang='lat' dir='ltr'><strong>qui</strong></span> <span class='ocrx_word' id='word_1_603' title='bbox 1228 4891 1332 4952; x_wconf 82' lang='lat' dir='ltr'><strong>servit</strong></span> <span class='ocrx_word' id='word_1_604' title='bbox 1350 4892 1429 4959; x_wconf 88' lang='lat' dir='ltr'><strong>Deo,</strong></span> <span class='ocrx_word' id='word_1_605' title='bbox 1449 4894 1483 4952; x_wconf 88' lang='lat' dir='ltr'><strong>et</strong></span> <span class='ocrx_word' id='word_1_606' title='bbox 1497 4891 1582 4968; x_wconf 91' lang='lat' dir='ltr'><strong>quod</strong></span> <span class='ocrx_word' id='word_1_607' title='bbox 1602 4893 1731 4954; x_wconf 87' lang='lat' dir='ltr'><strong>amolu-</strong></span> 
     </span>
     <span class='ocr_line' id='line_1_105' title="bbox 937 4988 1729 5066; baseline 0.005 -16"><span class='ocrx_word' id='word_1_608' title='bbox 937 4992 1082 5051; x_wconf 91' lang='lat' dir='ltr'><strong>mentum</strong></span> <span class='ocrx_word' id='word_1_609' title='bbox 1118 4988 1171 5058; x_wconf 88' lang='lat' dir='ltr'><strong>iis,</strong></span> <span class='ocrx_word' id='word_1_610' title='bbox 1206 4989 1263 5066; x_wconf 91' lang='lat' dir='ltr'><strong>qui</strong></span> <span class='ocrx_word' id='word_1_611' title='bbox 1287 4989 1443 5051; x_wconf 90' lang='lat' dir='ltr'><strong>mandata</strong></span> <span class='ocrx_word' id='word_1_612' title='bbox 1465 4992 1538 5066; x_wconf 85' lang='lat' dir='ltr'><strong>ejus</strong></span> <span class='ocrx_word' id='word_1_613' title='bbox 1573 4991 1729 5066; x_wconf 87' lang='lat' dir='ltr'><strong>satagunt</strong></span> 
     </span>
     <span class='ocr_line' id='line_1_106' title="bbox 937 5087 1122 5148; baseline -0.005 -1"><span class='ocrx_word' id='word_1_614' title='bbox 937 5087 1122 5148; x_wconf 87' lang='lat' dir='ltr'><strong>custodiret</strong></span> 
     </span>
    </p>

    <p class='ocr_par' dir='ltr' id='par_1_9' title="bbox 934 5185 1734 5750">
     <span class='ocr_line' id='line_1_107' title="bbox 975 5185 1730 5262; baseline 0.003 -16"><span class='ocrx_word' id='word_1_615' title='bbox 975 5185 1044 5246; x_wconf 89' lang='lat' dir='ltr'><strong>Nos</strong></span> <span class='ocrx_word' id='word_1_616' title='bbox 1059 5201 1190 5262; x_wconf 89' lang='lat' dir='ltr'><strong>quoque</strong></span> <span class='ocrx_word' id='word_1_617' title='bbox 1205 5201 1271 5246; x_wconf 93' lang='lat' dir='ltr'><strong>non</strong></span> <span class='ocrx_word' id='word_1_618' title='bbox 1287 5185 1393 5246; x_wconf 90' lang='lat' dir='ltr'><strong>solum</strong></span> <span class='ocrx_word' id='word_1_619' title='bbox 1407 5185 1584 5262; x_wconf 87' lang='lat' dir='ltr'><strong>praedictas</strong></span> <span class='ocrx_word' id='word_1_620' title='bbox 1598 5187 1730 5248; x_wconf 89' lang='lat' dir='ltr'><strong>senten·</strong></span> 
     </span>
     <span class='ocr_line' id='line_1_108' title="bbox 934 5281 1728 5360; baseline 0.003 -16"><span class='ocrx_word' id='word_1_621' title='bbox 934 5282 1000 5344; x_wconf 91' lang='lat' dir='ltr'><strong>tias</strong></span> <span class='ocrx_word' id='word_1_622' title='bbox 1020 5281 1181 5344; x_wconf 88' lang='lat' dir='ltr'><strong>faciemus</strong></span> <span class='ocrx_word' id='word_1_623' title='bbox 1202 5281 1408 5360; x_wconf 90' lang='lat' dir='ltr'><strong>frequentius</strong></span> <span class='ocrx_word' id='word_1_624' title='bbox 1428 5282 1603 5359; x_wconf 91' lang='lat' dir='ltr'><strong>publicari,</strong></span> <span class='ocrx_word' id='word_1_625' title='bbox 1622 5284 1728 5346; x_wconf 91' lang='lat' dir='ltr'><strong>donec</strong></span> 
     </span>
     <span class='ocr_line' id='line_1_109' title="bbox 936 5379 1734 5459; baseline -0.001 -21"><span class='ocrx_word' id='word_1_626' title='bbox 936 5380 1093 5457; x_wconf 88' lang='lat' dir='ltr'><strong>praedicto</strong></span> <span class='ocrx_word' id='word_1_627' title='bbox 1119 5381 1381 5457; x_wconf 87' lang='lat' dir='ltr'><strong>archiepiscopo,</strong></span> <span class='ocrx_word' id='word_1_628' title='bbox 1412 5384 1445 5442; x_wconf 89' lang='lat' dir='ltr'><strong>et</strong></span> <span class='ocrx_word' id='word_1_629' title='bbox 1468 5379 1544 5441; x_wconf 91' lang='lat' dir='ltr'><strong>aliis</strong></span> <span class='ocrx_word' id='word_1_630' title='bbox 1570 5381 1734 5459; x_wconf 88' lang='lat' dir='ltr'><strong>injuriam.</strong></span> 
     </span>
     <span class='ocr_line' id='line_1_110' title="bbox 935 5476 1726 5555; baseline 0.004 -17"><span class='ocrx_word' id='word_1_631' title='bbox 935 5478 1043 5555; x_wconf 86' lang='lat' dir='ltr'><strong>passis</strong></span> <span class='ocrx_word' id='word_1_632' title='bbox 1068 5493 1213 5554; x_wconf 88' lang='lat' dir='ltr'><strong>congrue</strong></span> <span class='ocrx_word' id='word_1_633' title='bbox 1238 5476 1339 5538; x_wconf 91' lang='lat' dir='ltr'><strong>fuerit</strong></span> <span class='ocrx_word' id='word_1_634' title='bbox 1366 5476 1584 5551; x_wconf 88' lang='lat' dir='ltr'><strong>satisfactum,</strong></span> <span class='ocrx_word' id='word_1_635' title='bbox 1610 5495 1726 5541; x_wconf 88' lang='lat' dir='ltr'><strong>verum</strong></span> 
     </span>
     <span class='ocr_line' id='line_1_111' title="bbox 935 5575 1727 5637; baseline -0.001 0"><span class='ocrx_word' id='word_1_636' title='bbox 935 5576 1035 5637; x_wconf 84' lang='lat' dir='ltr'><strong>etiarn</strong></span> <span class='ocrx_word' id='word_1_637' title='bbox 1063 5576 1232 5637; x_wconf 90' lang='lat' dir='ltr'><strong>crescente</strong></span> <span class='ocrx_word' id='word_1_638' title='bbox 1256 5575 1464 5636; x_wconf 86' lang='lat' dir='ltr'><strong>contumacia</strong></span> <span class='ocrx_word' id='word_1_639' title='bbox 1490 5576 1548 5637; x_wconf 91' lang='lat' dir='ltr'><strong>tua</strong></span> <span class='ocrx_word' id='word_1_640' title='bbox 1576 5578 1727 5637; x_wconf 83' lang='lat' dir='ltr'><strong>severius</strong></span> 
     </span>
     <span class='ocr_line' id='line_1_112' title="bbox 935 5673 1733 5750; baseline -0.001 -16"><span class='ocrx_word' id='word_1_641' title='bbox 935 5675 1050 5735; x_wconf 87' lang='lat' dir='ltr'><strong>contra</strong></span> <span class='ocrx_word' id='word_1_642' title='bbox 1066 5677 1110 5744; x_wconf 91' lang='lat' dir='ltr'><strong>te,</strong></span> <span class='ocrx_word' id='word_1_643' title='bbox 1127 5675 1194 5735; x_wconf 90' lang='lat' dir='ltr'><strong>tarn</strong></span> <span class='ocrx_word' id='word_1_644' title='bbox 1215 5673 1435 5750; x_wconf 90' lang='lat' dir='ltr'><strong>spiritualiter</strong></span> <span class='ocrx_word' id='word_1_645' title='bbox 1449 5689 1547 5750; x_wconf 85' lang='lat' dir='ltr'><strong>quarn</strong></span> <span class='ocrx_word' id='word_1_646' title='bbox 1560 5674 1733 5750; x_wconf 84' lang='lat' dir='ltr'><strong>tempora-·</strong></span> 
     </span>
    </p>
   </div>
   <div class='ocr_carea' id='block_1_8' title="bbox 1545 5807 1559 5864">
    <p class='ocr_par' dir='ltr' id='par_1_10' title="bbox 1545 5807 1559 5864">
     <span class='ocr_line' id='line_1_113' title="bbox 1545 5807 1559 5864; baseline 0 0"><span class='ocrx_word' id='word_1_647' title='bbox 1545 5807 1559 5864; x_wconf 86' lang='lat'><strong>7</strong></span> 
     </span>
    </p>
   </div>
   <div class='ocr_carea' id='block_1_9' title="bbox 0 0 2056 6327">
    <p class='ocr_par' dir='ltr' id='par_1_11' title="bbox 0 0 2056 6327">
     <span class='ocr_line' id='line_1_114' title="bbox 0 0 2056 6327; baseline 0 0"><span class='ocrx_word' id='word_1_648' title='bbox 0 0 2056 6327; x_wconf 95' lang='lat' dir='ltr'><strong> </strong></span> 
     </span>
    </p>
   </div>
  </div>
 </body>
</html>
