4168 6344
163 372 204 436 aa
782 362 1011 437 urisroma.
1035 373 1114 435 ma.
1137 373 1192 435 vr.
1772 373 1812 432 aa

160 535 412 599 venerabilibus
445 535 604 598 iratribus
638 535 901 613 archiepiscopis
930 537 963 598 et
1015 545 1075 596 can
1101 533 1233 610 argenti
1259 529 1403 608 singulis
1432 529 1530 594 annis
1549 543 1609 608 pro
1629 530 1721 600 terra
1736 530 1814 607 ipsa

34 661 41 676 .
162 635 331 714 episcopis
346 633 379 696 et
398 635 477 696 aliis
498 635 716 696 ecelesiarum
736 633 883 711 praelatis
903 649 963 710 per
1016 631 1201 708 pereolves3
1226 645 1290 691 nos
1306 629 1375 692 tuis
1395 629 1548 706 precibus
1571 628 1723 690 inclinati
1741 629 1813 691 tor*-

162 733 360 794 Teutoniam
380 733 580 805 constitutis,
604 732 745 793 salutem
767 732 800 795 et
823 733 960 809 aposto·
1015 745 1088 790 ram
1122 729 1230 806 ipsam
1258 729 1344 789 sicut
1374 743 1447 788 eam
1474 728 1564 806 juste
1601 727 1751 804 possides
1779 725 1813 789 a

163 830 265 891 boam
280 829 556 892 benedictionem.
1016 827 1137 902 quiete,
1148 827 1348 890 auctoritate
1361 824 1422 888 tibi
1432 825 1622 902 Apostolioa
1633 824 1814 886 continua·-

206 929 288 990 Cum
306 927 343 999 ii,
360 929 418 1006 qni
439 927 517 989 ildei
536 943 652 989 amore
675 926 840 998 succensi,
859 925 960 986 ailino
1016 941 1101 994 mus,
1120 928 1154 986 et
1175 925 1349 1002 praesentis
1370 923 1486 1001 scripti
1505 923 1691 1001 patrocinio
1712 939 1811 984 oom-

166 1025 237 1086 suis
250 1025 398 1086 humeris
414 1025 509 1102 signo
529 1026 638 1088 crucis
651 1040 687 1086 se
697 1025 890 1086 adscribunt
902 1023 962 1085 ob-
1013 1023 1194 1084 munimus.
1845 1008 1849 1028 ¹

166 1123 283 1200 sequio
291 1125 372 1186 Jesu
382 1121 517 1197 Christi,
527 1122 568 1184 ad
578 1124 731 1202 praelium
739 1123 961 1200 Dominiprae·
1055 1121 1148 1181 Nulli
1166 1135 1246 1196 ergo
1266 1120 1403 1181 omnino
1422 1119 1593 1180 bominum
1608 1118 1709 1181 liceat
1724 1118 1813 1180 bano

166 1219 317 1282 liandum
342 1221 378 1281 in
404 1221 553 1298 partibus
576 1221 821 1292 transmarinis,
843 1235 960 1298 gerere
1014 1217 1171 1294 paginam
1193 1219 1317 1280 nostne
1331 1217 1593 1278 confirmationis
1615 1215 1810 1292 infringere,

164 1317 340 1380 intendant
353 1318 591 1396 rempublicam
605 1319 706 1381 totius
721 1319 835 1396 populi
851 1319 961 1380 cbris-
1013 1315 1067 1376 vel
1096 1316 1127 1376 ei
1154 1331 1240 1376 ausu
1264 1313 1444 1377 temerario
1470 1313 1648 1376 contraire.
1674 1315 1710 1375 Si
1735 1313 1812 1391 quis

163 1415 959 1492 tiani,nonsineoausamoeiemus,nacimmerito
1014 1415 1125 1474 antem
1153 1413 1215 1474 boo
1241 1414 1407 1476 attentare
1435 1411 1694 1489 presumpserit,
1716 1409 1835 1492 indi-g

164 1529 421 1588 commovemur,
445 1515 543 1592 quod,
565 1515 651 1576 siout
669 1514 868 1587 audivimus,
885 1513 961 1591 qui·
1014 1510 1205 1585 gratiorem
1224 1511 1461 1587 omnipotentis
1483 1509 1554 1579 bei,
1578 1523 1617 1572 ao
1638 1509 1812 1572 beatorum

158 1611 240 1672 ‘dam
254 1613 414 1683 vestrum,
431 1613 487 1689 qui
501 1611 728 1674 deberenteos
743 1612 865 1674 intuitu
880 1619 960 1674 cru*
1014 1609 1105 1669 Petri
1123 1608 1157 1670 et
1176 1609 1272 1672 Pauli
1288 1607 1513 1684 apostolorum
1533 1611 1606 1685 ejus
1626 1622 1662 1668 se
1682 1605 1814 1668 noverit

163 1707 481 1771 oilixiiavoribuset
494 1710 650 1770 subsidiis
664 1710 834 1787 adjuvare,
849 1711 959 1786 spreto
1013 1705 1237 1767 incursurum.
1264 1707 1382 1767 Datum
1404 1706 1571 1776 Laterani,
1597 1707 1627 1765 X
1651 1703 1812 1764 kalendas

163 1807 284 1869 timore
301 1807 427 1880 divino,
440 1808 530 1886 ipsos
550 1807 781 1870 exactionibus
802 1807 959 1869 indebitis
1014 1803 1169 1876 octobris,
1187 1800 1398 1880 pontilianus
1414 1803 1520 1864 nostri
1540 1817 1627 1867 anno
1642 1802 1749 1864 sexto

164 1906 198 1966 et
207 1905 284 1966 aliis
294 1905 530 1968 vexationibus
541 1905 730 1982 fatigantes,
742 1905 833 1984 pium
845 1921 958 1967 eorum

163 2003 369 2080 propositum
395 2003 605 2081 praepediunt
629 2005 662 2065 et
681 2003 865 2072 retardant,
891 2003 959 2063 mi-

101 2165 104 2170 ,
164 2101 253 2161 nime
265 2100 484 2172 attendentes
495 2099 668 2178 quoddam
681 2101 729 2162 sio
742 2101 863 2162 Christi
874 2101 960 2162 ami·
1345 2063 1479 2150 XVIII

163 2197 211 2260 cis
236 2197 398 2272 officiunt,
425 2198 574 2276 ejusdem
598 2199 778 2276 proficiunt
801 2198 957 2260 inimicis.
1013 2215 1065 2274 Ae
1083 2214 1238 2276 appetem
1258 2215 1377 2275 gance
1397 2215 1556 2283 1250ququ
1574 2211 1608 2274 et
1628 2213 1808 2274 elegeam.

162 2295 212 2356 Ne
233 2295 337 2372 igitur
354 2311 491 2357 causam
507 2297 639 2358 Christo
660 2297 829 2372 negligere
844 2295 960 2358 videa·
1053 2327 1137 2372 nem
1152 2326 1192 2372 ae
1207 2313 1416 2388 mapeqpum
1430 2315 1471 2373 ee
1486 2312 1664 2383 germont,
1675 2311 1812 2372 panone.

163 2409 249 2462 mur,
264 2394 321 2470 qui
334 2397 407 2471 alus
421 2409 548 2466 snmus,
564 2394 644 2455 iicet
654 2394 823 2466 immeriti,
836 2395 958 2455 vicani
1054 2424 1112 2470 003
1125 2412 1323 2472 gemmeas,

162 2491 344 2562 constituti,
365 2492 615 2553 universitatem
628 2495 773 2554 vestram
788 2507 956 2568 rogamus,

160 2603 336 2649 monemus
351 2589 383 2650 et
402 2590 575 2651 hortamur
590 2589 715 2651 attente
734 2605 794 2666 per
811 2590 957 2666 Aposto-

160 2687 227 2747 lica
256 2688 380 2765 scripta
401 2688 608 2761 mandantes,
634 2689 797 2766 quatenus
822 2687 956 2764 singuli,

160 2785 412 2861 crucesignatos
421 2787 588 2847 terrarum
595 2787 784 2848 vestrarum
796 2782 957 2848 babentes
1013 2780 1093 2838 Cleri)
1107 2779 1230 2837 civitati
1244 2785 1272 2836 et
1286 2779 1419 2836 dioeaesis
1429 2779 1571 2837 Tullssssslfl
1593 2779 1754 2852 illelltsslss
1773 2779 1810 2838 ⁶⁰

159 2881 361 2943 omnimodis
381 2883 639 2952 commendatos,
658 2899 724 2945 non
743 2885 851 2946 solum
868 2883 959 2945 inde.
1047 2869 1188 2925 sententia
1213 2869 1519 2925 excommunicationis
1547 2867 1583 2925 ab
1610 2867 1810 2926 executoribus

158 2980 228 3042 bite
243 2997 312 3042 non
326 2983 454 3043 vexetis
470 2981 614 3054 eosdem,
632 2997 748 3044 verum
770 2983 870 3044 etiam
886 2983 957 3058 ejus
1048 2957 1077 3012 ¹¹¹
1105 2957 1148 3013 ¹¹¹⁸
1165 2957 1241 3058 ,¹¹¹¹
1262 2955 1381 3058 ‚¹¹¹¹¹¹¹¹¹‚¹
1402 2953 1532 3013 ¹⁰¹¹¹¹¹¹¹¹
1560 2964 1591 3014 ¹¹
1616 2956 1811 3058 ¹¹¹9¹¹¹¹¹⁰¹¹¹¹⁸

159 3079 294 3150 intuitu,
312 3084 408 3158 cujus
430 3095 466 3140 30
483 3080 688 3141 devoverunt
702 3080 882 3156 ohsequiis,
899 3095 957 3141 ΓΘ,
1047 3044 1188 3102 'tullensis
1200 3045 1270 3101 clem
1284 3052 1450 3102 examinent
1462 3052 1490 3103 et
1503 3044 1581 3118 qnod
1592 3043 1676 3104 luerit
1689 3059 1808 3104 canoni·

159 3177 301 3238 mittatis
321 3176 446 3255 aliquid
467 3177 664 3250 debitorum,
689 3178 738 3238 ita
761 3175 958 3254 quodcum,
1048 3139 1258 3192 ⁰”m⁸¹³¹¹¹⁰¹·

159 3275 215 3335 cui
230 3274 358 3336 debetis
371 3275 494 3348 omnia,
508 3291 582 3352 quae
599 3275 739 3348 habetis,
753 3275 850 3337 nobis
865 3291 959 3337 cons.
1052 3257 1231 3325 Honorius,
1247 3259 1323 3330 eto,
1340 3258 1470 3321 dilectis
1482 3259 1560 3320 liliis
1571 3258 1681 3323 abbati
1695 3259 1810 3324 Sancti

157 3372 290 3434 tituatis
309 3373 428 3435 merito
449 3373 642 3445 debitorem,
664 3372 697 3434 et
711 3389 785 3445 nos,
799 3373 855 3450 qui
871 3373 955 3450 quod
1013 3355 1192 3417 Dionisii...
1209 3355 1410 3418 vicedecano
1435 3359 1467 3419 et
1483 3357 1643 3434 magistro
1663 3358 1704 3420 de
1722 3359 1809 3420 Ber-

162 3467 224 3549 lill]
243 3471 497 3546 crucesignatis,
519 3468 640 3551 [nobis]
659 3471 732 3532 lieri
751 3473 955 3547 reputamus,
1012 3456 1104 3515 mont
1123 3453 1295 3515 canonicis
1311 3456 1447 3516 Reman.

159 3567 371 3629 devotionem
384 3568 527 3630 vestram
544 3569 702 3646 prosequi
715 3567 892 3630 debeamus
906 3584 958 3628 30.
1053 3551 1222 3613 intellecto
1238 3552 1403 3628 qnondam
1422 3568 1465 3613 ex
1480 3552 1642 3615 relatione
1663 3569 1810 3616 venera..

157 3663 307 3726 tionibus
318 3666 819 3741 gratiarumbatumbaterani,
828 3668 874 3726 ΙΙΙ
883 3665 957 3726 idus
1011 3646 1089 3708 hilis
1109 3642 1223 3710 fratris
1245 3649 1528 3710 nostri...Tullen.
1544 3649 1705 3728 episcopi,
1720 3649 1808 3728 quod

157 3761 369 3838 septembris,
387 3763 599 3840 pontificatus
618 3764 725 3827 nostri
742 3779 830 3825 anno
849 3763 956 3825 sexto,
1011 3745 1141 3806 Tollen.
1162 3746 1306 3807 ecelesia
1332 3746 1431 3808 trium
1453 3747 1595 3808 millium
1620 3763 1810 3811 marcarum

1012 3841 1121 3906 debito
1133 3843 1320 3916 tenebatur,
1334 3844 1552 3920 providimus,
1565 3847 1669 3922 utper
1681 3845 1808 3910 clerum

596 3999 598 4002 .
995 3927 1158 4002 'civitatis
1176 3943 1209 4003 et
1221 3940 1374 4002 dioecesis
1391 3942 1532 4016 Tollen,
1547 3941 1634 4004 iacta
1648 3943 1809 4006 intereos

501 3997 615 4083 XVII
1010 4037 1267 4110 conmunione,
1292 4038 1430 4100 ciminia
1455 4055 1533 4116 pars
1560 4040 1664 4102 taum
1690 4038 1806 4114 cantu,

333 4147 385 4209 Ad
398 4147 559 4210 comptem
572 4146 785 4210 pereleum,
1011 4135 1045 4198 et
1057 4151 1116 4213 per
1130 4136 1282 4197 eumdem
1294 4136 1486 4214 episcopum
1501 4137 1569 4198 alia
1584 4137 1721 4199 dimidia
1736 4139 1808 4200 sol-

399 4279 434 4336 „
449 4291 480 4335 se
502 4277 578 4336 mh
595 4278 602 4291 .
633 4279 702 4336 mi
1012 4234 1182 4296 veretur...
1197 4233 1307 4296 abbati
1324 4236 1675 4297 Dervenmonasterii
1690 4237 1809 4313 atejus

238 4402 390 4467 [eumdum
403 4404 469 4455 nom
482 4295 537 4452 peu
560 4294 627 4454 TE
660 4403 692 4454 111
706 4321 760 4454 ‘affl
786 4417 801 4452 n
824 4404 877 4468 m]
1012 4331 1160 4408 collegia,
1175 4331 1298 4394 noeais
1314 4332 1430 4394 dantes
1445 4332 1565 4394 litteris
1581 4333 1616 4394 in
1629 4332 1808 4408 mandatis,

1010 4429 1048 4490 ut
1061 4429 1213 4491 eumdem
1228 4429 1354 4491 clerum
1370 4445 1616 4506 percensuram
1633 4430 1808 4492 eeclesias·

155 4517 343 4578 Confirmatio
366 4517 568 4577 inleudattonis
588 4526 670 4576 terrae
690 4519 839 4578 Partdselli
860 4520 962 4578 coeliti
1009 4527 1129 4598 ticam,
1155 4527 1379 4604 appellatione
1408 4529 1546 4600 remota,
1572 4527 1809 4605 compellerent

193 4605 347 4665 mnboldo
364 4607 419 4710 snb
432 4621 526 4665 innui
540 4607 723 4680 lilaesslflfifflie
738 4607 858 4666 duarum
878 4621 954 4666 mii·
1011 4624 1808 4702 adpraedictampartemtotiusdobnipersolven-

194 4711 293 4755 ffltflffl
308 4703 435 4770 flfgsssslb
1011 4721 1099 4783 dam.
1116 4723 1240 4783 Variam
1263 4737 1306 4784 ex
1326 4723 1567 4798 conquestione
1590 4725 1809 4801 quorumdam

1279 2539 1444 2598 bootobrls
1469 2540 1547 2596 lint.

1045 2663 1168 2728 [liegast.,
1179 2663 1224 2714 lib.
1238 2665 1282 2724 vl,
1296 2663 1370 2728 epist.
1381 2663 1420 2714 35.
1432 2666 1490 2714 llss.
1504 2665 1540 2715 La
1550 2663 1626 2714 Porta
1640 2663 1675 2714 du
1685 2662 1780 2728 rnen]

197 4814 874 4892 Honoriusepiscopus,servusservorum
884 4815 954 4888 Dei,
1012 4819 1052 4880 de
1076 4819 1168 4880 clero
1188 4835 1296 4897 nuper
1310 4819 1510 4894 audivimas,
1527 4820 1613 4899 quod
1629 4822 1808 4899 praedictus

156 4912 281 4974 dilecto
303 4911 372 4973 tilio
404 4911 517 4973 comiti
545 4913 723 4974 samboldo
756 4913 896 4974 salutem
924 4915 957 4976 et
1012 4918 1186 4994 episcopus
1198 4917 1301 4980 multo
1314 4920 1474 4995 majorem
1485 4935 1648 4980 summam
1658 4920 1808 4998 pecunie

156 5009 377 5087 apostolicam
389 5008 666 5073 benedictionem.
1012 5029 1194 5090 suggerens
1209 5030 1246 5076 se
1268 5014 1399 5089 debere,
1417 5017 1522 5079 multo
1537 5017 1636 5096 plura
1651 5017 1758 5094 exigit
1767 5017 1808 5080 ab

198 5109 280 5168 Gum
304 5108 447 5180 terram,
472 5122 545 5184 quae
574 5107 697 5169 dicitur
723 5108 904 5170 Partuselli
936 5123 959 5169 a
1011 5111 1148 5184 eisdem
1164 5111 1323 5174 ordinans
1341 5129 1415 5174 cnm
1435 5115 1603 5191 praedictis
1618 5115 1810 5176 executori-

157 5207 309 5268 Romana
320 5205 469 5266 Ecclesia
484 5205 875 5279 recognoscens,dilecto
886 5205 956 5267 lilio
1010 5207 1074 5270 bus
1095 5209 1130 5271 ut
1148 5209 1272 5286 singuli
1296 5209 1411 5272 cleriei
1430 5212 1579 5274 xciuitatis
1600 5211 1634 5273 in
1653 5211 1808 5274 dioecesis

157 5303 566 5380 magistroBartbolomeo
577 5303 782 5364 subdiacono
797 5301 830 5366 et
844 5304 957 5382 capel·
1010 5307 1140 5368 Tullen.
1157 5323 1263 5385 usque
1281 5307 1322 5369 ad
1337 5310 1405 5370 tres
1427 5325 1533 5370 annos
1548 5309 1698 5386 quintam
1718 5311 1811 5372 deol-

158 5400 237 5462 lano
257 5402 383 5475 nostro,
405 5401 604 5477 apostolicae
628 5400 722 5460 Sedis
745 5399 866 5477 legato,
890 5417 955 5464 no·
1011 5418 1099 5464 mam
1110 5419 1247 5466 suornm
1263 5405 1452 5468 reddituum
1464 5407 1505 5466 ad
1517 5406 1580 5468 hoc
1592 5408 1725 5480 darent,
1736 5423 1810 5486 quae

158 5497 249 5558 mine
264 5499 378 5559 nostro
394 5497 563 5559 fidelitatis
575 5498 771 5574 prestiteris
782 5501 958 5576 juramen·
1011 5501 1089 5579 quia
1113 5503 1230 5564 exacte
1254 5503 1384 5565 solvere
1409 5504 1603 5578 noluerunt,
1620 5504 1661 5566 ab
1684 5506 1808 5584 hujus·

156 5597 241 5668 tum,
269 5593 421 5672 obligans
447 5596 480 5657 te
506 5609 545 5656 ao
573 5599 647 5658 tuos
681 5595 841 5669 nen-edas,
869 5596 956 5674 quod
1011 5598 1099 5660 modi
1118 5600 1313 5676 gravamine
1326 5602 1543 5679 appellantes,
1560 5603 1666 5664 iidem.
1686 5618 1811 5664 esecu-

157 5691 255 5755 nobis
274 5693 308 5754 et
330 5691 580 5754 successoribus
599 5691 733 5765 nostris,
757 5692 840 5754 duas
861 5709 954 5755 mar·
1011 5697 1100 5759 tores
1117 5698 1150 5758 in
1167 5713 1224 5760 eos
1240 5699 1595 5762 excommunicationis
1610 5700 1808 5763 sententiam
