4104 6330
101 351 157 414 iss

717 345 946 412 EPISTOLAE.
970 347 1048 410 ulls.
1071 349 1127 412 vi.

1678 355 1738 422 leo

101 511 172 574 tur:
189 505 351 582 Quocirca
371 505 566 570 discretioni
580 505 701 570 restrae
716 509 891 586 1111101-
943 508 1072 582 nentes,
1095 507 1182 587 quod
1213 509 1246 572 te
1269 507 1446 578 accedente
1474 512 1623 590 Papiam,
1648 515 1737 580 inter

102 608 195 674 tolica
218 606 343 684 scripta
368 605 563 668 mandamus
579 606 753 683 11111111,
769 606 799 666 11
818 606 890 668 dic-

102 708 150 770 tus
174 703 296 766 nobilis
319 702 511 764 mandatum
535 704 685 766 nostrum
710 719 811 780 super
836 703 889 770 bis

101 819 163 866 101
184 801 313 864 curarit
333 801 527 878 adimplere,
553 815 624 874 vos,
646 801 675 862 si
700 801 751 864 est
771 801 831 874 ita,
848 801 888 864 ad

99 899 284 978 jamdictam
299 899 553 976 praeposituram
572 899 787 962 restituentes
802 914 891 976 prae·-

102 999 237 1078 positum
252 997 481 1069 memoratum,
507 996 639 1060 faciatis
666 997 776 1074 ipsum
798 999 890 1074 ejus-

103 1097 180 1167 dem,
202 1096 403 1158 auctoritate
430 1096 555 1167 nostra,
586 1095 726 1172 pacifica
754 1109 890 1172 posses-

103 1193 188 1256 sione
200 1193 358 1270 gaudere.
373 1193 465 1264 Quod
480 1193 509 1254 si
523 1207 591 1256 non
606 1208 732 1266 omnes,
750 1193 813 1254 111.

138 1293 253 1354 Datum
267 1291 386 1364 Alatri,
402 1293 433 1354 Il
448 1291 632 1370 idusjunii,
646 1305 735 1356 anno
750 1290 857 1355 sexto.

427 1579 558 1667 CCXV

148 1733 197 1792 Act
217 1731 374 1793 abbatem
393 1733 434 1792 dc
452 1731 581 1806 Lepide
602 1731 637 1792 S.
658 1731 836 1793 Michaelis

372 1829 589 1890 Helbersiod.

286 1959 319 2018 31
333 1958 402 2018 1111
413 1959 460 2017 vel
475 1960 509 2017 12
524 1958 690 2032 1111111211

229 2083 333 2148 [111111
345 2083 406 2136 eod.
419 2081 681 2149 (111101.01111111.,
693 2082 761 2147 aaa]

133 2199 209 2258 Licet
227 2198 373 2256 abbatissa
387 2197 515 2256 subditos
533 2199 782 2256 excommunicare
796 2212 853 2256 nou

174 2289 275 2362 possit,
290 2289 345 2362 ipsi
360 2296 456 2346 tamen
472 2285 525 2344 sibi
536 2285 654 2345 obedire
668 2294 810 2345 tenentur.

137 2415 261 2478 Dilecta
281 2415 317 2476 in
337 2413 467 2476 Christo
489 2413 559 2475 fllia
581 2413 749 2476 abbatissa
762 2413 802 2478 de
816 2417 888 2475 Bu-

104 2511 220 2590 brigen.
236 2512 436 2575 transmissa
449 2511 542 2574 nobis
557 2512 716 2592 petitione
729 2512 889 2574 monstra·

105 2611 155 2682 rit,
175 2611 261 2690 quod
285 2627 385 2688 quum
406 2610 478 2687 ipsa
502 2611 695 2689 plerumque
711 2609 888 2672 canonicas

106 2709 220 2770 suaset
240 2709 383 2770 clericos
403 2723 471 2772 suae
482 2707 710 2785 jurisdictioni
724 2707 888 2786 subjectos

106 2809 228 2884 propter
242 2805 489 2870 inobedientias
505 2805 538 2868 et
552 2806 667 2884 culpas
680 2821 794 2870 eorum
810 2805 888 2868 olu-

106 2903 151 2964 111
163 2903 391 2980 beneficioque
406 2901 598 2979 suspendat,
614 2904 647 2964 et
659 2902 759 2963 iidem
773 2903 888 2966 contisi

107 3016 144 3060 ex
163 3017 212 3074 eo,
229 2999 318 3079 quod
345 2999 460 3062 eadem
476 2999 645 3062 abbatissa
661 3000 891 3062 excommuni-

108 3114 244 3162 careeos
267 3114 336 3162 101
358 3099 475 3176 potest,
498 3099 751 3176 suspensionem
771 3097 890 3176 hujus-

108 3197 185 3258 modi
198 3213 265 3258 111
281 3195 471 3269 observant,
489 3197 622 3274 propter
640 3196 726 3273 qnod
741 3195 889 3273 ipsorum

108 3309 252 3356 excessus
289 3294 463 3356 remanent
501 3293 690 3356 incorrecti.
728 3294 890 3365 Quocirca

109 3389 291 3456 discretioni
305 3393 371 3454 tuae
384 3407 443 3470 per
455 3391 645 3469 apostolica
659 3390 782 3468 scripta
794 3407 891 3452 man-

108 3487 223 3563 damns,
234 3489 399 3568 quatenus
422 3489 526 3552 dictas
542 3489 721 3550 canonicas
736 3490 770 3550 et
790 3489 892 3550 cleri-

109 3601 166 3660 cos,
182 3590 216 3649 ut
240 3587 419 3650 abbatissae
443 3586 590 3664 praelatae
611 3585 832 3648 obedientiam
859 3585 892 3650 et

108 3686 319 3748 reuerentiam
332 3684 476 3748 debitam
491 3684 731 3762 impendentes,
745 3687 817 3761 ejus
831 3699 890 3746 aa·

109 3779 203 3843 lubria
219 3783 347 3845 monita
363 3782 395 3845 et
409 3782 564 3844 mandata
580 3781 766 3854 observent,
783 3781 892 3844 moni-

108 3878 188 3940 tione
202 3880 391 3956 praemissa,
411 3879 638 3941 ecclesiastica
662 3894 892 3956 111111111-

109 3976 277 4052 pellatione
304 3977 442 4050 remota,
460 3977 650 4056 compellas.
675 3976 794 4038 batum
812 3976 893 4039 Ala-

110 4065 157 4144 tri,
180 4075 208 4136 ll
229 4075 394 4137 kalendas
419 4075 541 4137 11111.
564 4072 664 4152 junii,
680 4073 892 4151 pontificatus

111 4173 204 4234 nostri
215 4187 305 4236 anno
318 4174 425 4234 sexto.

417 4455 569 4546 CCXVI

153 4609 200 4670 Ad
211 4612 406 4685 Hisponem,
425 4609 617 4670 ostiensem
632 4608 839 4682 apocopum,

250 4706 451 4781 Apostolicoe
466 4705 565 4767 Sedis
578 4705 740 4781 ceparum.

381 4835 414 4894 13
430 4835 503 4908 J'unii
523 4834 604 4893 1111.
740 4907 743 4912 Δ

210 4957 363 5024 [11110111
375 4959 439 5010 Cicr.
451 4958 546 5012 Canon.
558 4957 663 5018 Hister..
675 4974 700 5023 p.
712 4957 779 5022 non]

112 5080 214 5141 1111111
233 5092 274 5154 ut,
289 5084 325 5142 de
344 5083 525 5142 liortarieuai
543 5082 664 5142 ecclesia
690 5082 726 5140 ad
746 5088 891 5140 monaste·

141 5172 207 5230 rium
221 5173 250 5230 S.
270 5173 345 5230 Petri
363 5174 395 5232 in
414 5173 491 5232 1110
508 5186 596 5230 aureo
614 5169 650 5229 de
665 5172 752 5244 Papia
771 5168 890 5228 transle-

140 5259 232 5332 rends,
246 5269 328 5335 prout
342 5259 554 5334 procedendum
567 5257 678 5331 viderit,
693 5257 838 5334 procedat.

144 5393 303 5459 lloucrius
313 5397 628 5475 episcopusservus
638 5410 811 5458 servorum
819 5395 890 5467 Dei,

111 5493 281 5556 venerabili
294 5494 392 5556 iratrl
407 5493 563 5572 episcopo
576 5493 732 5566 Ostiensi,
745 5492 890 5570 Aposto-

113 5584 177 5649 lica
200 5591 294 5654 Sedis
316 5592 438 5668 legato,
455 5591 609 5663 salutem,
623 5591 686 5653 etc.

148 5685 288 5764 Benigne
310 5691 386 5752 tuas
411 5689 599 5765 recepimus
627 5687 758 5751 litteras
785 5688 893 5750 conti-

943 606 1011 668 alia
1025 607 1180 685 reperisti
1201 609 1440 670 monasterium
1461 610 1573 672 Sancti
1595 612 1686 674 Petri
1700 615 1737 676 in

944 703 1034 767 Coelo
1062 720 1164 767 aureo
1198 705 1294 767 nobis
1320 705 1512 769 immediate
1540 699 1735 786 subjectum,

945 803 1026 864 adeo
1048 803 1083 863 in
1104 803 1343 881 spiritualibus,
1361 805 1393 866 et
1410 806 1648 882 temporalibus
1662 825 1737 872 esse

944 900 1138 977 collapsum,
1156 902 1241 978 quod
1259 902 1325 963 nisi
1347 918 1406 980 per
1429 902 1737 980 sedisapostolicae

944 998 1189 1074 providentiam
1212 1000 1387 1071 relevetur,
1418 1016 1587 1078 nunquam
1610 1003 1737 1080 adipis-

945 1111 1020 1158 cere
1036 1097 1166 1174 poterit,
1184 1099 1220 1159 ut
1233 1099 1396 1173 resurgat.
1414 1099 1504 1163 ldem
1519 1115 1648 1176 quoque
1663 1117 1737 1163 mo-

944 1193 1127 1256 nasterinm
1143 1211 1202 1271 pro
1216 1211 1335 1271 magna
1354 1198 1449 1274 parte
1464 1197 1514 1258 est
1535 1197 1692 1272 dirutum,
1705 1201 1739 1262 11

944 1290 1053 1353 debito
1082 1293 1207 1372 septem
1236 1293 1378 1354 millium
1406 1293 1567 1356 librarum
1595 1297 1737 1362 monete

944 1387 1119 1465 papiensis
1141 1405 1358 1466 oppressum:
1384 1407 1502 1453 rursus
1525 1391 1628 1454 abbas
1643 1397 1737 1472 1111-

944 1485 1017 1547 111
1032 1487 1097 1550 1111
1113 1503 1152 1550 11
1165 1489 1354 1561 occasione,
1366 1490 1452 1567 quod
1468 1487 1509 1551 ad
1523 1489 1660 1552 nimiam
1666 1493 1739 1567 jam

943 1581 1166 1646 memoratum
1206 1587 1445 1648 monasterium
1484 1586 1739 1650 dissolutionem

943 1682 1104 1759 peruenit,
1119 1684 1249 1746 noviter
1260 1685 1312 1746 est
1323 1686 1463 1746 occisus.
1473 1687 1560 1770 Saue
1574 1685 1739 1749 constitu-

942 1779 986 1840 tis
1006 1795 1068 1856 per
1084 1781 1117 1842 te
1140 1775 1315 1856 religiosis'
1332 1783 1485 1860 personis
1507 1783 1548 1844 ad
1563 1783 1650 1845 1011
1666 1799 1740 1846 mo-

943 1876 1090 1939 nasterio
1113 1881 1332 1956 procuranda,
1359 1881 1394 1940 11
1417 1867 1615 1942 solutionem
1635 1869 1739 1968 debiti

935 1974 1175 2047 convertenda,
1199 1977 1232 2038 et
1257 1976 1431 2038 monacbis
1463 1977 1607 2046 iuterim,
1632 1976 1738 2039 donec

943 2071 1026 2133 illud
1042 2071 1082 2134 ab
1096 2071 1286 2150 hujusmodi
1298 2074 1565 2150 respiratonere,
1579 2074 1739 2162 1111111·-
1871 2118 1883 2144 ,

944 2170 990 2231 111
1013 2169 1225 2232 monasteriis
1249 2169 1431 2243 collocatis,
1454 2185 1554 2247 quum
1569 2186 1739 2248 nunquam

944 2267 1106 2343 speretur,
1125 2268 1210 2346 quod
1226 2268 1319 2329 locus
1332 2267 1405 2346 ipse
1424 2283 1485 2354 per
1500 2269 1614 2344 nigros
1627 2269 1738 2332 valeat

943 2363 1124 2427 monachos
1140 2365 1328 2438 reformari,
1341 2365 1559 2454 considerasti
1572 2381 1646 2428 esse
1658 2381 1740 2428 con-

943 2475 1062 2538 gruum
1087 2464 1120 2525 11
1149 2462 1381 2526 reformationi
1406 2463 1554 2541 ejusdem
1579 2463 1739 2550 empedire

942 2559 1067 2634 nidisti,
1107 2559 1135 2621 si
1168 2561 1400 2623 Mortariensis
1434 2561 1576 2624 ecclesia
1611 2549 1739 2626 ordinis

945 2657 1057 2720 Sancti
1083 2658 1258 2734 Augustini
1281 2657 1323 2720 ad
1347 2655 1542 2735 praedlctum
1570 2659 1741 2722 monaste-

943 2753 1107 2828 rium,ubi
1122 2769 1243 2832 corpus
1257 2754 1364 2834 ipsius
1377 2755 1588 2834 requiescere
1602 2755 1740 2832 dignos-

944 2851 1040 2926 citur,
1056 2851 1289 2925 transferatur,
1302 2867 1402 2930 quum
1420 2853 1574 2916 canonici
1589 2839 1738 2930 ejusdem

944 2949 1095 3012 ecclesiae
1129 2949 1298 3011 laudabile
1330 2949 1477 3038 babeant
1499 2949 1739 3022 testimonium,

943 3047 977 3108 et
988 3045 1112 3109 dictum
1128 3045 1366 3109 monasterium
1380 3044 1461 3110 satis
1473 3047 1574 3109 tuerit
1590 3045 1740 3110 honora-

943 3144 1010 3206 bile
1042 3145 1130 3206 inter
1156 3143 1277 3206 caetera
1303 3145 1486 3221 provincie
1517 3143 1736 3218 lombardia,

944 3243 1082 3319 insuper
1102 3257 1122 3303 a
1146 3240 1243 3304 nobis
1269 3241 1303 3303 in
1326 3241 1452 3304 eisdem
1475 3240 1597 3304 litteris
1619 3241 1740 3319 postu-

944 3340 1032 3412 lasti,
1051 3341 1089 3402 ut
1111 3341 1261 3402 nostrum
1286 3353 1385 3416 super
1408 3341 1471 3401 boc
1494 3339 1739 3416 beneplacitum

945 3437 1177 3499 scriberemus.
1207 3437 1386 3499 Multorum
1411 3437 1500 3498 enim
1527 3436 1741 3514 praelatorum

945 3535 1093 3613 ejusdem
1108 3535 1289 3612 provinciae
1308 3535 1495 3612 recepimus
1515 3535 1645 3597 litteras
1661 3549 1743 3612 sup-

946 3633 1150 3712 plicantium,
1168 3633 1205 3694 ut
1218 3631 1260 3694 ad
1283 3632 1475 3709 praedictum
1500 3631 1742 3694 monasterium

946 3732 1096 3793 eamdem
1118 3729 1295 3792 ecclesiam
1318 3729 1571 3802 transieramus,
1596 3743 1636 3791 ac
1660 3743 1741 3806 pro-

946 3829 1138 3906 ponentium
1159 3828 1223 3890 101
1244 3828 1309 3904 ipsi
1328 3825 1543 3899 monasterio,
1560 3825 1594 3890 et
1615 3827 1741 3888 eisdem

934 3925 1117 3990 'canonicis
1131 3923 1301 4002 expedire,
1322 3939 1382 4002 pro
1404 3939 1444 3986 eo
1465 3924 1551 4002 quod
1566 3923 1741 4012 praelatum
1785 3929 1787 3932 ’

946 4023 1184 4086 monasterium
1212 4037 1273 4100 per
1304 4021 1437 4084 eosdem
1466 4022 1658 4094 canonicos,
1684 4021 1742 4100 qui

945 4121 1014 4185 rita
1029 4121 1063 4184 et
1073 4118 1327 4183 conversatione
1337 4121 1405 4181 Deo
1416 4121 1448 4181 et
1461 4119 1651 4182 bominibus
1664 4119 1742 4181 sunt

946 4220 1086 4297 accepti,
1108 4218 1241 4280 facilius
1265 4217 1298 4279 et
1319 4217 1439 4280 melias
1462 4233 1559 4295 quam
1582 4233 1643 4295 per
1657 4218 1744 4280 alios

947 4317 1094 4380 creditur
1116 4315 1387 4380 reformandum:
1411 4315 1444 4378 et
1464 4315 1542 4377 inde
1561 4314 1662 4376 iidem
1684 4329 1743 4376 ca·

947 4415 1061 4478 nonici
1073 4413 1213 4477 liberius
1229 4413 1384 4475 insistere
1403 4413 1559 4489 poterunt
1575 4411 1743 4489 regulari-

946 4512 1008 4574 bus
1029 4512 1202 4585 institutis,
1225 4512 1282 4588 qui
1312 4510 1473 4572 hactenus
1492 4509 1527 4570 in
1549 4509 1743 4571 eadem'ec-

947 4609 1050 4673 clesia
1063 4625 1151 4686 saepe
1167 4609 1256 4685 passi
1275 4605 1410 4695 propter
1424 4607 1583 4668 continua
1599 4621 1742 4682 guerra-

947 4723 1023 4772 rum
1043 4706 1250 4777 discrimina,
1267 4703 1513 4776 destructionis,
1533 4703 1567 4766 et
1586 4703 1742 4766 combus-

947 4806 1048 4869 tionis
1063 4802 1319 4875 incommodum,
1342 4801 1575 4880 nequiverunt,
1594 4817 1668 4879 quae
1687 4801 1741 4862 sui

948 4907 1025 4966 sunt
1039 4901 1177 4975 ordinis,
1196 4899 1365 4962 commode
1381 4895 1571 4962 obseruare.
1585 4901 1654 4962 Nos
1675 4899 1742 4975 igi-

946 5003 1002 5064 tur
1024 5000 1158 5077 plenam
1187 4999 1228 5060 de
1254 4997 1463 5060 fraternitate
1492 4998 1551 5060 tua
1585 4995 1742 5058 fiduciam

947 5098 1143 5170 obtinentes,
1158 5111 1218 5174 per
1228 5095 1419 5173 apostolica
1432 5093 1492 5156 tibi
1508 5094 1632 5170 scripta
1645 5107 1743 5154 mau-

947 5198 1075 5269 damus,
1103 5197 1266 5274 quatenus
1295 5209 1397 5270 super
1425 5191 1489 5255 hoc
1521 5189 1741 5252 consideratis

947 5294 1088 5372 singulis
1103 5291 1375 5362 circumstantiis,
1391 5289 1589 5352 auctoritate
1612 5289 1740 5358 nostra,

947 5409 1022 5456 cum
1035 5407 1086 5466 ea,
1098 5407 1172 5470 quae
1185 5388 1341 5452 convenit
1350 5387 1553 5455 maturitate,
1567 5385 1739 5463 procedas,

946 5491 1045 5569 prout
1068 5488 1250 5552 secundum
1280 5488 1384 5546 Deum
1407 5483 1532 5545 rideris
1559 5483 1743 5560 proceden-

947 5589 1037 5650 dnm.
1054 5587 1174 5649 Datum
1191 5583 1361 5656 Laterani,
1377 5580 1486 5644 idibus
1495 5580 1595 5660 junii,
1606 5579 1743 5657 pontid-

947 5691 1043 5750 catns
1055 5684 1161 5747 nostri
1172 5696 1260 5744 auno
1276 5679 1381 5744 sexto.
