3948 6326
296 387 356 449 607

294 543 406 621 gativa
420 539 608 603 dilectionis
623 539 656 600 et
666 535 783 614 gratiae
798 535 1036 612 amplexantes,
1053 534 1086 594 ta

294 639 474 704 secundum
510 637 684 713 utrumque
718 633 885 694 bominem
922 631 1085 709 prolicere

294 737 499 808 affectamus,
513 750 553 796 ea
567 749 638 810 quae
652 731 693 794 ad
716 730 856 791 salutem
879 729 1000 789 animae
1019 728 1085 788 tuae

293 851 333 897 ae
359 834 500 910 gloriam
528 831 629 906 regiae
663 827 834 904 dignitatis
868 822 1083 902 perveniunt,

293 931 440 994 studiose
451 929 652 991 intendimus
668 925 819 993 suadere,
834 925 866 984 te
880 922 921 984 ad
933 937 1085 982 mansue·

293 1029 440 1092 tudinem
469 1024 622 1102 precibus
658 1025 690 1085 et
721 1022 855 1082 monitis
894 1018 1082 1089 invitando,

294 1111 437 1188 scientes
456 1123 541 1201 quod
562 1121 688 1184 exaltat
716 1119 904 1180 mansuetos
926 1116 1084 1178 Dominus

294 1224 328 1283 in
345 1221 533 1283 salutemet
554 1219 688 1294 sapiens
704 1215 808 1277 illium
823 1215 1003 1275 admonens
1018 1212 1082 1274 ait:

293 1317 618 1385 litmartstietudine,
631 1315 690 1386 titt,
708 1327 814 1387 opere
828 1313 888 1372 teo
897 1311 1036 1386 petrice,
1051 1311 1085 1372 et

294 1416 583 1490 superbeattt'ttttm
596 1414 743 1486 pieriam
759 1413 924 1486 diriperis
940 1407 952 1486 (
974 1405 999 1486 ).

334 1502 1083 1584 Sane,intellectoquondam,quodinterclaree

294 1607 462 1670 memoriae
478 1604 667 1680 Philippum
687 1603 812 1679 patrem
828 1603 920 1662 tuum
936 1601 968 1661 at
983 1599 1082 1660 nobi-

292 1705 357 1767 lem
373 1705 480 1766 virum
495 1701 649 1762 comitam
660 1699 898 1760 Flandrensem
914 1711 1082 1758 convene·

292 1804 356 1874 rat,
371 1801 406 1862 nt
427 1800 514 1860 idem
535 1813 645 1859 comes
669 1813 728 1873 pro
745 1795 834 1856 certa
852 1810 888 1854 se
907 1791 1085 1854 redimeret

291 1898 441 1976 pecuniae
461 1895 645 1973 quantitate
661 1891 847 1970 praestanda
869 1891 933 1952 sibi
954 1890 1083 1951 nihilo·

293 1996 403 2056 minus
419 1993 458 2053 de
475 1994 564 2053 terra
577 1991 753 2061 Flandriae,
768 2005 841 2066 quae
858 1989 898 2049 ad
915 1987 1082 2048 dominum

290 2105 403 2167 regem
418 2090 554 2166 spectat,
577 2103 617 2148 aa
643 2103 741 2164 quam
757 2087 867 2163 posset
892 2083 1083 2160 impendere

291 2189 456 2254 cautione,
475 2202 535 2246 nos
562 2184 701 2246 alterius
731 2181 894 2258 compassi
925 2181 1080 2252 miseriae,

292 2299 331 2345 ac
344 2283 556 2344 miseratione
581 2280 718 2343 alterius
742 2278 906 2348 delectati,
931 2277 1082 2338 eumdem

290 2395 402 2457 regem
417 2379 540 2441 nostris
560 2377 680 2439 litteris
695 2376 885 2452 rogavimus
906 2377 938 2436 et
950 2374 1081 2436 monui-

290 2493 375 2548 mus,
387 2477 424 2538 ut
440 2475 562 2536 dictum
575 2475 726 2536 comitem
743 2473 864 2534 divinae
879 2471 1013 2548 pietatis
1028 2471 1082 2530 in-

291 2576 377 2636 tuitu
388 2572 546 2634 liberaret
561 2569 628 2650 (2),
644 2570 793 2632 volantes
809 2584 937 2646 quoque
952 2568 1083 2629 indem-

231 2669 234 2684 *
289 2671 386 2732 nitati
404 2670 505 2746 regias
535 2683 732 2745 praecavere,
757 2667 798 2727 ad
825 2666 1080 2743 postulationem

290 2767 395 2845 ipsius
409 2766 550 2842 comitis,
567 2763 812 2828 venerabilibus
834 2763 992 2824 iratribus
1008 2777 1081 2823 nos-

289 2865 351 2928 tris
365 2863 520 2928 ilamensi
529 2862 779 2938 archiepiscopo
790 2862 823 2922 at
838 2860 1080 2922 silvanectensi

288 2962 442 3038 episcopo
458 2960 581 3021 nostris
597 2958 747 3019 dedimus
759 2957 880 3019 litteris
891 2958 925 3017 in
939 2957 1079 3017 manda-

289 3057 332 3120 tis
347 3059 391 3130 ut,
406 3057 435 3117 si
450 3055 709 3132 praenominatus
728 3070 837 3116 comes
850 3055 884 3114 in
900 3069 1011 3130 regem
1026 3053 1078 3114 vel

290 3153 417 3230 prolem
437 3153 490 3214 vel
516 3153 638 3213 terram
663 3166 756 3210 suam
773 3149 873 3228 (quod
886 3149 973 3211 absit
984 3148 1007 3227 t)
1024 3149 1078 3209 in-

289 3249 449 3324 surgeret,
473 3247 537 3308 nisi
558 3247 645 3308 inira
657 3246 876 3322 quadraginta
889 3245 970 3318 dias,
984 3248 1077 3322 post-

285 3361 384 3423 quam
399 3345 488 3405 esset
497 3344 651 3416 monitus,
666 3342 700 3403 in
712 3343 805 3403 curia
815 3343 908 3418 regia
924 3343 1078 3405 satisfac-

322 3545 363 3618 (ι)
383 3546 482 3614 Ειιιι.,
500 3559 540 3614 ιιι,
558 3545 601 3603 rs.

320 3619 361 3692 (ι)
379 3617 497 3674 Ηοιοιιι
512 3615 548 3674 ad
572 3615 644 3673 Pblti
686 3629 734 3672 um
761 3629 860 3689 regem
886 3615 995 3673 litteras
1011 3615 1077 3674 vide

285 3704 371 3762 supra
385 3687 433 3744 lib.
450 3688 609 3769 Vll,·epist.
627 3631 687 3742 lg?
959 3757 964 3769 Ι

321 3759 362 3834 (3)
378 3758 494 3828 Scripsit
512 3771 541 3813 ιι
555 3755 687 3814 eumdem
703 3753 762 3812 lare
773 3753 887 3817 niodum
904 3771 966 3829 regi
984 3756 1075 3814 Ludo·

283 3831 347 3958 ulica)
366 3827 552 3954 cargfflanum
580 3827 744 3898 collegium,
766 3833 797 3882 ut
822 3826 898 3899 apud
917 3827 1071 3898 Baluziuin,

284 3915 352 3957 ιι.
398 3941 403 3954 .
481 3914 488 3954 :

321 3991 333 4022 ι
349 3915 595 4027 disertanaeda
607 3965 723 4024 domino
738 3966 890 4034 Ludovico,
905 3968 955 4024 Dei
970 3967 1074 4050 gratia,

283 4040 345 4096 real
372 4039 498 4095 Francius
532 4037 642 4106 illustri,
673 4039 758 4108 lingo
778 4036 880 4094 eadem
904 4039 1073 4106 lineriensis,

284 4081 417 4181 Pelagius
443 4106 628 4174 albariensis,
671 4108 803 4163 Nicotaus
837 4109 1073 4175 Tusculanensis,

283 4178 373 4237 Gnido
389 4177 588 4240 Praenestinus,
603 4177 747 4260 episeopi3
774 4179 831 4234 Leo
848 4177 920 4234 tituli
936 4179 963 4234 S.
978 4179 1075 4235 Crucis

284 4250 313 4306 in
325 4249 494 4314 Jerusalem,
506 4247 575 4303 Galo
591 4247 618 4302 S.
633 4247 745 4302 llartini
755 4247 783 4302 in
797 4249 902 4315 Monta,
914 4247 1074 4319 Stephanus

281 4319 407 4377 basilicae
416 4317 775 4388 duodecimapostolorum,
785 4318 838 4374 Gra
862 4318 1075 4375 oriusS.Anas

280 4392 371 4458 testie,
387 4388 439 4446 Tb.
452 4389 479 4445 S.
497 4387 618 4453 sabinae,
634 4385 779 4443 lohannes
799 4388 826 4444 S.
840 4332 986 4455 ῗιιιιιιιι,
1000 4403 1075 4461 ριιι-

281 4459 393 4533 byteri;
415 4459 588 4516 Octavianus
609 4459 656 4514 SS.
675 4457 766 4584 Sergii
781 4464 809 4512 et
832 4459 946 4525 Bacchi,
963 4461 1071 4531 Grego·

281 4533 341 4588 rius
355 4532 383 4589 S.
399 4527 551 4595 Theodori,
569 4529 714 4584 ltomauus
748 4528 884 4600 .Angeti,
910 4528 1072 4600 Stephanus

282 4603 310 4658 S.
327 4599 455 4668 Adriani,
471 4602 570 4657 Petrus
587 4599 614 4655 S.
632 4598 748 4670 Georgii
772 4595 808 4653 ad
828 4599 922 4654 vetum
942 4613 1070 4667 aureum,

282 4671 395 4726 diaconi
407 4668 576 4735 cardinales,
588 4668 720 4736 satutem,
736 4674 764 4724 et
776 4668 905 4740 precibus
918 4671 1073 4726 misericor-

281 4739 335 4797 dia
346 4754 429 4796 aures
448 4737 667 4796 misericorditer
683 4739 831 4795 inclinare.

316 4811 386 4868 Cum
406 4808 441 4865 ed
462 4823 549 4880 opera
565 4807 678 4880 pietatis
693 4809 801 4882 regiam
815 4807 1013 4865 celsitudinem
1027 4810 1071 4865 in·

280 4880 419 4946 vitamus,
444 4885 521 4934 tanto
553 4877 712 4950 promtius
743 4879 872 4935 exaudiri
911 4893 1068 4950 speramus,

281 4956 387 5022 quanto
413 4963 463 5031 per
489 4959 539 5004 ιιι
563 4893 729 5004 indeficiens
756 4949 899 5017 meritum,
926 4947 1001 5021 quod
1028 4957 1072 5008 est

301 5026 470 5086 raestantrus,
487 5016 561 5090 apud
580 5020 670 5075 Deum
684 5017 763 5074 vobis
778 5020 940 5090 acquiritur,
954 5027 982 5075 et
997 5018 1072 5091 apud

280 5037 412 5149 gemines
426 5088 517 5146 laudis
533 5095 561 5144 ιι
576 5089 674 5160 glorta
689 5090 862 5159 preconium
874 5099 1070 5162 comparatum

300 5159 1073 5240 uia,etsigtoriosumattemperaliterattestandumest

279 5175 314 5289 ga
329 5231 457 5288 hostibus
481 5236 607 5312 optatum
636 5227 764 5285 obtinere
779 5229 961 5301 triumphuni,
984 5231 1071 5287 multo

279 5309 375 5359 tamen
390 5301 543 5372 gloriosius
558 5307 586 5356 at
601 5299 722 5370 amplius
736 5299 964 5372 amplectendum
979 5301 1068 5358 olien-

279 5387 340 5428 sam
362 5372 504 5428 remittere
520 5368 740 5426 misericorditer
754 5376 782 5424 ιι
800 5385 917 5442 parcere
929 5370 990 5452 jam
1004 5385 1068 5444 pro-

279 5442 384 5498 stratis.
413 5440 491 5497 Beati
517 5441 593 5496 enirn
618 5439 825 5507 misericordes,
853 5454 989 5512 quoniam
1016 5443 1070 5512 ipsi

278 5509 503 5568 misericordiam
536 5525 622 5568 conse
644 5517 753 5566 nentur.
778 5511 851 5566 Sane
877 5525 942 5566 cum
967 5511 1070 5568 nobilis

277 5582 330 5638 viri
341 5581 452 5638 comitis
464 5579 604 5638 Flandriae
647 5578 811 5652 FernandiJ,
834 5581 882 5651 qui
908 5595 964 5636 non
980 5597 1066 5654 spon·

278 5659 388 5719 tanaus,
402 5651 452 5708 sed
479 5650 613 5708 seductus
637 5665 665 5706 ιι
675 5651 801 5706 novitate
813 5665 864 5706 sna
880 5651 989 5722 regiain
1004 5667 1065 5709 nia·

907 375 1084 436 HONORII
1107 373 1153 433 111
1174 373 1322 434 OPERA.

1874 377 1923 434 608

1140 531 1263 594 tionem
1293 546 1393 608 super
1423 531 1485 592 boc
1513 533 1609 608 juxta
1639 531 1769 608 parium
1797 549 1922 594 suorum

1136 629 1300 706 judicium
1315 627 1498 700 exhiberet,
1523 629 1673 689 eumdem
1697 629 1850 690 comitem
1872 645 1923 690 ei-

1140 725 1432 787 communlcationi
1447 741 1486 787 ac
1499 727 1624 787 terram
1647 741 1741 786 suam
1758 726 1921 788 interdicto

1140 823 1375 900 supponerent,
1390 823 1494 884 donec
1517 823 1590 900 ipse
1614 821 1710 886 modo
1726 823 1920 884 satisfaceret

1140 919 1341 997 supradicto.
1359 921 1492 986 Verum,
1515 921 1662 996 nequitia
1688 919 1811 981 diaboli
1836 921 1919 980 bonis

1140 1015 1267 1078 actibus
1276 1016 1456 1088 invidente,
1467 1017 1625 1094 praedicto
1639 1017 1793 1093 Philippo
1802 1016 1919 1077 sublato

1139 1113 1316 1186 demedio,
1345 1115 1520 1176 conventio
1544 1114 1745 1191 incompleta
1760 1116 1917 1184 remansit,

1139 1211 1172 1273 et
1187 1211 1266 1273 dicti
1292 1213 1422 1274 comitis
1437 1211 1591 1273 liberatio
1606 1214 1656 1274 ιιι
1670 1212 1830 1272 hactenus
1845 1227 1921 1288 prae-

1139 1308 1262 1384 pedite.

1179 1406 1262 1476 Quia
1277 1421 1357 1468 varo
1372 1406 1472 1466 nimis
1487 1405 1706 1467 inhumanum
1719 1406 1848 1467 videtur
1862 1406 1918 1466 tlic-

1138 1503 1206 1564 tum
1219 1504 1371 1565 comitem
1389 1503 1527 1565 ulterius
1540 1503 1742 1580 captivitatis
1759 1504 1917 1580 squalori·

1138 1599 1199 1659 bus
1216 1601 1389 1672 macerari,
1410 1599 1640 1662 celsitudinem
1655 1601 1747 1661 tuam
1763 1615 1916 1674 rogamus,

1138 1713 1309 1758 monemus
1318 1699 1350 1759 at
1359 1698 1531 1759 hortamur
1542 1699 1677 1768 attente,
1693 1701 1739 1768 ut,
1753 1697 1919 1773 prudenter

1138 1793 1311 1855 attendens
1333 1795 1418 1872 quod
1439 1795 1709 1856 misericordibus
1735 1795 1917 1854 misericor-

1139 1891 1226 1952 diam
1236 1892 1395 1953 Dominus
1406 1893 1591 1968 pollicetur,
1605 1893 1638 1953 et
1649 1907 1833 1968 agnoscens
1842 1891 1916 1968 quod

1137 1989 1297 2064 optimum
1317 1987 1471 2050 vindictae
1488 2005 1592 2064 genus
1611 1989 1662 2049 est
1688 1989 1777 2050 nolte
1799 1989 1915 2064 punire,

1137 2100 1211 2145 cum
1226 2085 1392 2162 possis,eo
1405 2085 1489 2163 quod
1503 2085 1787 2161 magnanimitatis
1798 2087 1917 2146 estma-

1136 2183 1257 2258 amuco
1269 2199 1417 2259 parcere,
1427 2183 1468 2243 ad
1477 2182 1817 2259 liberationemipsius
1825 2181 1917 2242 comi-

1137 2279 1179 2342 tis
1194 2295 1252 2340 cor
1266 2283 1355 2342 tuum
1382 2279 1562 2342 clementer
1583 2280 1745 2350 inflectas,
1768 2281 1802 2340 et
1819 2281 1915 2354 ipsum

1136 2376 1254 2437 redimi
1269 2377 1408 2454 patiaris
1418 2375 1476 2455 (3).
1491 2377 1560 2439 Nos
1575 2378 1663 2438 anim
1678 2376 1915 2452 archiepiscopo

1137 2475 1170 2535 ιι
1180 2473 1799 2550 episcoposupradictisriostrislittaris
1810 2473 1914 2532 damus

1136 2571 1170 2630 in
1181 2571 1366 2647 praeceptis,
1392 2586 1465 2646 quae
1482 2569 1635 2648 volumus
1646 2571 1746 2631 etiam
1758 2569 1798 2631 ad
1811 2585 1914 2630 eorum

1136 2682 1343 2728 successores
1364 2667 1511 2739 extendi,
1531 2666 1577 2738 ut,
1594 2667 1623 2727 ιι
1646 2665 1732 2729 ιοιιι
1750 2665 1914 2728 comesset

1136 2764 1912 2839 comitissaFlandriaecontraeonventionesquae

1134 2862 1191 2923 tuo
1203 2861 1350 2938 etipsius
1362 2861 1492 2922 comitis
1503 2863 1536 2922 et
1546 2861 1725 2922 comitissae
1736 2860 1851 2936 sigillis
1861 2875 1912 2935 ap-

1134 2958 1306 3035 paruerint
1324 2957 1490 3032 sigillatae,
1507 2958 1622 3019 venire
1641 2957 1910 3034 presumpserint,

1133 3055 1253 3132 ipsein
1269 3056 1399 3117 comitis
1424 3056 1458 3116 ιι
1481 3055 1659 3116 comitissae
1677 3070 1717 3117 ac
1739 3055 1911 3133 adjutorum
1968 3127 1969 3139 χ

1134 3167 1268 3213 suornm
1292 3166 1451 3227 personas
1475 3151 1825 3212 excommunicationis
1835 3152 1864 3212 et
1880 3151 1911 3209 in

1133 3249 1239 3310 terras
1255 3263 1369 3309 eorum
1387 3247 1554 3309 interdicti
1570 3249 1763 3320 sententias,
1776 3247 1910 3325 appelta-

1132 3347 1222 3408 tione
1238 3345 1431 3422 postposita,
1446 3345 1655 3421 promulgent
1671 3345 1704 3406 et
1719 3343 1911 3406 lacianteas·

1129 3547 1262 3620 testatem
1274 3545 1402 3615 attendit,
1414 3554 1561 3620 paccatum
1574 3553 1602 3605 ιι
1615 3546 1797 3605 intortunium
1811 3546 1858 3604 sibi
1868 3559 1908 3600 ιι-

1131 3619 1293 3676 cessitatem
1330 3619 1482 3692 ingesserit
1508 3618 1732 3676 misericordiam
1754 3615 1906 3691 postulandi,

1131 3697 1160 3745 et
1180 3689 1261 3746 vobis
1281 3689 1423 3760 paraverit
1436 3696 1625 3760 opportunam
1654 3691 1803 3746 materiam
1820 3690 1908 3744 misero

1132 3757 1351 3816 misericorditer
1386 3759 1551 3827 miserandi,
1576 3759 1686 3832 regiam
1724 3759 1906 3816 celsitudinem

1131 3837 1235 3900 quanta
1260 3843 1412 3901 possumus
1434 3829 1583 3886 allectione
1597 3843 1734 3902 rogamus
1748 3837 1776 3885 et
1789 3829 1904 3886 obsecra·

1130 3913 1193 3955 mus
1227 3899 1255 3954 in
1289 3900 1407 3956 Domino
1435 3902 1503 3957 lesu
1530 3899 1821 3971 Glirlsto,qui,cun1
1844 3903 1906 3954 esset

1129 3969 1266 4026 altissimi
1288 3969 1372 4038 illius,
1402 3971 1461 4026 ilex
1487 3985 1588 4042 regum
1612 3977 1641 4026 et
1666 3970 1804 4026 Dominus
1827 3967 1903 4024 donii-

1129 4039 1269 4106 nantium,
1297 4054 1353 4096 non
1375 4039 1466 4096 solum
1481 4055 1532 4111 pro
1554 4038 1637 4097 nobis
1664 4041 1802 4110 captivari
1821 4037 1902 4100 ισιιιιι,

1130 4109 1261 4166 manibus
1288 4107 1406 4166 traditus
1438 4116 1467 4166 et
1492 4111 1624 4181 potestati
1657 4111 1834 4176 nocentium,
1863 4105 1903 4164 sed

1129 4179 1902 4251 etiamopprobriosumerncissubiretormentum,pun·

1129 4257 1212 4306 tenus
1224 4251 1313 4322 ipsius
1323 4251 1425 4307 intuitu
1437 4251 1759 4322 principalitermecuou
1773 4257 1800 4306 ιι
1814 4247 1905 4306 sumni

1129 4320 1281 4388 Pontilieis,
1299 4321 1347 4392 qui
1361 4319 1397 4376 de
1418 4321 1537 4376 consitio
1550 4335 1584 4376 ιι
1598 4333 1741 4376 ιοιιιιιι
1759 4327 1852 4377 nostro
1865 4331 1905 4400 pro

1128 4389 1255 4460 ejusdam
1270 4390 1381 4447 comitis
1394 4390 1597 4446 liberationara
1621 4390 1654 4445 ia
1670 4391 1812 4516 mafflesmss
1824 4389 1906 4460 dirigit

1128 4461 1232 4532 scripta
1248 4475 1309 4528 sue,
1326 4461 1525 4517 nostrisatiam
1536 4475 1586 4517 coa
1606 4461 1715 4531 Juvant'
1738 4459 1904 4533 usprecibus,

1128 4530 1221 4604 ipsum
1233 4530 1269 4587 do
1283 4530 1468 4603 compedibus
1479 4537 1508 4586 at
1519 4531 1681 4602 captivitate
1691 4530 1811 4587 liberare
1823 4529 1905 4601 digne

1127 4601 1208 4664 niini,
1229 4602 1349 4656 servatis
1368 4599 1449 4656 vobis
1477 4601 1513 4656 ab
1536 4601 1598 4671 ipso
1617 4599 1828 4658 conditionibus
1846 4613 1904 4682 quas

1127 4684 1192 4726 cum
1206 4671 1317 4742 inclyta
1332 4671 1476 4726 memorie
1491 4678 1571 4742 patra
1586 4678 1681 4728 vestro
1701 4685 1772 4754 rege
1791 4671 1904 4742 Philippo

1127 4739 1228 4796 dieitur
1256 4741 1364 4808 iniisse,
1388 4748 1416 4796 ιι
1442 4755 1505 4812 que
1532 4747 1627 4797 vestro
1645 4749 1674 4798 ιι
1692 4742 1784 4814 ipsius
1808 4739 1905 4798 comitis

1127 4817 1155 4867 et
1172 4811 1325 4867 comitissae
1341 4813 1364 4867 si
1389 4811 1443 4866 illis
1462 4807 1566 4866 luerint
1582 4811 1724 4883 sigillata,
1745 4819 1785 4874 ιιι,
1799 4811 1862 4868 dum
1881 4809 1903 4863 ιι

1127 4895 1178 4936 ιοι
1194 4881 1322 4952 peccanti
1337 4896 1354 4937 o
1377 4883 1519 4937 ιιιιιιίι
1531 4887 1647 4952 peccata
1667 4882 1818 4950 remittitis,
1832 4893 1902 4936 secu·

1127 4951 1185 5007 rius
1199 4965 1233 5007 ac
1246 4951 1436 5008 confidentius
1448 4950 1529 5007 vobis
1544 4965 1559 5006 a
1578 4951 1700 5008 Domino
1715 4951 1808 5008 debita
1824 4957 1902 5007 vestra

1126 5022 1274 5146 gestuletis
1289 5022 1403 5078 remitti.
1419 5022 1489 5090 Quia
1503 5035 1571 5078 vero
1587 5035 1643 5078 non
1658 5021 1747 5078 estde
1762 5028 1898 5079 consuetu·

1146 5091 1192 5147 ine
1204 5091 1279 5162 quod
1294 5093 1421 5148 omnium
1443 5099 1569 5148 nostrum
1590 5091 1684 5164 sigilla
1701 5091 1794 5149 eidem
1817 5089 1900 5162 impri-

1126 5168 1239 5218 mantur
1251 5161 1407 5232 scriptura,
1421 5175 1475 5217 nec
1484 5161 1624 5232 aliquibus
1638 5161 1749 5231 litteris,
1762 5163 1815 5218 nisi
1827 5162 1899 5244 privi·
1963 5171 1964 5174 ¹

1126 5232 1210 5313 legiis
1223 5231 1360 5289 duntaxat
1371 5232 1551 5304 Apostolicis‚
1572 5231 1795 5300 subscribantur,
1815 5228 1902 5310 sigillis

1126 5317 1250 5428 gnarum
1274 5309 1435 5360 nostrorum
1460 5303 1589 5374 lingonis
1612 5303 1753 5359 Ostiensis
1777 5303 1899 5374 episopo

1148 5373 1229 5427 ιοιιι
1256 5372 1328 5428 ιιιιιι
1350 5375 1379 5430 S.
1402 5373 1499 5430 Crucis
1517 5373 1546 5428 in
1569 5373 1727 5430 Jerusalem
1748 5369 1900 5446 presbyteri,

1124 5443 1271 5499 Octaviani
1284 5443 1332 5501 SS.
1349 5443 1441 5515 Sergii
1456 5449 1485 5498 at
1499 5442 1602 5500 Baectii
1617 5442 1731 5500 diaconi
1753 5441 1898 5504 cardinatis,
1962 5485 1963 5490 ,

1144 5519 1295 5569 ιιιιιιιιιιι
1321 5521 1429 5570 cartam
1456 5511 1576 5570 lecimus
1602 5514 1782 5570 communiri.
1811 5514 1898 5568 Datum
1962 5519 1963 5584 ι

1124 5527 1265 5648 [etei-ani,
1281 5582 1432 5642 Vlietend.
1448 5583 1526 5650 maii,
1543 5582 1723 5656 pontificatus
1734 5582 1835 5642 domiui
1848 5581 1896 5636 llo·

1124 5653 1197 5710 norit
1208 5667 1289 5725 pepe
1298 5655 1337 5710 lll
1353 5666 1430 5710 anno
1443 5661 1577 5710 octavo.»
