4032 6326
43 353 102 416 221
675 347 904 415 EPISTOLAE.
928 349 1007 412 LIB.
1030 351 1101 414 vil.
1593 427 1595 432 ,
1647 351 1708 412 2⁴22

45 508 265 588 lampadibus
280 526 346 588 per
360 525 462 588 opera
477 509 664 574 sanctitatis
677 509 802 589 jugiter
822 521 859 572 se
913 509 1089 574 abbatissae
1101 509 1222 574 vestrae
1235 512 1385 574 Romano
1400 509 1567 586 Pontifici,
1583 510 1636 574 vel
1650 511 1705 574 le·

46 608 399 686 praeparantobviam
423 623 544 686 sponso
563 607 626 681 ire,
642 609 675 670 et
697 608 859 686 cumipse
912 607 990 684 gato
1017 607 1059 670 ab
1083 611 1155 686 ejus
1179 609 1284 672 latere
1304 608 1482 682 destinato,
1506 608 1565 672 aut
1588 609 1631 684 ei,
1653 609 1708 672 cui

47 707 86 768 ad
100 706 265 768 coelestes
286 706 424 783 nuptias
439 705 580 768 introire
594 707 745 768 nostrum
759 705 860 767 debe-
914 704 1070 767 Pontifex
1081 709 1249 769 Romanus
1261 706 1458 784 injunxerit,
1471 706 1705 784 praesentetur,

48 821 117 866 mus
132 803 345 881 praesidium
360 804 536 880 impertiri,
558 819 600 866 ne
615 803 700 866 sorte
720 803 860 880 cujusli-
914 817 1009 881 aquo
1025 803 1139 866 electa
1152 803 1425 877 confirmationis,
1444 804 1478 866 et
1496 804 1704 866 benedictio-

49 902 101 964 bet
112 901 332 964 temeritatis
344 901 499 964 incursus
513 901 567 964 rel
582 917 639 964 eas
657 902 859 979 aproposito
913 901 966 964 nis
980 902 1088 978 gratia
1112 900 1335 979 impendatur.
1357 902 1587 964 correctiones
1610 902 1718 987 insu-y

51 1001 192 1072 revocet,
210 1000 279 1062 aut
306 999 419 1072 robur,
436 999 523 1076 quod
537 999 634 1072 absit,
658 1014 765 1062 sacrae
783 999 861 1062 reli·
913 1015 973 1077 per
995 999 1063 1062 tam
1084 999 1214 1077 capitis,
1232 1015 1332 1079 quam
1359 999 1582 1062 membrorum
1608 1015 1709 1078 super

53 1098 155 1175 gionis
177 1095 368 1174 infringat.
383 1097 576 1175 Eapropter,
595 1097 724 1160 dilectae
739 1096 775 1158 in
793 1099 861 1158 Do-
914 1097 1085 1170 omnibus,
1116 1113 1189 1175 quae
1217 1098 1253 1160 in
1276 1099 1390 1160 restra
1416 1097 1559 1160 ecclesia
1584 1097 1710 1160 fuerint

53 1197 136 1256 mino
164 1194 264 1268 tiliae,
295 1195 418 1258 restris
448 1195 549 1272 jusus
581 1194 859 1272 postulationibus
914 1196 1122 1272 corrigenda,
1142 1196 1205 1257 soli
1229 1198 1379 1258 Romano
1402 1194 1568 1268 Pontifici,
1589 1195 1643 1258 rel
1661 1195 1706 1268 ei,

54 1295 142 1369 grato
192 1293 446 1354 concurrentes
490 1307 653 1366 assensu,
696 1291 859 1369 capellam
914 1307 1011 1370 quam
1024 1293 1065 1354 ad
1083 1293 1147 1354 boe
1162 1293 1233 1370 ipse
1246 1293 1465 1370 deputaverit,
1484 1307 1707 1356 reservamus.

56 1391 179 1453 Sancta
195 1389 402 1452 PetroniIlae
418 1405 493 1452 cum
508 1390 666 1469 hospitali
680 1405 699 1452 a
713 1389 859 1467 capitulo
914 1389 1132 1455 probibemus
1155 1391 1271 1468 igilur,
1292 1407 1334 1452 ne
1356 1391 1431 1468 quis
1450 1390 1637 1468 epiecopus,
1653 1391 1709 1453 vel

57 1487 191 1551 &nansi
220 1487 267 1550 de
291 1503 435 1550 amaneu
457 1487 605 1566 episcopi
634 1487 803 1560 Senensis,
828 1488 861 1549 et
914 1487 1390 1566 quaelibelallaeeoleaestica,
1407 1488 1621 1560 saecularisve
1629 1503 1710 1565 per-

57 1585 188 1646 l'uudum
203 1586 403 1664 quemdam,
426 1585 527 1648 silum
542 1586 638 1649 extra
653 1589 784 1662 partam
799 1587 860 1648 Se-
913 1601 997 1649 sona
1017 1585 1189 1652 libertates
1211 1587 1342 1650 vestras
1358 1585 1552 1662 intringere,
1569 1584 1627 1647 aut
1643 1584 1708 1647 ob-

58 1699 190 1746 uensem
207 1683 252 1745 de
278 1683 444 1746 CamuIIIe
458 1699 533 1746 cum
548 1682 815 1760 possessionibus
827 1683 861 1746 et
912 1685 1006 1748 tentu
1028 1683 1292 1757 consuetudinis,
1321 1683 1376 1746 vel
1398 1682 1466 1744 alio
1490 1682 1587 1746 modo
1609 1683 1709 1760 quis-

60 1781 207 1842 omnibus
223 1781 444 1859 pertinentiis
459 1781 529 1843 suis
544 1797 565 1844 a
578 1781 737 1844 Vitalide
751 1781 858 1844 Doni·
914 1797 1048 1859 quana
1068 1780 1164 1844 robis
1179 1781 1301 1846 audeat
1314 1781 1524 1860 extorquere.
1540 1780 1707 1858 Spaciali-

62 1878 128 1940 cato
150 1878 227 1941 cire
251 1879 400 1941 Senensi
419 1878 515 1942 uobis
539 1879 675 1942 nomine
700 1881 858 1942 Romana
915 1879 1085 1942 terentem
1099 1879 1300 1952 inhibemus,
1316 1894 1360 1940 ne
1375 1877 1559 1950 usurarios,
1572 1893 1708 1940 excom-

62 1976 213 2038 Eoclesiae
236 1977 298 2056 pia
321 1975 524 2039 liberalitate
550 1977 682 2050 collata,
704 1976 740 2037 in
755 1978 811 2054 jus
827 1977 860 2038 et
913 1977 1111 2050 manicatos,
1139 1975 1198 2038 aut
1220 1975 1408 2048 uersuros,
1440 1974 1494 2038 rel
1516 1974 1556 2037 de
1584 1973 1708 2036 naresi

63 2075 300 2151 proprietatem
321 2074 413 2136 beati
434 2073 526 2136 Petri
545 2074 578 2135 et
599 2073 756 2136 EcclesIae
788 2076 858 2138 Ro-
912 2074 1104 2147 infamatos,
1120 2075 1154 2139 et
1165 2074 1362 2136 nominatim
1377 2086 1397 2134 a
1411 2072 1550 2136 Senensi
1564 2071 1708 2134 ecclesia

64 2187 162 2234 mauae
187 2171 415 2250 suscepimus,
453 2171 509 2232 ubi
542 2171 781 2234 monasterium
815 2171 856 2232 ad
912 2172 1107 2236 interdictos
1117 2170 1327 2249 praesumens
1338 2170 1373 2232 in
1385 2171 1466 2243 rita,
1475 2170 1529 2232 vel
1539 2171 1575 2232 in
1588 2169 1706 2244 morte,

65 2269 220 2332 bonorem
236 2270 314 2342 Dei,
332 2269 365 2332 et
378 2268 527 2345 Virginis
541 2269 697 2344 gloriosae
712 2269 860 2332 (ianitri-
913 2269 1157 2349 quomodolibet
1168 2269 1319 2346 recipere
1333 2267 1374 2330 ad
1389 2267 1519 2343 divina,
1534 2283 1596 2328 nec
1607 2266 1709 2329 liceat

67 2367 107 2428 cis
118 2371 201 2445 ejus,
218 2368 258 2430 ut
271 2383 335 2431 ros
350 2366 516 2430 offerretis
537 2365 584 2428 ibi
602 2367 742 2430 Domino
762 2366 859 2430 bolo-
911 2367 1007 2431 robis
1021 2367 1226 2445 sepulturam
1244 2366 1379 2438 babere,
1396 2365 1462 2428 nisi
1476 2381 1536 2442 pro
1553 2363 1660 2437 vobis,
1673 2364 1709 2426 et
1842 2413 1844 2422 ι

70 2466 220 2533 amium,
250 2467 288 2528 et
308 2465 394 2526 alias
413 2463 566 2542 exemplo
579 2465 692 2528 vestro
711 2463 753 2526 ad
772 2463 859 2526 divi-
912 2466 989 2528 aliis
1007 2465 1259 2543 personisque
1274 2463 1316 2525 ad
1331 2462 1616 2526 vestrumiuerint
1634 2476 1709 2544 sar-¹

70 2578 138 2622 num
169 2561 372 2640 obsequium
405 2562 596 2634 traheretis,
622 2561 756 2624 nomine
791 2564 860 2624 Ro-
912 2563 1030 2627 vltIum
1045 2562 1220 2640 deputate.
1236 2560 1459 2623 Adiudicium
1474 2561 1586 2622 autem
1605 2559 1707 2636 liujus

72 2675 167 2722 manaa
178 2660 353 2732 Ecclesia,
367 2659 453 2737 quod
469 2659 630 2736 adipeam
643 2659 735 2722 nullo
750 2658 858 2720 medio
913 2662 1109 2738 perceptaea
1130 2659 1215 2722 Sede
1238 2657 1430 2736 Apostolica
1452 2657 1614 2721 libertatis
1640 2672 1707 2718 au-

72 2758 213 2832 perlinet,
243 2757 404 2820 duximus
431 2755 701 2820 construendum.
735 2759 859 2820 Verum
912 2773 1007 2820 reum
1027 2773 1130 2819 unum
1150 2756 1350 2834 persolvetis
1371 2757 1521 2818 Romano
1552 2751 1708 2815 Pontifici

75 2854 141 2930 quia
162 2856 298 2932 petistIs
319 2871 339 2917 a
362 2853 469 2926 nebia
491 2855 527 2916 ut
550 2854 660 2916 locum
677 2854 798 2931 ipsum,
826 2854 860 2917 et
913 2855 1097 2918 mnuatim.
1127 2856 1246 2915 Datum
1269 2851 1401 2916 Perusii
1422 2850 1509 2928 apud
1538 2851 1708 2921 monaste·

75 2965 220 3026 personas
236 2953 326 3016 inibi
342 2953 482 3017 Domino
503 2951 715 3024 famulantes,
741 2954 858 3014 contra
913 2953 1000 3013 rium
1027 2951 1140 3018 Sancti
1164 2949 1267 3020 Petri
1295 2951 1339 3011 IV
1366 2947 1528 3010 kalendas
1561 2946 1706 3023 augusti,

76 3049 287 3126 malignorum
323 3050 478 3112 incursus
511 3049 726 3126 protectionis
762 3049 858 3112 Sedis
913 3065 1000 3112 anno
1016 3047 1147 3110 Domini
1162 3048 1335 3119 MCCXIX,
1351 3044 1534 3106 indIctione
1544 3046 1616 3117 Vll,
1627 3059 1709 3121 pon·

77 3148 260 3222 Apostolicee
277 3148 456 3226 privilagio
471 3147 689 3218 muniremus,
702 3162 775 3220 nos,
786 3163 859 3209 res·
912 3147 1057 3211 titicatus
1066 3161 1147 3209 vero
1162 3144 1287 3207 domini
1299 3142 1440 3206 Honorii
1454 3144 1554 3220 Papae
1564 3142 1607 3204 IIl
1618 3155 1708 3202 anno

79 3245 232 3321 trisjustis
247 3245 405 3324 precibus
418 3244 860 3316 mannaadiaummonas-
912 3247 1075 3323 quarto.»

78 3341 192 3414 arium,
208 3343 300 3421 quod
315 3343 357 3406 ad
371 3345 554 3406 Romanam
568 3341 752 3404 Ecclesiam
765 3342 858 3407 nullo
951 3341 1045 3406 Nulli
1064 3355 1143 3416 ergo
1163 3339 1297 3402 omnino
1319 3337 1491 3399 bominum
1504 3336 1605 3398 liceat
1618 3336 1707 3398 hanc

81 3440 205 3512 pertinet
223 3441 405 3514 mediante,
426 3441 462 3502 In
484 3454 548 3519 quo
563 3440 677 3502 divino
692 3440 772 3502 astla
794 3439 857 3504 cb·
912 3441 1069 3518 paginam
1093 3439 1218 3500 nostrae
1232 3435 1495 3498 confirmationis
1508 3433 1705 3510 intringere,

81 3538 178 3612 saulo
191 3539 405 3616 mancipatae,
421 3553 495 3600 eum
515 3537 678 3615 personis,
699 3537 732 3600 et
750 3539 860 3600 omni·
911 3539 965 3601 vel
980 3537 1012 3600 ei
1026 3552 1112 3599 ausu
1121 3533 1300 3598 temerario
1315 3533 1492 3596 contraire.
1508 3532 1544 3592 Si
1556 3531 1630 3608 quis
1642 3545 1709 3592 au-

81 3630 132 3694 lus
151 3636 248 3699 rebus
267 3636 342 3698 suis
358 3635 422 3698 sub
440 3635 531 3698 beati
548 3635 639 3698 Petri
654 3636 858 3713 protectione
912 3637 979 3700 tam
999 3636 1064 3698 hoc
1085 3632 1250 3696 attentare
1272 3629 1531 3707 presumpserit,
1548 3628 1707 3720 indigna-

82 3733 326 3810 accipimuset
343 3734 518 3812 praesentis
538 3733 655 3809 scripti
681 3732 859 3810 privilegio
912 3734 1036 3796 donem
1049 3729 1283 3807 omnipotentIs
1296 3728 1367 3800 Dei,
1385 3726 1600 3789 etbeatorum
1614 3723 1707 3786 Petri

84 3833 319 3894 commummus.
340 3832 529 3894 Formulam
551 3830 768 3893 nibilominus
781 3831 859 3893 vitae
912 3830 948 3894 et
960 3828 1058 3892 Pauli
1069 3828 1294 3906 apostolorum
1308 3828 1380 3912 ejus
1396 3839 1431 3886 se
1444 3823 1575 3885 noverit
1588 3823 1706 3883 incur-

83 3929 194 4000 raus,
217 3945 318 4009 quam
336 3945 356 3992 a
372 3930 469 3993 nobis
488 3928 659 3992 humiliter
672 3927 856 4005 recepistis,
914 3944 1040 3990 sururn.
1054 3927 1172 3988 Datum
1187 3923 1353 3994 Laterani,
1369 3923 1448 3983 XIII
1462 3918 1631 3982 Kalendas
1647 3933 1708 3980 oc-

86 4037 146 4085 cum
163 4025 247 4091 beati
261 4027 434 4090 Benedicti
449 4027 577 4103 regula,
590 4027 760 4104 perpetuis
775 4025 861 4088 tem
913 4025 1029 4098 tobris,
1044 4022 1257 4102 pontificatus
1272 4019 1378 4083 nostri
1392 4033 1480 4081 anno
1494 4017 1646 4098 septimo.

86 4121 201 4194 poribus
221 4140 360 4188 manera
378 4125 587 4188 decernimus
609 4124 785 4197 illibatam,
808 4124 861 4185 lo-

88 4229 148 4280 cun
177 4225 322 4286 vestrum
358 4238 432 4285 cum
467 4223 620 4284 omnibus
649 4221 859 4300 pertinentiis

90 4315 155 4389 stis,
170 4321 199 4382 et
212 4321 336 4394 omnia,
348 4337 421 4398 quae
433 4322 522 4398 juste
532 4320 566 4381 et
579 4320 739 4382 canomce
752 4320 861 4397 possi-
1282 4340 1344 4428 ΠΙ

92 4408 468 4497 detis,robisetpervos
483 4417 539 4490 iis,
556 4416 738 4494 quaerelis
753 4431 859 4480 cano-
1668 4485 1674 4499 ,

92 4507 151 4571 mco
168 4517 397 4590 sumserint,
412 4515 660 4580 confirmantes,
674 4518 702 4576 Α
721 4515 861 4593 praesga.
914 4498 966 4560 Ad
979 4494 1188 4559 abbatissam
1200 4492 1233 4554 et
1250 4491 1416 4552 mentales
1429 4487 1566 4550 Sanctae
1579 4485 1706 4546 Martae

93 4603 166 4670 tone
185 4627 262 4676 rero
282 4615 488 4676 decimarum
501 4613 666 4676 clausura
679 4613 811 4686 vestrae,
828 4613 862 4676 et
1152 4594 1193 4652 de
1213 4587 1332 4651 M⁰²²te
1351 4587 1467 4648 Lm·
1580 4679 1583 4686 ,

95 4698 126 4762 dc
146 4704 308 4773 hortorum
336 4711 509 4782 tractibus,
538 4713 571 4774 et
599 4724 773 4788 pomorum
801 4725 861 4774 vos
1165 4729 1199 4788 l9
1213 4723 1352 4799 gemma,
1374 4723 1453 4783 ως,

97 4811 154 4862 esse
169 4804 371 4871 decernimus
395 4807 593 4870 auctoritate
622 4807 752 4885 paginae
773 4823 863 4886 pra-

97 4900 363 4968 sentisimmunes.
380 4908 445 4968 Pro
459 4905 503 4966 iis
519 4905 640 4977 autem,
657 4905 690 4968 et
708 4906 744 4967 in
769 4906 859 4977 aliis,
1552 4972 1559 4986 ο
1677 4971 1684 4986 ,

99 4989 245 5073 inquibus
273 5003 415 5066 ecclesia
436 5007 549 5066 vestra
574 5003 648 5078 1030
673 5003 860 5066 dioeoegana
915 4981 1098 5056 privilequm
1120 4973 1305 5053 protectionis
1318 4973 1353 5031 ab
1374 4975 1497 5047 liugane
1513 4983 1703 5045 episcopoen

99 5085 190 5157 tumn
209 5101 325 5162 Sanan.
341 5099 492 5162 ecdesiae
505 5101 686 5172 teneretur,
704 5115 805 5162 unam
817 5101 861 5162 li·
1074 5067 1172 5126 datum
1188 5064 1328 5139 “1³¹³wa
1340 5069 1369 5121 ⁰³
1387 5061 1548 5120 mmm·

101 5180 174 5252 brem
194 5209 273 5259 cerae
296 5197 434 5269 tantum,
451 5198 486 5259 et
507 5211 574 5259 non
598 5196 700 5269 aliud,
720 5196 754 5258 in
778 5197 860 5260 testo
955 5194 1122 5258 Honorius
1133 5192 1444 5272 episcopusservus
1454 5183 1706 5258 servorumllei,

102 5283 313 5368 nsumpuonis
340 5295 496 5372 gloriosae
530 5293 680 5370 Virginis
713 5295 861 5370 Augusto
914 5295 1046 5358 dilectis
1076 5293 1112 5353 in
1136 5291 1267 5352 Christo
1297 5287 1430 5350 filiabus
1458 5273 1646 5353 abbatIssae,
1672 5279 1704 5343 et

104 5377 215 5450 Eueni
232 5393 387 5469 episcopo
406 5392 505 5454 aunis
529 5391 672 5468 siugulis
691 5391 863 5470 persolve·
915 5389 1115 5454 monialibus
1128 5386 1324 5450 monasterii
1352 5387 1384 5446 S.
1402 5381 1517 5444 Mariae
1542 5379 1582 5440 de
1596 5378 1709 5442 Monte

102 5473 152 5552 iiii
164 5497 217 5547 nec
231 5487 331 5552 liceat
345 5488 422 5550 aliis
434 5488 587 5566 personis
607 5489 738 5566 ingredi
751 5489 863 5550 olaus-
915 5489 1028 5562 Lucio,
1044 5486 1235 5550 salutemet
1250 5480 1475 5561 apostolicam
1495 5476 1706 5540 benedictio-

105 5569 172 5637 ium
183 5587 319 5649 vestrum
329 5587 550 5664 praeterillas,
566 5585 607 5648 de
623 5585 741 5664 quibus
751 5586 860 5648 licen·
915 5601 1002 5648 nem.

1020 4853 1159 4922 [sbaralea
1169 4851 1266 4904 Bullar.
1280 4845 1498 4908 Eranaiec.,1,l³,
1512 4859 1539 4897 n.
1552 4845 1603 4913 aa]

105 5667 167 5735 iam
184 5677 357 5748 habueritis
382 5684 572 5763 specialem.
587 5684 712 5747 Electio
731 5697 861 5763 quoque
956 5683 1175 5748 sacrosancta
1188 5682 1339 5744 Romana
1352 5673 1501 5738 Ecclesia
1517 5673 1651 5736 devotos
1674 5671 1708 5734 et
