3948 6328
291 323 353 383 483
906 315 1083 377 HONORII
1105 315 1151 377 111
1173 315 1324 379 ornan
1907 321 1955 380 lei

291 482 437 546 viriliter
445 481 628 542 sustinere:
644 479 788 541 sciturus
799 475 885 555 quod
897 491 998 554 super
1010 477 1084 548 hoc,
1142 474 1182 538 de
1201 477 1413 553 eleemosyna
1437 474 1573 554 inclytae
1594 474 1864 540 recordationis
1884 477 1957 540 Piri-

293 581 327 642 et
342 579 370 640 si
384 583 532 641 Romana
547 577 695 639 Ecclesia
711 575 890 653 plurimum
909 573 1084 645 laborarit,
1142 574 1225 650 lippi
1239 573 1344 650 patris
1358 573 1419 642 tui,
1436 573 1479 634 ad
1505 574 1630 650 negotii
1653 574 1827 652 ejusdem
1853 575 1956 638 subsi-

293 694 360 739 non
375 677 482 738 solum
497 675 670 752 spirituale
683 673 740 735 sed
754 675 787 736 et
796 673 979 750 temporale
993 671 1088 732 anxi·
1142 670 1233 732 dium
1247 670 1474 732 transmisisti.
1493 673 1602 745 Quare
1617 673 1658 734 de
1680 675 1749 736 tua
1774 675 1957 738 serenitate

252 781 259 803 ¹
294 773 597 852 liumquodpotuit
618 771 850 850 impendendo,
868 769 1086 831 nihilominus
1141 769 1338 830 confidimns
1361 770 1394 831 et
1412 783 1597 846 speramns,
1625 771 1716 848 quod
1750 770 1822 832 ille
1848 771 1905 848 qui
1919 773 1955 834 ad

291 876 403 935 tamen
418 871 525 948 parati
539 885 599 930 nos
621 885 745 942 sumus,
762 870 795 930 et
806 867 954 929 laborem
967 866 1008 928 ad
1024 866 1086 928 hoo
1142 866 1205 928 boc
1219 868 1286 928 tam
1302 868 1452 944 prompte
1472 854 1566 928 turim
1590 869 1750 930 animum
1780 870 1954 942 excitarit,

292 984 475 1038 assumere,
493 969 525 1028 et
540 965 762 1028 consiliumet
776 965 941 1025 auxilium
956 963 1084 1039 imper·
1141 962 1241 1024 faciet
1255 964 1355 1026 etiam
1371 965 1469 1042 quod,
1493 965 1580 1026 sicut
1595 981 1654 1042 per
1673 967 1774 1030 alias
1792 966 1954 1030 litterasa

290 1067 360 1129 tiri.
375 1065 515 1126 Solliciti
532 1064 692 1142 praeterea
703 1079 815 1124 sumus
826 1063 859 1124 et
871 1063 995 1124 erimus
1009 1075 1087 1138 quo·
1140 1062 1198 1122 tna
1226 1061 1427 1124 sublimitate
1454 1063 1667 1139 requirimus,
1696 1064 1772 1126 tibi
1804 1079 1954 1128 munros

293 1165 390 1226 modo
424 1162 652 1240 circumpositi
687 1160 882 1238 praedlclum
915 1159 1086 1235 negotium
1141 1158 1251 1236 ipsum
1265 1160 1447 1236 negotium,
1463 1159 1591 1222 etillud
1603 1161 1645 1224 ad
1661 1161 1814 1224 laudem
1829 1162 1886 1224 sui
1900 1179 1955 1225 no-

292 1261 438 1332 foveant,
462 1262 494 1321 et
520 1261 628 1321 tecum
651 1256 806 1318 inimicos
830 1257 922 1334 pacis
949 1258 981 1318 et
1008 1255 1085 1317 ildei
1141 1256 1240 1317 minis
1261 1256 1358 1319 ettui
1370 1257 1508 1320 honoris
1523 1258 1557 1320 at
1578 1259 1696 1322 salutis
1721 1261 1954 1335 augmentum

293 1361 548 1437 persequantur.
576 1357 694 1417 Datum
719 1355 886 1426 Laterani,
902 1353 1013 1416 idibus
1028 1353 1087 1416 de-
1141 1353 1284 1416 feliciter
1296 1357 1518 1433 prosequaris.
1538 1359 1575 1420 lit
1589 1356 1728 1433 quidem
1751 1357 1954 1420 nemoradi-

291 1456 445 1528 cambris,
463 1454 676 1533 pontificatus
691 1453 797 1516 nostri
811 1467 900 1516 anno
914 1452 1042 1534 octavo
1140 1467 1213 1512 mus
1228 1453 1261 1514 te
1275 1453 1402 1530 aliquid
1425 1453 1518 1518 aliud
1541 1467 1641 1529 agero
1665 1471 1779 1531 posse
1802 1455 1853 1518 ad
1871 1471 1953 1530 prae-

1143 1565 1238 1621 sens,
1263 1551 1354 1612 unde
1380 1550 1527 1614 divinam
1555 1553 1591 1614 ei
1613 1552 1836 1630 apostolicae
1863 1552 1952 1616 Sedis

1140 1647 1285 1720 gratim
1299 1647 1433 1710 facilius
1444 1651 1648 1727 assequaris,
1658 1650 1712 1714 rel
1727 1651 1836 1727 qnod
1847 1651 1950 1728 magis

626 1750 750 1836 LXV}
1140 1745 1181 1806 ad
1194 1746 1289 1822 regui
1304 1747 1353 1809 tui
1379 1747 1501 1810 statum
1516 1748 1685 1824 pertineat
1705 1750 1744 1810 oc
1769 1749 1946 1810 honorem.

1140 1844 1313 1916 Getarum,
1327 1845 1365 1907 ut
1377 1845 1548 1910 efficacius
1559 1847 1662 1924 aigne
1681 1846 1860 1910 libentius
1876 1861 1948 1922 pos-

1140 1941 1187 2002 sis
1202 1942 1375 2004 intendere
1397 1944 1530 2019 negotio
1553 1947 1633 2007 iesu
1647 1944 1794 2017 Christi,
1813 1945 1945 2018 magas

552 2033 584 2089 it
599 2029 728 2088 decemb.
741 2029 821 2088 ¹²²3·
1139 2038 1227 2100 inter
1249 2041 1283 2102 te
1306 2056 1347 2102 ac
1367 2041 1578 2102 carissimum
1605 2042 1640 2104 in
1667 2043 1813 2104 Christo
1844 2042 1943 2102 iilimn

305 2159 441 2224 pacsque,
456 2152 802 2214 hee.dasliist.,llll(,7ltl.
817 2153 925 2216 neges,
945 2151 989 2202 un.
1002 2150 1069 2214 vul,
1140 2139 1290 2200 nostrum
1311 2138 1476 2202 illustram
1500 2155 1614 2216 regam
1636 2141 1775 2216 nngltae
1792 2139 1940 2202 intendi·

608 2233 766 2299 epictriti]
1139 2249 1212 2294 mus
1234 2250 1425 2312 prorogare.
1460 2237 1580 2298 Datum
1616 2237 1797 2308 Laterani,
1837 2235 1941 2298 idibus

291 2353 445 2421 honorius,
470 2367 527 2424 quo
555 2349 741 2418 hodericum,
771 2352 945 2408 Francorum
972 2363 1083 2424 regern,
1140 2331 1335 2406 decembris,
1352 2333 1563 2410 pontificatus
1578 2335 1685 2398 nostri
1699 2351 1798 2398 anno
1813 2334 1935 2396 octavo.

326 2441 437 2500 facilius
458 2440 574 2498 inducat
588 2439 624 2498 ed
642 2438 857 2512 suscipiendum
874 2437 1012 2496 adversus
1033 2433 1082 2494 hl-

324 2530 460 2604 bigenses
476 2529 626 2587 haereticos
639 2527 756 2597 bellum,
772 2527 866 2586 eidem
878 2526 913 2585 dc
928 2539 1083 2600 prorogan-

327 2615 371 2676 dis
392 2617 465 2674 inter
477 2618 556 2676 illum
576 2623 604 2674 et
626 2615 738 2688 Angliae
753 2629 854 2690 regem
869 2613 991 2672 induciis
1005 2621 1081 2672 sata·
1463 2627 1608 2716 LXVII

325 2721 396 2781 gere
408 2721 440 2764 se
454 2707 581 2765 nunciat.

291 1907 343 1966 Ad
367 1906 576 1966 Lndovtctnn
595 1905 688 1973 Vm,
712 1905 934 1962 Francorum
953 1913 1082 1973 repens.

446 2833 452 2846 ,
550 2832 556 2845 ,
787 2831 845 2845 ,,
911 2830 917 2844 ,
1021 2830 1027 2844 ,
1138 2775 1190 2834 Ad
1210 2777 1419 2840 Lamovlcnln
1442 2780 1536 2852 VIII,
1553 2783 1780 2844 Fralworntm
1805 2793 1928 2856 regem.

328 2829 1082 2910 Honoriusepiscopus..oar1ss1m0mcbristo

288 2931 357 2993 lilio
368 2930 546 3004 Ludovico,
566 2930 690 2994 illustri
711 2929 783 3008 regi
796 2931 1011 3002 Francorum,
1027 2945 1084 2992 sa·
1400 2907 1435 2966 ¹4
1445 2907 1575 2968 decimb-
1590 2910 1670 2970 ¹²²3·

287 3029 400 3100 luiem,
419 3031 481 3092 eie.
1153 3028 1292 3096 [Βοιιᾳιιοι
1302 3031 1362 3084 lieo.
1375 3031 1419 3084 des
1428 3032 1505 3094 illst,
1520 3033 1587 3091 xlx,
1600 3033 1656 3086 iti.
1668 3035 1784 3102 Regest,
1795 3034 1843 3088 lib.
1855 3032 1913 3090 un,

327 3127 451 3204 Dignas
471 3129 539 3189 Deo
561 3125 676 3188 laudes
692 3127 724 3190 et
737 3125 799 3190 tibi
821 3126 1005 3204 gratiarum
1019 3142 1080 3188 ac·
1455 3114 1530 3178 epist.
1545 3113 1613 3180 ¹352]

287 3225 396 3287 tiones
411 3223 590 3286 immensas
603 3224 780 3286 referimus
794 3223 893 3300 quod,
920 3223 1007 3286 sicut
1022 3240 1083 3286 ve·
1112 3241 1113 3244 ¹
1137 3218 1293 3276 Instantius
1314 3219 1374 3293 agit
1388 3221 1532 3282 Honorius
1551 3221 1626 3295 apud
1641 3237 1754 3296 regem
1779 3231 1814 3282 ut
1833 3221 1922 3280 adrn-

286 3320 448 3383 nerabilis
465 3320 567 3382 frater
590 3323 702 3382 noster
725 3320 921 3380 Poriuensis
947 3319 1080 3395 episco-
1112 3333 1113 3344 ¹
1171 3321 1220 3363 ⁸⁰⁸
1230 3307 1401 3380 Albissessiei
1413 3318 1541 3382 potenter
1553 3313 1919 3388 exsurgenethmalrlcum

288 3433 350 3498 pus
375 3415 570 3500 [conradus]
598 3432 710 3479 coram
739 3415 835 3476 nohis
865 3417 899 3477 et
922 3415 1081 3478 fratribus
1112 3430 1115 3463 r
1172 3393 1206 3452 de
1222 3395 1384 3454 blonteiorti
1401 3407 1505 3456 terrem
1521 3415 1603 3456 suem
1622 3400 1846 3474 regisdominio
1864 3397 1919 3456 sub·

288 3515 412 3577 nostris
427 3515 612 3593 proposuit,
630 3513 890 3592 praedecessores
910 3513 985 3574 tuos
1014 3528 1082 3574 non
1112 3560 1113 3580 ,
1168 3483 1256 3555 jlcere
1269 3493 1398 3557 mmmm
1413 3501 1478 3544 ⁹⁸⁸0
1494 3488 1625 3561 diffidet·

287 3613 398 3674 minus
425 3611 609 3674 Christiana
638 3611 813 3674 d9V0i10¹¹0
838 3625 936 3687 (luam
957 3625 1081 3686 genere
1171 3621 1338 3684 Honorius
1351 3622 1537 3700 episcopus.
1556 3623 1922 3690 carissimoinchristo

286 3709 459 3779 imitando,
483 3711 518 3770 in
542 3708 624 3786 ipsis
639 3709 705 3770 tuae
720 3707 947 3770 coronationis
960 3707 1078 3780 initiis,
1135 3717 1204 3779 illio
1217 3719 1395 3793 Ludouico‚
1410 3720 1533 3786 illustri
1546 3723 1616 3800 regi
1633 3726 1854 3792 Francorum,
1867 3735 1918 3782 sa·
1967 3785 1968 3798 χ

286 3810 552 3888 quantacumque
573 3807 633 3868 tibi
658 3805 848 3868 sollicitudo
861 3801 1077 3880 incumberet,
1135 3813 1248 3888 lutam,
1266 3817 1328 3880 etc.

287 3906 409 3992 Christi
425 3905 593 3982 negotium
603 3903 779 3980 proprioet
792 3918 999 3964 communem
1013 3903 1080 3965 uti·
1174 3914 1255 3974 cum
1270 3929 1366 3990 reges
1386 3915 1420 3977 et
1435 3916 1603 3996 principes
1618 3917 1810 3992 christiani,
1826 3932 1914 3996 proh·

286 4003 412 4064 litatem
427 4003 564 4080 privat&
581 4017 787 4080 Piaellffliessb
805 4015 905 4078 super
920 3999 1006 4064 facto
1021 4001 1080 4062 hi-
1112 4049 1115 4057 ·
1133 4009 1185 4072 ter
1199 4010 1381 4074 Ecclesiam
1397 4016 1538 4076 matrem
1553 4031 1660 4088 suam,
1677 4033 1721 4080 ex
1736 4034 1804 4095 qua
1825 4012 1916 4094 spiri·

285 4099 473 4176 bigensium
495 4098 766 4162 christianissimi
789 4097 951 4175 principis
966 4101 1080 4162 osten·
1132 4107 1269 4170 tualiter
1291 4109 1363 4170 nati
1389 4112 1477 4184 sunt,
1503 4113 1536 4175 et
1559 4129 1658 4189 quam
1682 4130 1703 4176 a
1727 4109 1915 4186 christani
1966 4097 1967 4122 ³

286 4197 363 4260 disti
376 4196 488 4277 (prout
498 4197 620 4273 injuria
633 4195 912 4263 iideiorthodonae
923 4196 956 4258 te
971 4195 1077 4274 angit)
1134 4219 1207 4266 eam
1233 4206 1436 4284 temporibus
1471 4210 1541 4270 suis
1575 4209 1721 4284 foveant,
1751 4221 1914 4288 suscepere

285 4295 453 4366 affectum,
468 4295 681 4370 protestando
692 4293 777 4372 quod
790 4292 900 4370 ponus
915 4291 1078 4356 deiectum
1133 4302 1301 4376 tuendam,
1318 4305 1384 4366 neo
1400 4306 1578 4369 teneantur
1590 4309 1729 4372 reddere
1745 4311 1913 4377 rationem
1965 4323 1966 4369 ι

285 4395 319 4456 in
335 4395 393 4464 tua
408 4407 509 4454 causa
527 4392 693 4453 sustinere
713 4389 859 4461 volebas
877 4405 975 4468 quam
991 4389 1078 4452 idem
1133 4415 1234 4475 grave
1263 4401 1363 4464 nimis
1392 4403 1491 4466 debes
1527 4421 1644 4482 gerere
1675 4424 1714 4472 ac
1740 4409 1913 4486 indignum,

285 4493 466 4572 Πθιζῡῒὶῑῑῐῐῑ,
481 4491 549 4553 iuis
568 4491 600 4553 01
615 4506 681 4550 non
704 4487 989 4560 subvenientibus,
1006 4487 1079 4552 dis·
1133 4497 1219 4574 quod
1236 4498 1323 4562 intra
1337 4501 1499 4564 terminos
1524 4505 1621 4580 regni
1640 4505 1701 4576 tui,
1723 4501 1914 4568 uidelicetin
1964 4575 1965 4578 Ἴ

284 4590 441 4668 pendium
464 4586 656 4667 pateretur:
674 4587 761 4650 unde
778 4585 925 4663 praelatis
948 4587 980 4648 et
1000 4586 1078 4648 aliis
1134 4595 1284 4671 partibus
1308 4597 1548 4674 albigensium,
1577 4601 1728 4665 haeretici
1753 4601 1914 4667 manifeste

284 4688 341 4764 qui
357 4704 392 4748 se
407 4687 584 4749 occasione
599 4685 677 4748 facti
693 4685 741 4748 tui
757 4684 798 4746 ab
814 4684 918 4764 ipsius
934 4684 1080 4746 subven-
1133 4707 1173 4753 ac
1187 4693 1352 4771 intrepide
1380 4695 1578 4774 impugnant
1606 4701 1804 4776 Ecclesiam,
1829 4700 1910 4762 fldem

284 4785 374 4848 tione
397 4785 522 4858 nellOiii
535 4783 761 4854 retrahebant,
780 4783 912 4844 seditem
928 4784 962 4844 ei
976 4781 1076 4842 bessi-
1133 4789 1350 4854 christianam
1366 4797 1541 4868 evacuant,
1559 4797 1592 4859 et
1611 4798 1798 4863 dilacerant
1817 4801 1909 4878 ipsum

284 4897 384 4959 gnam
399 4879 544 4941 tribuisti
559 4879 728 4941 licentiam
741 4879 848 4942 eidem
864 4880 1008 4958 negoti0‚
1024 4895 1079 4940 re·
1134 4887 1311 4951 Christum.
1337 4893 1432 4954 Certe
1453 4891 1763 4960 Nabuchodonosor
1786 4914 1846 4962 rex
1860 4893 1909 4954 de-

284 4981 363 5042 licto
376 4979 445 5048 tuo,
458 4977 680 5054 personaliter
694 4977 888 5040 intendendi
900 4975 960 5056 (1).
977 4977 1080 5039 neni-
1134 4985 1250 5057 crevit,
1272 4986 1385 5048 dicens
1407 4993 1640 5066 :Quicumque
1659 4999 1818 5063 dicemini
1838 4999 1910 5057 olos-

285 5095 361 5157 ιιι,
390 5074 530 5137 affectus
566 5074 671 5150 ipsius
709 5075 1078 5148 magnitudinem
1129 5085 1648 5163 pncmumnoeumsmroon
1665 5093 1909 5156 messanae
1962 5073 1963 5076 ‘

284 5171 531 5255 PPOdUoefldllffl
550 5169 644 5232 illum
665 5171 700 5232 11¹
716 5171 837 5244 actum,
855 5171 940 5236 Sicut
955 5173 1076 5246 decuit,
1132 5183 1274 5256 deliaco,
1287 5183 1323 5244 in
1337 5183 1482 5246 ilttcrttn
1494 5189 1608 5256 crnrnt,
1621 5191 1655 5250 ct
1670 5193 1792 5254 domus
1804 5199 1908 5256 eornm

283 5273 485 5353 impellente,
500 5269 612 5334 decem
620 5269 726 5330 millia
738 5271 1075 5346 marcarumarganti,
1132 5279 1169 5337 tn
1184 5279 1396 5351 dispersione
1410 5279 1469 5360 (2).
1487 5283 1522 5343 Si
1535 5299 1615 5362 ergo
1639 5287 1753 5350 taliter
1778 5289 1840 5352 fuit
1859 5297 1906 5347 rex
1961 5319 1962 5347 i

322 5433 364 5507 (r)
377 5430 615 5514 semiannis,
629 5425 765 5510 nummi
785 5425 949 5510 legissem
964 5427 1079 5502 hughe
1132 5447 1246 5505 scopus,
1271 5433 1378 5492 eisdem
1393 5436 1527 5510 ‘nutare
1548 5445 1728 5504 sumsisse
1748 5447 1903 5506 aaronem

285 5519 355 5579 rege
368 5501 495 5568 dissidio,
509 5499 618 5572 emilii
639 5506 667 5555 ⁰¹
681 5497 730 5555 ⁰¹¹¹
750 5499 957 5570 iiiiiffissiiessiffl
972 5513 988 5553 ⁰
1004 5498 1078 5555 bello
1131 5505 1275 5562 incanam
1302 5507 1439 5564 initiandi
1464 5510 1601 5570 advorsus
1626 5515 1809 5590 albigenses.
1835 5519 1902 5588 thou·
1960 5555 1961 5591 ,

201 5591 205 5600 ·
286 5579 314 5634 in
330 5573 477 5646 hibigensi
492 5580 565 5628 terra
587 5567 716 5643 gerendo
731 5568 906 5632 recederent,
926 5569 1076 5626 cerdonem
1133 5577 1223 5648 quet.)

286 5647 352 5704 fecit
367 5644 521 5702 honorium
536 5642 647 5714 legatus
667 5639 814 5698 conradus
836 5640 1000 5696 Poriuensis
1015 5641 1075 5713 epi·
1169 5643 1209 5716 (Ξ)
1226 5647 1309 5708 Dan..
1324 5661 1363 5714 ιιι,
1380 5647 1424 5704 tie.
