4168 6344
298 348 339 414 83
914 347 1093 420 aenean
1112 348 1160 420 m
1180 345 1329 424 OPERA.

301 508 445 590 amplius
471 509 576 582 houm
600 509 635 574 et
656 509 805 577 neuram
828 509 929 577 debes
952 511 1093 590 diligere

1900 357 1943 423 84

1142 511 1245 589 justis
1272 509 1551 590 postulationibus
1577 513 1675 592 grato
1705 516 1942 583 concurrentes

106 610 108 614 '
204 622 205 625 ’
301 608 533 672 honestatem:
556 623 696 695 securus
725 609 848 688 itaque,
876 609 963 687 quod
990 626 1093 688 quum
1146 624 1296 682 assensu,
1317 609 1498 676 ¹ecclesiam
1518 611 1559 676 dc
1575 613 1754 689 Beriugen,
1778 629 1877 692 quam
1901 614 1942 676 de

302 722 478 784 personam
492 709 585 770 tuam
606 708 641 768 in
660 707 810 770 caritatis
824 707 1008 770 visceribus
1030 708 1094 770 ha·
1145 707 1363 770 concessione
1380 707 1583 772 venerabilis
1597 709 1711 773 fratris
1726 711 1832 774 nostri
1844 711 1940 780 Otto·

300 803 449 876 beamus,
465 804 742 881 postulationibus
758 806 825 870 tuis
839 804 1029 868 curabimus
1042 806 1094 868 ia·
1147 805 1212 876 nis,
1230 805 1480 883 herbipolensis
1495 807 1653 885 episcopi,
1668 808 1807 885 capituli
1817 809 1870 873 sni
1884 825 1943 872 ac-

301 917 415 965 rorem
430 901 631 975 benivolum,
653 904 806 981 quotiens
826 904 983 980 expedire
999 903 1094 966 vido-
1148 902 1285 966 cedente
1308 918 1559 977 consensuros
1578 906 1762 982 proponitis
1780 907 1942 972 canonice

299 999 419 1072 mmus,
439 999 611 1064 exhibere.
632 1001 751 1064 Datum
773 1001 940 1074 Laterani,
960 1004 1005 1064 vt
1023 1002 1091 1067 kal.
1147 1000 1332 1074 assecutos,
1348 1001 1616 1080 sicuteamjuste
1630 1019 1670 1066 ac
1682 1003 1820 1081 pacifice
1834 1001 1943 1081 poesi·

300 1095 472 1172 sebruarii,
486 1098 701 1176 ‘pcnbflcatus
713 1100 820 1165 noemi
833 1115 922 1162 anno
938 1100 1045 1166 sento.

672 1414 722 1503 dl

371 1567 425 1628 Ad
438 1567 637 1644 Philippum
650 1581 769 1644 recem
784 1570 1018 1630 Francorum.

569 1697 583 1756 l
599 1695 733 1756 remouit
747 1697 825 1756 1222.

294 1847 296 1850 ·
401 1818 538 1885 [bouquet
553 1821 612 1873 Rec.
627 1820 671 1872 dos
686 1820 759 1880 hist..
775 1826 794 1872 t.
807 1818 875 1881 XIX,
888 1837 914 1887 p.
926 1819 993 1883 lla]

300 1944 406 2004 Dolens
421 1945 563 2004 Honorius
574 1944 659 2018 quod,
676 1953 827 2019 postquam
842 1945 916 2004 tilius
928 1945 991 2020 ejus
1004 1946 1095 2006 Ludo·

335 2033 418 2091 vicus
445 2049 524 2092 arma
559 2033 698 2092 adversus
724 2036 881 2094 'tolosanos
908 2037 1092 2109 suscepisset,

336 2122 364 2179 in
376 2122 458 2196 pejus
467 2123 570 2180 ruisset
581 2123 645 2180 ildei
659 2123 817 2196 negotium,
829 2137 928 2197 regem
939 2122 1094 2182 obtestetur

336 2217 367 2268 ut
379 2210 414 2268 ad
429 2211 534 2269 bellum
549 2210 764 2269 instaurandum
781 2227 813 2269 se
832 2213 935 2270 acriter
950 2215 1092 2288 accingat.

337 2336 506 2398 Honorius
516 2336 703 2414 episcopus,
714 2353 830 2400 servus
841 2353 1012 2400 servorum
1021 2338 1092 2408 Dei,
1126 2407 1129 2412 ,

299 2432 475 2494 carissimo
499 2435 535 2495 in
563 2435 694 2496 Christo
725 2434 794 2496 illio
822 2434 990 2513 Philippo,
1022 2435 1094 2513 regi

299 2529 504 2592 Francorum
519 2530 654 2604 illustri,
671 2531 811 2594 salutem
829 2534 862 2594 et
877 2531 1096 2610 apostolicam

299 2623 575 2690 benedictionem.
588 2692 589 2697 ,

340 2724 469 2797 Quanto
482 2726 651 2802 negotium
664 2725 741 2789 fldei
753 2725 885 2788 videtur
895 2726 930 2788 in
943 2725 1093 2805 partibus

299 2820 527 2898 Albigensium
546 2824 682 2899 gravius
702 2824 874 2897 cecidisse,
901 2825 994 2887 tanto
1016 2841 1094 2887 am·
1116 2855 1117 2858 ¹

300 2917 389 2996 plius
404 2919 538 2998 expedit
557 2921 593 2984 ut
607 2922 783 2998 magnifice
802 2921 843 2984 ad
862 2925 936 3000 ejus
957 2922 1092 2986 releva·

299 3016 425 3080 tionem
448 3017 616 3092 intendas,
639 3021 673 3083 et
695 3021 856 3097 majorem
884 3019 962 3082 inde
985 3020 1094 3098 possis

298 3111 432 3176 laudem
449 3115 482 3177 et
497 3114 639 3191 gloriam
659 3117 746 3194 apud
766 3120 870 3178 Deum
889 3122 922 3180 et
942 3117 1097 3182 homines·

297 3213 495 3288 promereri.
519 3213 661 3290 Ideoque
679 3214 892 3278 serenitatem
910 3215 1001 3278 tuam
1017 3231 1093 3278 rno-

298 3323 430 3382 nemus,
443 3325 598 3388 rogamus
615 3311 648 3372 et
667 3310 880 3375 obsecramus
896 3312 934 3374 in
953 3314 1099 3376 Domino

221 3475 226 3484 ,
296 3405 379 3468 lesu
393 3407 537 3480 Christo,
557 3409 720 3488 quatenus
742 3408 784 3471 ad
806 3409 1023 3472 relevandum
1041 3411 1095 3489 ip·

299 3519 372 3565 sum
393 3505 562 3581 negotium
587 3505 732 3570 studium
750 3508 783 3570 et
805 3524 943 3585 operam·
962 3509 1011 3571 sic
1029 3509 1095 3570 im-

298 3602 435 3678 pendas,
452 3604 539 3680 quod
553 3620 596 3666 ex
611 3605 674 3666 boc
690 3606 880 3683 assequaris
900 3605 1016 3670 laudes
1031 3605 1095 3668 ho-

299 3698 426 3762 minum
441 3699 476 3762 in
491 3703 661 3778 praesenti,
679 3703 712 3764 et
729 3718 748 3764 a
765 3703 905 3767 Domino
920 3705 1093 3782 praemium

300 3795 335 3858 in
349 3795 472 3862 futuro.
496 3801 614 3862 Datum
635 3799 803 3874 laterani,
827 3799 900 3863 kal..
918 3801 1091 3875 februarii,

300 3893 514 3974 pontificatus
526 3898 632 3960 nostri
644 3913 734 3962 anno
746 3899 855 3962 sexto,

1146 1097 1233 1162 detis
1243 1099 1277 1161 et
1290 1099 1326 1160 in
1341 1099 1490 1177 ejusdem
1504 1101 1651 1178 episcopi
1666 1100 1858 1166 authentico
1870 1102 1944 1178 ple-

1147 1195 1225 1259 nius
1239 1197 1439 1271 continetur,
1451 1197 1546 1260 vobis
1558 1199 1592 1260 et
1600 1213 1661 1276 per
1669 1214 1728 1261 vos
1738 1199 1942 1262 monasterio

1147 1295 1259 1356 vestro
1277 1295 1476 1361 arroteritate
1495 1296 1687 1373 apostolica
1708 1295 1942 1360 contrmamus
1975 1285 1979 1296 '

1148 1391 1182 1454 et
1203 1393 1380 1468 presentis
1403 1393 1520 1471 scripti
1543 1393 1728 1470 patrocinio
1752 1394 1941 1458 mmmuni-

1150 1504 1236 1550 imas.
1260 1489 1354 1552 Nulli
1378 1506 1458 1568 ergo
1485 1492 1622 1553 omnino
1648 1491 1820 1556 bominum
1842 1491 1943 1554 liceat

1147 1585 1236 1650 banc
1246 1587 1404 1664 paginam
1414 1588 1538 1651 nostrae
1551 1587 1811 1652 confirmationis
1825 1587 1942 1650 infrin-

1145 1698 1238 1760 gere,
1259 1684 1314 1748 vei
1335 1686 1369 1748 ei
1389 1701 1475 1748 ausu
1497 1686 1676 1750 temerario
1700 1685 1878 1749 contraire.
1906 1685 1943 1750 Si

1144 1781 1224 1858 quis
1236 1783 1351 1844 autem
1365 1781 1430 1846 boc
1441 1783 1607 1846 atteotme
1621 1783 1879 1861 praesumpserit,
1892 1783 1943 1846 in·

1148 1879 1374 1955 dignationem
1389 1881 1624 1962 omnipotentis
1638 1881 1699 1943 Dei
1715 1896 1756 1944 ac
1770 1879 1942 1946 beatorum

1149 1978 1240 2038 Petri
1253 1978 1286 2040 et
1300 1978 1397 2041 Pauli
1416 1979 1643 2054 apostolorum
1662 1981 1737 2055 ejus
1757 1993 1793 2040 se
1812 1979 1943 2044 noverit

1148 2074 1373 2136 incursurum.
1394 2076 1513 2138 Datum
1531 2075 1698 2148 Laterani,
1721 2074 1874 2140 kalendis
1893 2075 1943 2140 ie·

1149 2169 1287 2246 bruerii,
1305 2173 1517 2250 pontificatus
1532 2174 1638 2238 nostri
1656 2189 1746 2236 anno
1764 2174 1869 2236 sexto.

1500 2485 1591 2575 dlii

1307 2639 1361 2701 Ad
1376 2637 1565 2714 capitulum
1581 2641 1781 2730 baudomere.

1415 2769 1428 2826 l
1449 2765 1581 2828 februarii
1597 2769 1676 2828 itta.

1125 2895 1128 2908 '
1175 2891 1293 2954 meges,
1305 2889 1351 2942 lib.
1366 2885 1495 2957 lll,'epist.
1508 2891 1563 2942 aaa.
1575 2893 1632 2944 blas.
1645 2893 1767 2944 LaPorte
1778 2893 1813 2945 dn
1826 2894 1919 2959 Theb]

1149 3015 1261 3076 inhibet
1275 3016 1327 3074 sub
1337 3031 1422 3092 poena
1435 3031 1565 3075 censura
1578 3019 1779 3078 ecclesiastico
1791 3033 1828 3076 ne
1840 3034 1940 3094 quam·

1268 3104 1335 3162 dam
1356 3105 1590 3164 cousuetudinem
1603 3105 1693 3180 jurari
1707 3105 1822 3168 saciant.

1187 3241 1367 3314 Honorius,
1379 3240 1599 3314 etc.,dilectis
1608 3243 1690 3304 tiliis
1701 3241 1848 3322 capitulo
1859 3246 1944 3308 bau·

1125 3379 1128 3384 -
1149 3337 1271 3400 dunen.

1188 3438 1295 3508 Quum
1321 3435 1464 3499 ecclesia
1494 3437 1607 3500 vestra
1636 3437 1723 3500 inter
1751 3438 1943 3507 convicinus

1146 3534 1295 3596 *eminere
1316 3533 1472 3597 credatur
1489 3550 1627 3608 numero
1646 3536 1680 3598 et
1693 3536 1811 3610 merito
1826 3552 1943 3614 perso-

1148 3647 1278 3705 narum,
1296 3631 1390 3694 decet
1408 3633 1618 3709 prudentiam
1632 3634 1777 3696 rostram
1799 3633 1943 3704 sollicite

1149 3727 1337 3806 providere,
1353 3743 1396 3790 ne
1418 3729 1477 3791 ilat
1500 3729 1626 3806 aliquid
1650 3730 1685 3792 in
1710 3731 1836 3804 eadem,
1856 3729 1943 3808 quod

1149 3826 1345 3888 bettonicam
1359 3841 1426 3888 non
1440 3826 1549 3905 sapiat
1562 3827 1750 3903 puritatem,
1766 3829 1819 3889 vel
1836 3827 1945 3904 turpi-

1147 3921 1297 3985 tudinem
1311 3923 1465 3986 videatur
1486 3923 1632 4002 aliquam
1652 3924 1834 3987 continere.
1857 3927 1944 3986 Sane

1126 4020 1191 4090 ¹ad
1218 4021 1424 4084 audientiam
1456 4023 1603 4083 nostram
1632 4022 1793 4084 noveritis
1820 4037 1942 4099 perve-

1114 4185 1116 4190 ,
1148 4119 1253 4192 nisse,
1267 4117 1354 4197 quod
1379 4118 1543 4196 pretextu
1568 4119 1741 4196 cujusdam
1760 4119 1943 4182 consuetu-

662 4211 733 4300 tii

330 4365 383 4425 Ad
396 4363 552 4426 abbatem
567 4361 822 4426 clodobertum
840 4366 881 4425 dc
895 4365 1064 4427 Scorzetol.
1113 4408 1116 4427 .

1149 4215 1248 4285 dinis,
1271 4216 1307 4278 ut
1325 4216 1458 4284 dicitur,
1470 4217 1661 4294 iuramento
1682 4216 1813 4279 firmato
1832 4231 1851 4278 a
1867 4217 1942 4278 sin-

1148 4314 1248 4390 gulis,
1256 4329 1338 4391 quos
1347 4313 1381 4373 in
1393 4315 1535 4376 ecclesia
1548 4315 1658 4376 vestra
1668 4315 1859 4376 canonicari
1869 4329 1946 4376 con·

1113 4477 1116 4484 ,
1148 4411 1258 4488 tingit,
1266 4427 1368 4471 unum
1380 4411 1540 4488 scyphum
1549 4411 1900 4488 argenteumenigitis,
1911 4413 1945 4478 et

567 4505 581 4562 l
600 4500 733 4560 februarii
749 4503 827 4561 ibat.

293 4657 298 4664 ·
329 4636 590 4704 [wirtembergisches
601 4635 815 4696 Urkundenbuch,
829 4637 872 4696 lil,
886 4635 981 4696 litto.
994 4633 1066 4702 aab]
1114 4657 1116 4671 ·

1149 4509 1254 4570 etiam·
1260 4509 1464 4586 extorquetis
1474 4509 1524 4602 eis
1537 4509 1679 4572 [ructum
1690 4509 1944 4588 prebendarum

1150 4622 1285 4668 suarum
1300 4605 1366 4667 nisi
1386 4606 1658 4668 consuetudinem
1669 4607 1862 4683 jamdictam
1877 4607 1941 4669 ad-

1147 4701 1944 4781 impleant,denegando.Quiaigiturconsuetudo

1113 4845 1116 4893 3
1148 4801 1340 4880 hujusmodi
1362 4801 1486 4864 habere
1506 4801 1639 4866 videtur
1662 4803 1807 4880 speciem
1830 4803 1944 4880 pravi·

339 4900 507 4964 Honorius
516 4900 703 4977 episcopus,
716 4915 832 4962 servus
841 4898 1092 4972 servorumbei,
1149 4899 1227 4961 tatis
1241 4899 1275 4962 et
1291 4899 1439 4962 continet
1456 4899 1696 4977 turpitudinem
1721 4899 1943 4968 manifestam,

294 4997 430 5062 dilectis
446 4997 576 5060 filiis...
588 4997 701 5060 abbati
715 5000 749 5060 et
764 4997 941 5059 conventui
957 4996 997 5058 de
1013 4999 1095 5058 Sco·
1114 4986 1116 5073 J
1150 4996 1362 5060 universitati
1377 5001 1497 5060 vestrm
1517 4997 1715 5060 auctoritate
1731 4997 1946 5074 praesentium

298 5095 635 5162 netelCisterciensis
650 5096 789 5169 ordinis,
808 5095 950 5158 salutem
965 5095 1095 5171 etapo-
1146 5093 1356 5168 inhibemus,
1382 5109 1425 5155 ne
1449 5094 1641 5172 praedictam
1671 5095 1945 5158 consuetudinem

297 5195 452 5258 stolicem
466 5194 742 5256 benedictionem.
1117 5213 1118 5216 ¹
1145 5195 1263 5270 jurare
1275 5191 1407 5254 iacietis
1418 5191 1458 5254 de
1471 5192 1603 5265 caetero,
1615 5191 1669 5254 vel
1682 5195 1755 5270 ejus
1771 5189 1946 5255 occasione

341 5296 447 5366 Quum
462 5309 482 5354 a
496 5292 592 5354 nobis
612 5292 737 5369 petitur
752 5289 840 5368 quod
851 5291 978 5366 justum
997 5290 1049 5352 est
1062 5290 1096 5352 et
1115 5336 1117 5347 .
1151 5289 1276 5366 aliquid
1298 5289 1452 5366 exigatis,
1479 5290 1537 5352 eut
1552 5289 1759 5352 subtrahatis
1777 5289 1946 5368 aliquibus

300 5392 487 5464 honestum,
503 5391 571 5453 tam
591 5389 689 5466 vigor
709 5387 875 5466 equitatis
894 5403 993 5464 quam
1013 5386 1094 5450 crdo
1152 5403 1290 5450 suarum
1319 5387 1468 5449 redditus
1497 5387 1762 5464 praebendarum.
1790 5388 1948 5464 Alioquin

294 5489 405 5567 exigit
418 5490 570 5562 rationis,
588 5489 625 5550 ut
642 5486 677 5549 id
694 5503 754 5564 per
771 5485 1028 5549 sollicitudinem
1043 5485 1096 5547 oi·
1149 5485 1333 5558 venerabili
1350 5485 1446 5547 fratri
1461 5486 1614 5547 nostro...
1636 5485 1792 5562 episcopo
1814 5485 1950 5546 bandu-

301 5589 370 5652 flcii
384 5588 491 5650 nostri
505 5587 546 5648 ad
558 5584 703 5648 debitum
714 5584 916 5662 perducatur
926 5583 1092 5646 ellectum.
1149 5600 1240 5654 nen,
1251 5584 1285 5645 et
1297 5582 1428 5645 dilectis
1439 5582 1517 5644 liliis
1530 5583 1642 5646 abbati
1656 5583 1769 5646 Sancti
1784 5581 1948 5646 lobannis

300 5687 494 5765 eapropter,
520 5683 632 5748 dilecti
656 5684 691 5745 in
716 5682 855 5745 Domino
882 5682 953 5756 tilii,
975 5681 1095 5746 vestris
1149 5682 1185 5744 in
1203 5681 1320 5745 Vincis
1341 5681 1410 5744 et...
1434 5681 1560 5744 decano
1583 5675 1796 5744 Suessionen.
1823 5682 1948 5744 nostris

399 4763 558 4824 Ecclesiam
573 4761 608 4820 de
623 4763 767 4837 Beriogcn
781 4762 823 4822 eis
837 4761 996 4822 confirmat.
