3948 6326
62 322 111 381 593
642 317 870 377 EPISTOLAE.
894 319 972 378 LIB.
995 309 1081 378 VIII.

62 482 137 541 circa
150 479 210 540 hcc
231 491 361 538 omnem
381 492 507 546 curam,
529 477 834 540 omnemsollicitu-

61 577 176 647 dinem,
211 587 341 648 omnem
367 574 574 650 diligentiam
602 575 829 650 impensurus:

61 675 153 733 sciens
171 671 254 747 quod
282 670 600 744 caritatisaiiectus,
627 687 723 749 quem
752 686 833 747 prae·

60 771 134 830 dicto
146 774 180 829 Α.
199 769 311 830 comiti
328 770 492 830 Tolosano
514 771 549 830 in
564 777 702 844 egressu
716 784 775 828 suo
792 769 832 829 de

58 872 135 928 terra
150 866 206 926 illa
217 865 375 927 exhibere
388 868 523 939 curasti,
537 867 708 944 sicutipse
724 865 829 938 nobis,

58 981 113 1026 non
137 964 205 1023 sine
228 964 411 1040 gratiarum
433 964 628 1034 acconibus,
657 965 831 1024 insinuare

58 1061 181 1132 curarit,
197 1060 336 1122 uobiset
348 1061 636 1122 iratribusnostris
646 1060 832 1138 gratusluit

57 1175 112 1219 non
123 1158 284 1218 modicum
300 1161 332 1219 et
347 1161 511 1236 acceptus.
528 1161 646 1220 Datum
660 1158 828 1230 Laterani,

57 1255 149 1331 pridie
163 1271 267 1317 nonas
279 1256 407 1333 aprilis,
422 1271 509 1317 anno
522 1257 649 1318 octavo.

87 1389 168 1448 liam
187 1391 340 1460 camdem
361 1389 492 1449 tenoris
514 1387 774 1464 archiepiscopis
798 1389 831 1448 et

56 1485 201 1559 eplscopis
217 1501 277 1561 per
291 1485 500 1546 Provinciam
516 1484 714 1556 constitutis,
732 1485 768 1546 ut
779 1483 832 1545 di-

55 1580 180 1656 hgeuter
193 1583 226 1642 et
242 1581 385 1643 sollicite
405 1582 562 1658 praedicto
579 1581 830 1658 archiepiscopo

55 1677 246 1738 Narbonensi
263 1679 424 1741 assistant
449 1679 483 1738 in
510 1677 668 1756 praediclo
684 1679 828 1754 negotio,

56 1773 111 1832 illis
131 1775 312 1850 praesertim
334 1775 390 1852 qui
405 1775 447 1836 ab
464 1791 504 1837 eo
526 1775 650 1836 fuerint
664 1775 827 1853 requisiti.

56 1871 156 1930 Datum
169 1874 204 1932 ut
219 1886 333 1949 supra.

321 2138 550 2225 CLXXXIII

102 2292 148 2350 Ad
165 2279 386 2362 Lttdoaicam,
405 2295 623 2352 Francorum
638 2305 767 2366 repam.

320 2419 337 2475 t
356 2419 453 2492 aplius
469 2420 546 2478 rata.

68 2541 189 2606 [bouquet
199 2542 302 2593 Reeueil
312 2541 355 2592 des
365 2543 574 2602 illst.,xlx,7tto.
581 2545 691 2607 aegest,
698 2544 816 2604 llbvltt,

359 2623 432 2686 epist.
442 2623 510 2687 cccl

54 2725 110 2784 cnm
127 2728 290 2786 Frederious
310 2730 464 2802 imperator
480 2737 508 2787 et
525 2731 668 2788 Honorius
682 2732 827 2806 crucesig-

81 2824 200 2874 natorum
222 2815 426 2889 prolectiooem
450 2818 478 2872 in
501 2819 616 2874 Terram
636 2819 769 2877 Sanctam
784 2821 827 2876 iu·

81 2903 219 2961 auderent
238 2913 393 2973 maturare,
411 2912 495 2978 rogat
512 2906 684 2963 Ludovicum
702 2906 830 2965 Pontifex

81 2997 108 3046 ut
116 2991 301 3050 ltaimundum
312 2993 494 3064 Tolosanum,
506 2995 553 3065 qui
562 3009 661 3066 pacem
673 3009 758 3067 quam
769 2996 830 3068 lpse

82 3080 200 3149 patierat,
219 3080 315 3139 lacere
337 3090 426 3139 ratam
448 3081 642 3152 cunctabatur,
658 3099 708 3140 rex
723 3091 830 3141 terrore

81 3170 336 3239 comminationum,
346 3185 401 3242 quo
416 3171 477 3228 solo
488 3185 560 3243 opus
570 3171 616 3240 sit,
626 3170 661 3228 ad
672 3174 830 3246 promptius

82 3255 286 3328 obsequendum
298 3257 404 3330 adigat.

86 3392 829 3470 Honoriusepiscopus...,oarissimciucbrist0

56 3583 173 3666 militibus
186 3588 247 3644 suls
261 3601 411 3660 personam
427 3603 520 3658 suam,
533 3597 561 3646 et
573 3596 677 3646 terram
693 3589 728 3647 de
740 3593 827 3648 Fran·

54 3669 87 3708 aa
101 3659 205 3737 pigriori
220 3657 421 3730 obligandam;
436 3667 465 3716 et
483 3675 540 3786 eX⁰
557 3659 789 3732 archiepiscopus
801 3663 829 3718 in

54 3737 148 3802 propria
165 3743 284 3798 persona
306 3743 454 3786 remanere
469 3745 505 3786 vo
517 3729 599 3786 ebam
619 3744 685 3788 cum
709 3733 781 3803 ipso,
802 3739 830 3788 et

54 3798 148 3852 mterlm
162 3799 358 3868 possessiones
376 3814 455 3856 meas
469 3815 520 3871 pro
539 3801 616 3856 mille
628 3800 705 3857 libris
721 3802 827 3884 persal-

53 3865 139 3945 reodis
156 3877 270 3925 centum
295 3869 439 3938 militibus,
458 3871 506 3952 qui
525 3878 706 3928 remanerent
719 3887 749 3929 m
763 3887 827 3928 cus-

54 3934 115 3992 todia
141 3939 332 4004 carcassonae,
363 3941 475 4012 pignori
505 3940 647 4014 obligare3
673 3948 704 3999 ut
728 3943 828 3998 saltem

55 4017 128 4076 usque
139 4007 171 4064 ad
184 4007 293 4066 Pascha
307 4010 358 4066 Dei
374 4018 401 4066 et
414 4017 537 4067 vestrum
550 4013 700 4068 consilium
710 4027 827 4084 exspec-

55 4080 103 4155 tate
131 4093 288 4148 possemus.
318 4078 372 4136 Sed
401 4080 563 4138 audivimus
593 4081 693 4154 [quod]
722 4083 828 4140 nullum

55 4146 154 4203 militem
171 4151 312 4220 privatum
330 4150 377 4225 vel
398 4157 575 4220 extraneum,
598 4161 717 4224 excepto
738 4168 826 4210 avun-

54 4215 105 4294 culo
127 4233 175 4274 suo
199 4220 377 4288 marescallo,
402 4221 552 4278 camberia
577 4221 612 4278 de
636 4224 772 4296 Turrego,
802 4231 829 4280 et

55 4286 203 4371 quibusdam
221 4291 285 4347 aliis
300 4305 389 4362 usque
404 4291 440 4347 ad
454 4292 555 4364 viginti
571 4292 684 4360 milites,
702 4294 829 4350 invenire

56 4364 129 4422 potuit
142 4359 231 4417 dictus
246 4375 354 4444 comes,
368 4363 415 4433 qui
431 4362 459 4418 in
475 4369 553 4418 tauto
568 4361 732 4420 discrimine
744 4364 830 4420 vellet

56 4439 184 4510 remanere
196 4445 262 4487 cum
276 4446 347 4502 ipso.

71 4499 141 4576 ¹curn
156 4502 243 4573 igitur
259 4516 357 4558 cemes
378 4517 469 4574 neque
484 4503 615 4560 victualia
630 4503 722 4574 neque
742 4518 827 4575 pecu·

56 4573 261 4642 unamaliquam
291 4579 386 4643 posset
412 4572 527 4640 habere,
550 4587 604 4630 nec
627 4587 679 4629 uos
700 4574 829 4630 similiter

56 4650 184 4716 possernus
203 4641 318 4768 allguad
335 4643 491 4698 subsidium
508 4644 553 4699 vel
569 4642 726 4700 remedium
746 4645 826 4700 inve·

54 4720 103 4764 ure
117 4711 149 4766 ad
162 4720 243 4769 custo
264 4712 377 4768 leudam
394 4714 438 4768 vel
454 4713 606 4770 tenendam
625 4714 742 4770 ulterius
756 4715 825 4771 civi-

55 4783 134 4846 latem,
147 4796 210 4838 cum
233 4783 375 4854 predictis
393 4784 516 4840 inimicis
536 4785 614 4855 pacis
627 4792 655 4840 et
671 4782 735 4840 ildei
751 4790 825 4842 treu-

55 4859 109 4929 gam
132 4851 196 4910 lectt
220 4854 280 4924 ipse
305 4854 555 4921 comas‚videlicet
583 4861 613 4910 ut
636 4854 829 4912 Narbonensis

55 4927 137 4977 civitas
158 4931 185 4978 ct
206 4922 383 5006 AgatheusIs
403 4939 492 4996 usque
513 4924 549 4980 ad
568 4924 639 4980 duos
659 4933 829 4993 manasset

55 5000 136 5110 Rauca
149 4994 273 5065 reliquiae
287 4995 467 5062 ecclesiac‚ut
479 4995 649 5062 dictumest,
661 5011 724 5066 quae
739 5010 828 5067 usque

71 5072 99 5114 uo
110 5072 299 5122 remanserunt
314 5067 341 5121 in
358 5073 442 5133 terra,
458 5080 548 5136 usque
563 5063 598 5121 ad
613 5063 714 5122 festum
730 5067 829 5124 Pente·

54 5135 266 5206 costostreugam
282 5141 310 5191 et
326 5149 425 5207 pacem
435 5135 602 5208 generalem
615 5136 700 5191 talem
733 5137 827 5192 ualem

55 5194 187 5277 halterent:
203 5204 337 5262 adhibitis
353 5221 419 5262 cura
441 5215 470 5263 ot
488 5205 635 5277 diligentia
648 5214 676 5262 et
690 5150 824 5264 stIIlicitu·

55 5265 116 5338 diua,
139 5281 192 5330 tam
217 5291 232 5330 a
257 5277 361 5333 comite
381 5291 466 5348 quam
488 5291 503 5333 a
528 5275 619 5344 uobis,
640 5291 827 5348 quacumque

55 5335 155 5399 debebat
170 5345 296 5402 adhiberi
316 5354 343 5403 et
364 5353 482 5418 poterat,
506 5353 535 5402 ut
559 5355 720 5403 servaretur
738 5355 767 5404 et
785 5355 824 5404 te·

55 5420 151 5468 iteretur
177 5413 250 5472 dicta
278 5417 378 5473 civitas
404 5415 649 5484 carcassonensis
678 5432 743 5474 cum
770 5433 826 5474 nou

56 5485 180 5566 boasted
195 5485 248 5567 hoc
259 5487 408 5544 consilium
425 5485 538 5558 aliquod
551 5487 683 5555 inveniri,
697 5489 827 5560 quamvis

56 5555 333 5630 agoarclucprscopus
353 5565 381 5614 et
405 5557 554 5614 memorati
569 5558 695 5630 episcopi
716 5566 744 5614 et
766 5559 827 5630 ipse

56 5631 135 5680 comes
155 5641 288 5696 personas
313 5636 423 5694 nostras
437 5635 465 5684 et
480 5628 675 5700 possessiones
691 5628 827 5686 vellemus

1619 270 1783 378 aaax

887 476 956 538 lilio
973 477 1153 548 Ludovico,
1169 476 1241 552 regi
1254 479 1457 539 Francorum
1472 475 1607 547 illustri,
1624 490 1680 536 sa·

888 573 1001 645 lutam,
1018 575 1080 636 etc.

927 671 1147 732 petitionibus
1163 686 1245 749 quas
1264 688 1323 748 per
1337 670 1544 733 venerabiles
1559 670 1679 749 iratres

887 769 1017 829 nostros
1051 768 1338 846 archiepiscopum
1371 769 1610 829 Bituricensem
1647 769 1681 827 et

888 865 1130 939 Lingonensem
1166 881 1206 926 ac
1239 867 1473 930 carnotensem
1507 854 1678 940 episcopos

885 961 981 1022 nobis
1003 965 1069 1024 tuae
1093 963 1282 1025 serenitatis
1304 963 1433 1024 devotio
1454 961 1678 1033 destinavita

887 1059 983 1120 nobis
1003 1061 1035 1121 et
1052 1059 1209 1121 tratribus
1230 1061 1352 1121 nostris
1371 1060 1475 1121 multa
1494 1059 1679 1134 diligentia,

886 1155 972 1217 sicut
985 1157 1185 1235 exposcebat
1200 1159 1323 1233 negotii
1338 1155 1541 1233 magnitudo,
1556 1155 1680 1215 dIscus·

886 1253 943 1325 sis,
972 1254 1018 1316 ita
1041 1255 1138 1330 quod,
1163 1255 1254 1316 finali
1279 1254 1423 1316 tractatu
1445 1253 1557 1315 habito
1579 1267 1679 1326 super

886 1349 963 1418 illis,
980 1351 1110 1426 praelati
1134 1353 1280 1429 episcopi
1296 1355 1367 1428 jam
1387 1351 1450 1412 iter
1469 1350 1681 1427 arripuerant

886 1448 926 1508 ad
950 1448 982 1509 te
1006 1464 1080 1509 cum
1095 1449 1217 1510 nostris
1242 1450 1362 1512 litteris
1384 1447 1583 1519 revertendi,
1605 1446 1678 1522 ipso

885 1545 1146 1622 archiepiscopo,
1169 1547 1224 1623 qui
1242 1562 1301 1622 pro
1322 1545 1517 1623 quibusdam
1535 1542 1678 1618 negotiis

886 1643 955 1702 suis
968 1642 1053 1718 apud
1068 1643 1292 1720 apostolicam
1316 1643 1435 1705 sedem
1459 1640 1676 1710 remanserat,

886 1739 994 1800 adhuc
1017 1741 1052 1800 in
1077 1741 1191 1802 nostra
1213 1742 1390 1817 praesentia
1415 1738 1603 1809 constituta,
1622 1751 1681 1797 su-

885 1838 1107 1913 pervenerunt
1136 1838 1299 1900 solemnes
1320 1837 1435 1900 nuncii
1461 1834 1625 1898 carissimi
1643 1833 1680 1893 in

886 1934 1016 1996 christo
1029 1933 1090 1995 filii
1104 1935 1284 2004 FrederIci,
1301 1935 1440 1995 illustris
1454 1937 1677 1994 Romanorum

886 2032 1095 2108 imperatoris
1108 2048 1238 2109 semper
1250 2032 1384 2108 augusti
1395 2032 1427 2093 et
1439 2030 1527 2106 regis
1542 2027 1677 2100 Siciliae,

886 2128 980 2188 nobis
991 2130 1146 2205 peripsos
1158 2130 1339 2190 nuncioset
1349 2127 1538 2204 imperiales
1549 2127 1678 2187 litteras

886 2227 1082 2302 exponentis
1103 2225 1236 2288 fervens
1258 2225 1459 2288 desiderium
1481 2224 1566 2300 quod
1589 2221 1678 2282 eide

885 2327 995 2384 Terrae
1008 2325 1137 2385 Sanctae
1148 2339 1309 2385 succursu
1320 2323 1477 2384 Dominus
1490 2318 1676 2396 inspiravit,

885 2436 924 2481 ao
933 2421 1128 2497 postulantis
1137 2420 1299 2481 instanter
1311 2421 1355 2491 ut,
1371 2434 1444 2479 cum
1458 2419 1634 2496 ipsereges
1645 2415 1678 2476 et

886 2519 1052 2596 principes
1070 2517 1269 2579 christianos
1282 2515 1365 2578 adid
1378 2517 1526 2577 animare
1549 2513 1679 2576 studeat

885 2615 1112 2691 imperialibus
1128 2615 1360 2690 largitionibus
1385 2615 1417 2675 et
1431 2613 1614 2689 promissis,
1632 2611 1680 2671 si-

885 2715 941 2775 cut
950 2713 1079 2790 plenius
1095 2713 1253 2788 colligere
1266 2711 1389 2789 poteris
1400 2727 1443 2772 ex
1456 2711 1570 2771 tenore
1582 2709 1676 2770 litte-

885 2826 998 2870 rarum
1013 2811 1173 2886 ipsarum,
1189 2825 1285 2886 qtrem
1300 2809 1360 2871 tibi
1375 2824 1435 2884 per
1452 2805 1675 2869 venerabilem

885 2907 1018 2968 lratrem
1048 2908 1197 2967 nostrum
1227 2906 1429 2975 conradum,
1460 2903 1678 2964 Portuensem

885 3005 1085 3081 episcopum,
1098 3003 1296 3079 Apostolicae
1311 3003 1405 3063 Sedis
1416 3001 1571 3077 legatum,
1584 3015 1678 3060 cura·

884 3103 992 3162 vimus
1027 3101 1205 3172 destinare,
1243 3115 1303 3161 nos
1339 3113 1467 3175 quoque
1502 3098 1676 3158 universos

885 3198 1006 3260 christi
1027 3197 1139 3258 lideles
1155 3196 1442 3257 exhortationibus
1455 3195 1488 3256 et
1501 3194 1679 3269 indulgen-

884 3297 940 3358 tiis
955 3294 1152 3371 apostolicis
1172 3295 1213 3356 ad
1237 3293 1324 3354 idem
1347 3293 1494 3355 excitare
1508 3290 1677 3368 negotium

885 3392 1104 3455 studeremus.

885 3586 1030 3653 militibus,
1045 3593 1077 3642 ut
1091 3584 1197 3643 dictum
1212 3591 1264 3653 est,
1282 3599 1333 3656 pro
1348 3597 1453 3658 magna
1469 3583 1590 3655 pecunia
1606 3581 1676 3639 obli·

885 3673 964 3730 gare,
984 3657 1032 3728 qui
1052 3656 1152 3713 saltem
1172 3670 1261 3727 usqua
1284 3654 1319 3711 ad
1341 3655 1450 3714 Pascha
1473 3655 1678 3712 carcassonam

884 3733 1041 3784 servarent.
1064 3725 1189 3782 Tandem
1212 3727 1356 3782 civitatem
1379 3725 1439 3796 ipse
1462 3738 1568 3788 eomes,
1594 3721 1678 3779 valde

885 3800 989 3854 invitus
1011 3804 1040 3852 et
1058 3797 1197 3852 violenter
1216 3795 1389 3867 compulsus,
1410 3795 1498 3851 tristis
1518 3793 1630 3864 reliquit
1650 3799 1680 3850 et

885 3868 993 3936 dolens,
1014 3874 1043 3923 et
1066 3881 1131 3923 cum
1146 3867 1206 3922 suis
1220 3865 1256 3922 de
1277 3873 1348 3922 terra
1371 3866 1458 3922 exivit
1477 3867 1506 3922 in
1528 3863 1678 3920 Franciam

885 3937 1049 3995 remeando.
1069 3939 1104 3992 Et
1117 3938 1188 3993 sicut
1204 3951 1237 3992 ex
1257 3936 1413 4007 premissis
1427 3943 1520 3992 vestra
1540 3934 1679 3992 serenitas

885 4015 977 4081 petest
992 4007 1150 4078 intelligere
1163 4007 1318 4072 evidenter,
1335 4013 1363 4062 et
1378 4021 1430 4062 uos
1445 4004 1601 4062 secundum
1619 4012 1676 4061 tes·

885 4080 1033 4136 timonium
1048 4078 1230 4134 cottscientlm
1247 4084 1351 4132 nostras
1370 4085 1532 4133 constanter
1546 4075 1678 4144 dicimus,

885 4149 959 4222 quod
974 4148 1066 4205 dictus
1087 4162 1193 4212 comas,
1209 4147 1256 4219 qui
1276 4147 1349 4204 bella
1368 4149 1435 4204 lesu
1450 4145 1552 4205 christi
1567 4160 1619 4217 pro
1630 4145 1676 4218 ju·

885 4220 962 4276 ribus
983 4220 1043 4275 suis
1063 4219 1164 4290 gessit,
1184 4217 1331 4288 hucusque
1352 4232 1466 4274 omnem
1489 4216 1678 4288 diligentiam,

884 4305 998 4348 omnem
1019 4290 1160 4346 cautelam
1180 4296 1208 4344 et
1229 4302 1315 4343 omne
1330 4302 1414 4360 posse
1433 4303 1516 4343 suum
1540 4285 1678 4352 adhibuit,

883 4369 914 4418 ut
940 4375 996 4416 non
1023 4361 1198 4417 emitteretur
1224 4357 1397 4416 carcassona
1421 4357 1522 4414 civitas
1546 4356 1593 4412 vel
1621 4355 1677 4411 elia

883 4439 969 4498 terra,
986 4437 1014 4486 et
1030 4433 1097 4487 lesu
1112 4429 1213 4488 christi
1234 4429 1380 4500 negotium
1402 4442 1459 4483 non
1475 4426 1588 4498 periret,
1605 4433 1633 4481 et
1649 4426 1678 4480 in

885 4509 1004 4566 tantum,
1021 4501 1095 4560 sicat
1109 4499 1191 4556 uobis
1208 4499 1318 4554 videtur
1337 4506 1365 4554 et
1385 4496 1537 4558 credimus,
1555 4495 1591 4552 ad
1610 4508 1675 4566 pro·

885 4571 1056 4628 movendum
1079 4571 1226 4642 negotium
1253 4577 1281 4625 et
1309 4567 1464 4640 regendum
1492 4581 1523 4622 se
1547 4565 1678 4625 habuerit

884 4641 1035 4714 prudenter
1057 4649 1084 4697 et
1107 4647 1191 4696 ceute
1215 4653 1248 4694 ac
1270 4638 1397 4706 viriliter,
1413 4635 1503 4708 quod,
1519 4634 1677 4693 secuudum

868 4713 1046 4785 opinionem
1070 4710 1227 4776 hominum,
1251 4707 1367 4766 amissio
1390 4716 1471 4764 terrie
1492 4705 1546 4764 albi
1566 4707 1676 4778 aliqua·

884 4791 967 4840 tenus
981 4782 1113 4907 imputari
1128 4795 1184 4836 noo
1198 4777 1282 4834 dehet
1294 4793 1347 4836 nec
1362 4785 1463 4850 potest.

919 4853 990 4922 Quid
1006 4851 1106 4925 pura?
1130 4849 1327 4907 recedentibus
1341 4848 1489 4906 catholicis
1511 4855 1540 4905 et
1559 4847 1676 4920 lugetis,

883 4924 1014 4980 inlocum
1026 4923 1152 5048 ipsorum
1164 4919 1289 4977 haeretIci
1297 4927 1505 4986 successerunt,
1515 4918 1676 4987 crudentes,

883 4993 1017 5061 lautores,
1048 4993 1194 5048 clausores
1205 4997 1233 5048 et
1243 4997 1433 5062 receptatores
1444 4989 1676 5057 eorumdem;et,

903 5063 957 5120 uod
972 5063 1057 5120 nimis
1068 5065 1163 5119 tristes
1179 5069 1206 5118 et
1221 5061 1349 5118 delentos
1368 5060 1502 5128 dicimus,
1521 5059 1678 5117 Pharaonis

883 5081 1022 5191 Iracones
1050 5133 1203 5189 draconem
1229 5133 1319 5204 Moysi
1351 5130 1503 5188 devorasse
1533 5129 1676 5196 videntur,

883 5207 947 5277 quia
967 5205 1083 5276 spiritus
1103 5200 1267 5259 immundus
1301 5203 1329 5258 ui
1349 5201 1384 5257 dc
1403 5199 1545 5273 providete
1566 5198 1674 5256 Narbo·

882 5277 965 5332 nansi
976 5283 1004 5330 et
1014 5274 1140 5345 partibus
1152 5273 1292 5345 adjacenti
1315 5288 1358 5341 us,
1368 5287 1417 5345 per
1424 5271 1560 5328 Ecclesiae
1573 5271 1676 5350 Rome·

883 5361 927 5402 uae
949 5346 1136 5401 ministerium
1164 5351 1192 5400 et
1216 5351 1340 5400 vestrum
1364 5350 1392 5398 et
1413 5342 1494 5414 regni
1513 5345 1601 5396 vestri
1618 5355 1676 5411 po·

882 5417 999 5472 tentiam
1029 5413 1171 5486 quondam
1206 5413 1313 5485 ejectus
1339 5411 1430 5468 luerat
1456 5411 1620 5468 mirabiliter
1649 5418 1679 5467 et

883 5494 1022 5559 potenter,
1039 5501 1114 5541 nuuc
1129 5483 1242 5540 rediens
1261 5499 1326 5540 cum
1343 5483 1405 5539 eliis
1426 5490 1535 5554 septem
1557 5481 1674 5553 nequio-

882 5557 959 5614 ribus
973 5556 1089 5612 domum
1112 5557 1181 5610 olim
1201 5556 1297 5681 scopis
1318 5553 1482 5609 mundatam
1500 5559 1529 5609 et
1545 5559 1673 5608 ornatam

883 5629 1028 5699 ingressus
1038 5625 1177 5682 inhabitet
1188 5639 1196 5693 ;
1208 5631 1236 5681 ct
1260 5632 1321 5682 ecta
1334 5631 1400 5681 sunt
1412 5623 1567 5680 uerissima
1579 5627 1674 5679 nostra
