4002 6326
102 317 151 381 ³85
676 310 903 374 brissonii.
927 311 1005 372 iss.
1029 313 1096 374 vll.
1644 311 1704 370 386

100 471 296 556 gintiltiilien.
316 473 413 550 juxta
432 471 537 546 Mare,
559 469 725 534 abbatiam
745 473 781 533 B.
798 474 860 548 Ap·
1247 479 1364 567 CLIX

98 573 197 652 polim
230 585 303 680 ⁰¹¹³?
342 569 494 631 ΟΜΝ
528 567 739 646 p⁰ffl¹¹⁰¹¹ffi⁸
773 568 857 680 ili·
913 623 966 683 Aa
987 622 1022 682 s.
1042 619 1092 694 Α
1114 623 1176 682 terr
1212 624 1247 682 s.
1274 623 1392 684 Jacobs
1419 621 1454 683 er
1478 623 1513 682 s.
1538 622 1640 684 Perta
1660 623 1703 684 oe

99 673 170 734 Sile
192 667 354 730 ¹¹⁰V³¹¹¹¹m
387 667 584 738 Vestmmm’
616 681 689 742 ‘1¹¹ae
715 679 860 742 Pmpms
952 637 1250 786 Posepafacucres
1270 712 1532 783 vesprimiensis
1545 709 1579 770 er
1594 711 1703 776 Quin-

96 765 238 834 nauibus,
261 763 319 826 aut
353 761 537 840 sumptibus
564 761 685 834 colitis,
717 764 789 824 sive
819 761 860 824 de
953 801 1229 872 mmmm
1243 801 1437 860 dimum,

97 862 283 926 nutrimentis
311 861 507 922 animalium
532 861 731 933 vestrorum,
747 859 860 922 nullus
1210 927 1313 1001 mum
1326 928 1405 986 1223.

95 959 213 1024 avonis
237 959 372 1021 omnino
396 957 543 1020 decimas
571 958 716 1034 exigere,
732 957 785 1020 vel
806 973 862 1019 ex·

94 1061 228 1135 brquere
244 1057 434 1135 presumat.
450 1056 613 1119 Praesenti
642 1055 861 1117 nihilomiuus
1087 1040 1379 1106 [rejer,oou.rrp10m.,
1392 1041 1412 1100 1,
1425 1041 1529 1108 pile]

94 1155 206 1218 decreto
224 1154 447 1231 prohibemus,
464 1153 501 1215 ut
515 1153 628 1214 nullus
648 1151 737 1214 inira
756 1166 861 1230 paro-
914 1155 1087 1228 Episcopum
1099 1155 1321 1228 Zagrabiensem
1336 1170 1351 1214 s
1366 1157 1517 1230 preposite
1534 1164 1563 1214 et
1581 1158 1705 1230 capitulo

94 1253 308 1314 chiasvggpffl
322 1251 447 1329 absque
461 1250 645 1313 dioeoesani
663 1249 812 1327 episcopi
829 1250 862 1312 gt
950 1235 1005 1326 loci
1019 1235 1189 1328 incusatum,
1206 1235 1455 1307 pretixotermino
1475 1235 1510 1293 sd
1528 1234 1629 1294 taciem
1650 1239 1703 1300 Se·

92 1351 187 1414 vestro
200 1364 338 1410 assensu
350 1348 527 1411 ecclesiam
540 1348 583 1410 de
594 1362 681 1412 novo
696 1345 862 1409 aedificare
950 1315 995 1372 ‘¹¹⁸
1006 1313 1178 1388 Ap⁰⁸t⁰¹¹⁰²³
1193 1321 1306 1374 emt·

92 1447 267 1526 prasumat3
284 1446 388 1510 salvis
400 1445 514 1508 tamen
525 1445 711 1524 privilegiis
734 1442 863 1522 pontiti·
955 1439 1124 1504 Honorius
1132 1439 1319 1519 episcopus,
1328 1456 1444 1506 servus
1452 1441 1705 1516 servorumbei,

92 1559 154 1606 cum
173 1546 403 1616 Romanorum.
424 1546 461 1606 ln
481 1542 730 1621 parochialibus
751 1541 862 1604 autem
916 1536 1047 1600 dilectis
1065 1537 1183 1600 liliis...
1200 1541 1233 1602 S.
1248 1539 1427 1616 AEgidii,...
1444 1542 1478 1603 s.
1493 1539 1620 1609 Jacobi,
1633 1541 1705 1604 et...

92 1639 237 1714 ecclesiis,
251 1657 335 1721 quas
356 1641 499 1716 habetis,
519 1639 619 1704 liceat
631 1638 727 1702 vobis
750 1653 863 1701 sacer-
917 1636 951 1697 S.
966 1635 1060 1698 Petri
1072 1633 1281 1718 (dePosega)
1294 1636 1469 1699 abbatibus
1483 1636 1706 1716 vesprimien-

90 1739 170 1802 dotes
185 1741 308 1817 eligere
328 1740 362 1802 et
384 1739 541 1816 episcopo
555 1737 771 1816 praesentare,
787 1735 865 1814 qui-
916 1731 963 1793 sis
978 1732 1012 1795 et
1029 1733 1375 1812 Quinqueeclesiensis
1397 1734 1589 1808 diecesani,
1610 1734 1706 1796 salu·
1730 1795 1734 1804 ,
1766 1817 1773 1824 ⁸

90 1835 151 1910 bus,
162 1837 189 1898 si
203 1837 317 1900 idonei
332 1837 466 1909 ruerint,
479 1835 609 1899 tantum
625 1834 668 1896 ad
681 1848 864 1912 repracscn·
915 1829 984 1892 tem
998 1829 1032 1892 et
1044 1831 1267 1908 apostolicam
1280 1830 1554 1895 benedictionem.
1612 1866 1615 1874 ·
1802 1833 1809 1840 '

89 1933 392 1998 tationemrestram
414 1935 604 1996 animarum
629 1947 744 1994 curam
767 1946 862 1993 com·
956 1927 1204 1992 insinuantibus
1233 1929 1313 1992 olim
1341 1930 1437 1992 nobis
1466 1929 1597 1993 dilectis
1626 1929 1706 1992 tiliis

89 2031 193 2106 mittat,
209 2034 245 2096 ut
267 2032 309 2095 de
331 2031 437 2110 plebis
451 2030 584 2109 quidem
598 2045 680 2093 cura
694 2029 861 2107 episcopo,
916 2026 1080 2102 magistro
1101 2026 1341 2104 Primcgenito,
1358 2027 1561 2091 subdiacono
1580 2029 1707 2101 nostro,

88 2127 169 2192 robis
188 2132 298 2193 antem
320 2130 363 2193 de
382 2127 623 2207 temporalibus
646 2127 764 2191 debeat
783 2143 861 2190 res·
917 2123 1106 2202 praeposito,
1130 2124 1164 2187 et
1183 2125 1330 2204 capitulo
1349 2125 1390 2188 de
1411 2129 1598 2188 Geresmen.
1620 2124 1707 2205 quod

87 2227 227 2303 pondere.
255 2229 468 2305 sepulturam
494 2243 624 2306 quoque
656 2226 763 2304 ipsius
797 2225 863 2288 loci
916 2221 1118 2284 venerabilis
1132 2222 1237 2285 irater
1250 2224 1607 2300 nosterZagrabiensis
1622 2223 1710 2302 epis·

87 2325 211 2387 liberam
228 2325 539 2398 essedecernimus‚
561 2325 731 2387 uteorum
750 2323 808 2402 qul
827 2339 863 2385 se
917 2335 1031 2398 copus,
1061 2320 1127 2382 loci
1150 2321 1370 2396 dioecesanus,
1394 2322 1571 2386 ecclesiam
1598 2323 1707 2400 ipsam

87 2421 146 2484 illic
170 2423 311 2502 sepelire
339 2422 608 2494 deliberaverint,
634 2421 804 2486 devotioni
831 2422 863 2484 et
916 2418 1072 2480 incendio
1084 2418 1285 2490 devastarat,
1303 2419 1518 2483 homicidium
1531 2419 1708 2499 perpetra-

87 2520 227 2583 extremae
244 2521 420 2594 voluntati,
437 2521 505 2582 nisi
524 2519 609 2584 torte
629 2519 863 2584 excommuni-
916 2515 1022 2590 verat,
1039 2516 1072 2578 et
1085 2532 1146 2594 pro
1164 2517 1345 2596 injectione
1370 2533 1530 2582 manuum
1550 2520 1586 2582 in
1601 2534 1710 2596 quos-

87 2617 142 2679 cati
165 2620 216 2682 vel
243 2619 413 2683 interdicti
447 2617 525 2692 sint,
563 2617 676 2679 nullus
711 2616 860 2688 obsistat,
917 2612 992 2675 dam
1021 2614 1130 2692 ipsius
1159 2615 1310 2678 ecclesiae
1339 2617 1518 2681 canonicos
1547 2617 1709 2690 violenta,

87 2714 291 2778 salvatamen
311 2716 448 2779 illarum
467 2715 686 2792 ecclesiarum
702 2713 863 2776 canonica
917 2711 1052 2774 vinculo
1074 2713 1429 2777 excommunicationis
1448 2715 1641 2788 adstrictus,
1658 2715 1711 2776 di-

82 2811 249 2888 ructuas
273 2813 395 2891 quibus
418 2815 626 2876 mertuorum
648 2827 789 2890 corpora
813 2827 864 2873 as-
916 2809 995 2872 vina
1016 2811 1142 2872 temere
1156 2811 1395 2886 celebraverat,
1412 2811 1710 2894 absolutionisbe-

86 2912 256 2974 sumuntur.
274 2911 425 2975 Obeunte
448 2927 530 2974 vcro
549 2912 583 2973 is
603 2925 692 2972 nunc
712 2907 864 2986 ejusdem
917 2906 1037 2969 nescio
1058 2923 1125 2969 non
1145 2908 1289 2984 obtento,
1304 2909 1482 2988 multisque
1496 2911 1575 2972 aliis
1600 2911 1710 2974 crimi-

85 3003 140 3068 loci
157 3007 284 3082 abbate,
300 3010 355 3072 vel
375 3011 508 3073 tuorum
524 3007 671 3085 quolibet
685 3021 862 3068 successo·
917 3003 1015 3066 nibus
1028 3005 1189 3068 irretitus.
1212 3008 1281 3070 Nos
1302 3008 1344 3069 ad
1364 3008 1545 3072 clamosam
1562 3009 1712 3074 insinua·

85 3117 157 3178 rum,
170 3106 283 3167 nullus
305 3105 352 3167 ibi
367 3105 515 3183 qualibet
538 3103 761 3182 subreptionis
776 3103 864 3165 astu·
916 3103 1041 3165 tionem
1065 3105 1214 3182 ipsorum
1228 3105 1323 3168 vobis
1343 3123 1445 3184 super
1464 3109 1647 3186 praemissis
1661 3108 1711 3172 in·

84 3199 124 3260 tia
149 3218 205 3264 seu
229 3203 393 3266 violentia
426 3204 651 3281 praeponatur,
669 3201 736 3264 nisi
765 3215 862 3279 quem
917 3201 1131 3278 qiusitionem
1178 3201 1240 3264 sub
1284 3206 1375 3266 certa
1415 3205 1522 3270 forma
1553 3206 1711 3270 duximus

85 3295 190 3361 iratres
211 3302 382 3364 communi
398 3316 549 3375 assensu,
566 3301 620 3364 vel
632 3316 710 3378 pars
730 3299 863 3362 consilii
917 3298 1197 3362 committendam.
1234 3301 1298 3364 Sed
1334 3302 1422 3364 sicut
1462 3319 1570 3380 nuper
1600 3305 1709 3368 dictus

84 3397 214 3460 sanioris
238 3398 424 3462 secundum
447 3402 551 3460 Deum
575 3400 608 3462 et
628 3402 665 3460 Β.
690 3397 863 3460 Benedicti
916 3397 1113 3474 praepositus
1126 3401 1281 3475 exposuit
1298 3415 1411 3464 coram
1429 3400 1536 3474 nobis,
1556 3403 1708 3466 licetvos

83 3495 218 3569 regulam
264 3497 483 3575 providerent
524 3496 724 3572 eligendum.
768 3495 861 3558 Nulli
916 3493 1095 3570 diligenter
1108 3496 1146 3556 in
1167 3497 1345 3560 commisso
1366 3499 1461 3561 vobis
1479 3500 1708 3577 inquisitionis

83 3590 170 3654 etiam
201 3596 360 3672 episcopo
383 3593 524 3656 facultas
550 3595 595 3658 sit
623 3595 695 3655 sine
721 3593 863 3657 Romani
916 3592 1050 3668 negotio
1070 3593 1297 3668 procedentes,
1314 3610 1387 3672 quse
1407 3596 1595 3671 invenistis,
1611 3598 1716 3664 nobis·

83 3690 245 3765 pontificis,
274 3693 333 3754 aut
358 3691 463 3768 legati
488 3695 560 3769 ejus
584 3691 751 3764 mandato,
773 3692 862 3754 idem
912 3690 1011 3767 juxta
1039 3690 1185 3752 mandati
1209 3693 1316 3755 nostri
1339 3694 1487 3756 tenorem
1504 3695 1565 3756 sub
1584 3698 1716 3758 vestris-

83 3789 310 3852 monasterium
328 3789 664 3852 excommunicationi
682 3790 735 3852 rel
757 3791 863 3852 inter-
916 3787 1037 3863 sigillis
1078 3788 1278 3851 remiseritis
1319 3790 1465 3854 fideliter
1504 3793 1704 3868 interclusa,

83 3879 158 3944 dicto
176 3887 354 3965 subjicere.
370 3888 588 3950 Decernimus
611 3903 692 3964 ergo
716 3889 753 3951 ut
777 3888 861 3950 nulli
910 3881 1125 3963 ¹praefigentes
1148 3887 1298 3963 partibus
1312 3889 1491 3951 terminum
1514 3893 1705 3969 competen-

83 3981 204 4045 omnino
219 3983 393 4046 bominum
417 3984 516 4046 liceat
539 3984 714 4062 praelatum
733 4000 863 4046 monas·
915 3982 993 4055 tem,
1021 3998 1087 4062 quo
1110 3985 1224 4047 nostro
1251 4001 1288 4047 se
1313 3988 1504 4066 conspectui
1527 3993 1707 4067 praesenta·

82 4077 190 4140 terium
202 4081 331 4142 temere
345 4080 551 4160 perturbare,
566 4083 642 4156 etc,
657 4097 765 4157 usque
778 4098 860 4160 pro·
915 4083 1006 4157 rent3
1042 4081 1157 4144 eodem
1181 4084 1360 4161 praeposito
1396 4101 1471 4148 cum
1508 4088 1705 4166 quibusdam

82 4172 191 4250 lutura,
208 4179 305 4240 salva
327 4178 635 4256 sedisapostolicae
650 4181 860 4250 auctoritate,
916 4179 986 4240 suis
1006 4181 1240 4242 concanonicis
1269 4181 1306 4243 in
1334 4183 1472 4261 praeflxc
1491 4185 1539 4248 eis
1560 4189 1704 4252 termino

82 4271 610 4354 etdioecesanorumepiscoporum
619 4278 861 4357 canonicajus-
915 4277 1049 4356 propter
1069 4277 1133 4340 hoc
1154 4278 1196 4340 ad
1220 4280 1339 4342 Sedem
1365 4283 1590 4360 Apostolicam
1614 4301 1707 4348 acce·

81 4367 144 4430 titia
168 4373 203 4433 in
231 4373 435 4450 supradictis
461 4373 610 4451 capellis.
623 4373 673 4436 Ad
700 4375 861 4437 indicium
915 4375 1024 4450 dente,
1038 4377 1239 4439 memoratus
1256 4379 1368 4441 tamen
1389 4381 1574 4459 episcopus,
1591 4385 1705 4463 utpote
1825 4377 1837 4402 ⁰

81 4466 180 4528 auem
197 4468 301 4547 hujus
327 4485 347 4530 a
372 4470 456 4532 Sede
482 4471 674 4548 Apostolica
698 4474 861 4550 perceptae
916 4472 979 4535 sibi
994 4473 1159 4546 conscius,
1186 4489 1248 4537 nec
1261 4476 1365 4549 venit,
1381 4492 1443 4539 nec
1455 4479 1546 4542 misit
1559 4481 1703 4559 aliquem

81 4558 245 4640 libertatis,
263 4568 408 4644 quatuor
422 4568 545 4629 solidos
562 4571 764 4645 Mergurien.
785 4587 861 4632 mo·
915 4571 1152 4647 responsalem.
1169 4572 1218 4633 Ne
1239 4573 1342 4649 igitur
1359 4573 1447 4636 idem
1471 4577 1645 4658 episcopus
1663 4579 1705 4644 de

82 4660 156 4722 netes
176 4664 302 4726 veteris
317 4663 425 4736 nobis,
442 4663 631 4742 nostrisque
655 4669 860 4728 successori·
917 4681 977 4728 sua
1002 4667 1209 4730 contumacia
1236 4669 1390 4733 videatur
1415 4677 1621 4738 commodum
1647 4695 1706 4742 re-

80 4750 134 4816 bus
146 4760 243 4820 annis
258 4761 400 4834 singulis
414 4760 620 4836 persolvetis.
634 4762 668 4822 si
682 4777 746 4839 qua
758 4763 863 4839 igitur
916 4766 1060 4841 portare,
1075 4764 1268 4828 discretioni
1291 4770 1410 4833 vestras
1434 4787 1495 4852 per
1516 4775 1725 4852 Apostolicat

80 4849 277 4929 infuturum,
299 4857 361 4918 etc.
378 4859 513 4920 crunctis
528 4858 649 4931 autem,
664 4862 737 4932 etc„
755 4877 862 4935 trsqrre
917 4863 1039 4940 scripta
1048 4863 1254 4937 mandamus,
1271 4867 1433 4943 quatenus
1448 4869 1557 4948 ipsum
1571 4873 1607 4934 in
1622 4875 1705 4939 festo

81 4962 177 5012 amen.
194 4956 316 5017 batum
333 4955 467 5030 Signiae,
486 4971 545 5033 per
559 4972 692 5018 manum
710 4959 862 5033 magistri
916 4957 1110 5021 Nativitatis
1152 4961 1333 5025 Dominicss
1377 4968 1530 5044 proximo
1567 4971 1705 5047 futurae,

82 5045 231 5112 (luidonis
252 5051 418 5127 capellani
447 5052 571 5114 domini
595 5057 711 5131 Papae,
741 5058 769 5117 V
788 5055 862 5117 idus
917 5056 1004 5132 qnod
1022 5055 1054 5117 ei
1072 5059 1105 5119 et
1123 5058 1209 5135 parti
1224 5060 1322 5122 alteri
1342 5079 1402 5140 pro
1418 5067 1638 5142 peremptorio
1651 5084 1708 5130 as-

78 5143 155 5216 julii,
177 5147 362 5210 indictione
380 5151 436 5218 XI,
457 5151 699 5212 incarnationis
720 5153 863 5215 Domini·
918 5151 1101 5228 signamus,
1118 5169 1178 5232 per
1193 5172 1229 5217 se
1243 5159 1296 5220 vel
1309 5161 1536 5238 responsalem
1551 5163 1708 5227 idoneum

80 5253 121 5300 cac
144 5257 231 5308 anno
257 5247 356 5318 1224,
388 5247 597 5323 pontificatus
633 5265 713 5311 vero
739 5251 862 5312 domini
918 5249 1033 5312 nostro
1050 5252 1308 5329 sepropterhcc
1323 5257 1513 5335 conspectui
1528 5275 1710 5338 repracsen-

81 5335 208 5404 llcnorii
224 5347 324 5420 Papae
336 5345 479 5406 lllanno
493 5345 642 5421 septimo.
917 5347 998 5419 tent,
1015 5349 1212 5412 auctoritate
1232 5352 1357 5426 nostra,
1380 5355 1531 5416 cessante
1554 5360 1709 5435 appella-

917 5443 1019 5513 tione,
1036 5446 1172 5522 cogatis.
1187 5449 1278 5520 Quod
1299 5451 1327 5512 si
1350 5465 1415 5512 non
1439 5467 1564 5528 omnes,
1579 5457 1655 5529 etc,
1671 5461 1711 5519 ut

919 5543 954 5600 iu
979 5545 1067 5614 oilie,
1092 5545 1153 5605 etc.
1180 5547 1297 5608 Datum
1326 5547 1503 5624 signiac‚v
1525 5549 1599 5614 idus
1618 5553 1708 5630 Julii,

918 5637 1127 5711 pontificatus
1142 5643 1247 5704 nostri
1263 5645 1515 5721 anuescptirno.

213 5771 327 5814 sarcos.
349 5771 421 5815 ross
441 5761 487 5818 lt.
1489 5779 1520 5836 lt
