4080 6328
331 403 396 464 875
948 403 1125 466 eorosii
1145 405 1192 464 111
1213 405 1360 464 OPERA.
1907 399 1960 460 b'lb
2014 461 2015 510 i

331 561 398 624 nisi
418 563 567 626 Romano
586 559 734 640 pontiflci
755 561 938 640 subjacere,
962 563 1125 640 quatenus
1179 561 1238 638 qui
1264 561 1351 624 dona
1385 561 1462 630 tua,
1491 560 1571 639 quin
1599 560 1667 622 imo
1694 557 1819 622 terram
1842 559 1958 636 ipsam
2014 583 2015 598 κ

332 659 446 721 eadem
462 660 589 720 colonis
613 659 711 723 citius
735 659 940 738 impleretur,
964 675 1125 737 suumque
1179 659 1276 735 quasi
1290 658 1437 736 plantam
1452 659 1555 730 tuam,
1570 657 1743 720 beneflciis
1757 655 1869 732 rigare
1883 672 1959 718 con-
2014 667 2015 680 ¹

332 757 485 818 meritum
496 757 815 833 eoaltiussurgeret,
828 757 1125 834 quodonumtuum
1179 757 1282 818 tinnis
1296 756 1330 818 et
1343 773 1409 817 non
1434 755 1624 832 hujusmodi
1649 753 1915 832 oppressionibus
1932 754 1960 814 et

330 855 442 916 Terrae
454 856 583 915 Sanctae
594 855 729 916 uberius
740 856 950 932 proveniret;
968 854 1125 931 trequen—
1180 853 1314 930 injuriis
1350 855 1416 916 tuae
1456 853 1667 914 liberalitatis
1700 851 1854 912 meritum
1883 851 1960 927 apud
2014 885 2015 890 κ

330 953 383 1013 ter
397 953 506 1013 autem
519 951 665 1030 ipsorum
687 952 826 1014 fratrum
842 953 1020 1029 recipimus
1044 968 1126 1029 que-
1181 953 1284 1012 Denm
1295 953 1328 1012 et
1337 951 1490 1014 homines
1504 951 1690 1026 denigrare.
1704 951 1896 1024 Quanquam
1905 948 1960 1008 boc
2014 949 2015 1000 ἐ

332 1048 520 1120 rimoniam,
546 1050 632 1126 quod
657 1049 748 1127 ipsos
772 1066 873 1126 super
895 1051 985 1112 terra
1010 1050 1125 1111 cadem
1177 1063 1389 1130 nequaquam
1404 1048 1588 1111 clementie
1602 1049 1668 1109 tuae
1682 1045 1876 1122 imputanda
1890 1061 1960 1106 cre·
2014 1035 2015 1118 l

332 1145 509 1223 inquietas,
527 1147 559 1208 et
574 1145 765 1224 frequenter
780 1147 839 1210 tihi
862 1163 962 1224 super
986 1147 1050 1208 hoc
1073 1147 1127 1208 dl·
1181 1145 1309 1218 damus,
1339 1145 1398 1206 sed
1428 1146 1542 1222 potius
1566 1144 1679 1222 pravis
1701 1141 1960 1220 suggestionibus
2014 1133 2015 1182 ἶ

331 1244 480 1306 reximus
496 1245 618 1322 scripta
634 1245 759 1318 nostra,
784 1247 940 1322 rogantes
955 1247 989 1306 et
1002 1245 1126 1307 exhor·
1180 1243 1413 1320 malignorum,
1428 1243 1485 1320 qui
1498 1242 1649 1304 videntes
1663 1239 1837 1319 praeiatam
1847 1241 1960 1302 terram
2014 1225 2015 1280 Ὗ

331 1342 451 1413 tentes,
469 1343 506 1404 nt
518 1357 618 1418 super
632 1342 694 1404 boc
707 1343 748 1404 ab
759 1359 872 1404 eorum
883 1341 1125 1420 inquietatione
1181 1355 1240 1417 per
1260 1341 1458 1402 immensum
1473 1339 1636 1402 dictorum
1661 1338 1805 1400 fratrum
1828 1337 1960 1398 studium
2014 1417 2015 1420 Ἴ

332 1437 521 1511 desisteres,
536 1440 615 1517 quin
637 1440 716 1508 imo,
733 1441 820 1502 sicut
843 1440 963 1502 honori
988 1439 1126 1502 tuoex-
1181 1437 1373 1514 proiecisse,
1391 1453 1430 1498 ac
1443 1440 1514 1514 ejus
1524 1436 1691 1514 cupidine,
1703 1435 1881 1498 venenosis
1892 1449 1961 1495 sua-
2014 1437 2015 1496 l

332 1536 468 1613 peditat
489 1536 587 1600 saluti
604 1537 705 1614 ipsos,
734 1553 793 1614 pro
809 1537 997 1599 reverentia
1012 1537 1125 1598 divina
1181 1534 1329 1595 sionibus
1355 1537 1388 1598 te
1423 1534 1625 1608 accendunt;
1651 1547 1717 1594 non
1752 1532 1957 1602 attendentes,
2014 1519 2015 1604 ξ

332 1634 366 1695 et
379 1634 504 1702 nostra,
521 1634 716 1696 defenderes
731 1636 764 1698 et
779 1633 919 1696 faveres.
932 1636 1046 1711 Nuper
1060 1649 1125 1694 au·
1181 1632 1267 1710 quod
1283 1632 1368 1693 nihil
1381 1632 1546 1694 veraciter
1561 1631 1715 1703 retinent,
1731 1631 1798 1692 nisi
1820 1630 1904 1707 quod
1924 1630 1960 1690 li·
2014 1655 2015 1704 3

331 1731 397 1792 tem
413 1732 582 1808 qraerelam
597 1733 787 1794 eorumdem
804 1733 1001 1809 recepimus,
1019 1731 1127 1794 conti-
1180 1729 1354 1792 beralitate
1378 1729 1530 1791 donatur.
1565 1729 1686 1804 Magna
1722 1727 1854 1805 quidem
1882 1727 1957 1798 sunt,
2014 1805 2015 1808 Ἴ

332 1829 465 1889 nentem
490 1830 577 1907 quod
605 1833 640 1890 in
663 1830 879 1908 quorumdam
905 1829 1125 1905 malignorum
1181 1843 1255 1904 qrvae
1268 1826 1387 1888 dedisti
1403 1826 1560 1888 iratribus
1573 1826 1759 1898 antedictis,
1772 1825 1831 1886 sed
1845 1823 1959 1886 certesi

332 1926 493 1987 instinctu
518 1927 642 1988 terram
671 1927 776 2004 ipsam
800 1928 836 1988 in
851 1926 969 2003 grandi
985 1929 1018 1988 et
1032 1923 1126 2002 gravi
1181 1925 1299 1987 devota
1313 1924 1527 1986 meditatione
1540 1923 1745 2001 pensaveris,
1759 1937 1859 2000 quam
1870 1922 1959 1982 multa

332 2023 480 2100 equitum
512 2025 726 2086 multitudine
764 2025 942 2096 intravisti,
978 2024 1127 2100 adeoque
1182 2022 1214 2083 et
1234 2037 1354 2099 magna
1378 2022 1519 2084 contulit
1538 2021 1599 2084 tibi
1620 2021 1741 2082 divinae
1767 2020 1959 2082 immensitas

332 2123 480 2196 gravasti
500 2121 620 2184 iratres
646 2123 746 2200 ipsos,
775 2123 808 2185 et
835 2137 949 2184 eorum
976 2121 1127 2184 homines
1181 2119 1357 2195 largitatis,
1382 2135 1449 2181 non
1473 2135 1593 2196 magna
1616 2118 1798 2196 reputabis,
1824 2134 1896 2194 quae
1915 2116 1959 2193 pie
2014 2165 2015 2178 ,

333 2219 562 2279 exactionibus
578 2219 797 2296 eucarpensis,
814 2219 900 2296 qnod
922 2219 971 2282 eis
992 2217 1126 2279 damni·
1182 2233 1241 2294 pro
1254 2220 1326 2295 ejus
1348 2217 1474 2279 honore
1495 2219 1529 2278 et
1553 2233 1667 2279 amore
1688 2216 1824 2290 dedisti;
1841 2214 1895 2276 sed
1910 2229 1960 2291 po-

333 2313 441 2376 ficetis
456 2315 497 2376 ad
512 2316 691 2378 valentiam
707 2317 798 2378 mille
813 2333 1001 2378 marcarum
1017 2319 1050 2376 et
1074 2315 1129 2375 nl·
1181 2314 1247 2376 tius
1263 2315 1435 2390 cogitabis,
1449 2315 1663 2392 tenunquam
1677 2329 1774 2390 posse
1789 2313 1959 2389 dignabar

333 2413 395 2484 tra,
412 2413 667 2491 terramipsam,
686 2430 782 2492 quiam
805 2429 880 2475 cum
896 2413 1128 2490 multoperso·
1181 2409 1365 2472 retribuere
1379 2427 1439 2488 pro
1458 2411 1622 2482 omnibus,
1641 2425 1712 2488 quae
1734 2409 1888 2470 retribuit
1899 2409 1961 2484 ipse
2014 2409 2015 2496 l

332 2525 451 2571 narum
475 2512 507 2572 et
531 2527 642 2572 rerum
669 2511 841 2589 dispendio
875 2512 1126 2589 populaverant,
1182 2508 1258 2581 tibi;
1275 2507 1435 2584 cogitabis
1449 2511 1481 2569 et
1496 2509 1575 2586 quia
1597 2523 1697 2585 quum
1720 2507 1880 2583 scriptum
1901 2503 1958 2566 sit:
2014 2509 2015 2592 l

333 2607 383 2668 eis
396 2610 429 2669 et
443 2608 506 2685 ipsi
521 2611 631 2670 Terrae
648 2613 779 2671 Sanctae
798 2625 881 2687 pene
897 2609 1028 2686 penitus
1051 2607 1129 2668 inn-
1183 2605 1344 2678 Quodsua
1357 2600 1528 2667 defunctos
1539 2621 1641 2682 opera
1654 2604 1913 2682 subsequentum
1927 2618 1959 2664 ee
2014 2593 2015 2674 J

333 2705 427 2766 illem
441 2703 1125 2784 reddidisti;quoddamquoqnecastrum,
1182 2703 1265 2772 sola,
1295 2719 1368 2779 quae
1393 2703 1532 2764 Domino
1561 2701 1704 2776 dederis,
1727 2701 1788 2764 tihi
1810 2701 1959 2778 postvitae

334 2803 420 2880 quod
432 2802 519 2865 ultra
530 2806 658 2866 Montes
668 2804 921 2865 Niviummnltis
932 2804 1129 2865 construxe-
1182 2801 1357 2877 praesentis
1372 2801 1498 2862 exitum
1516 2800 1755 2873 remanebunt;
1781 2800 1814 2860 et
1838 2800 1885 2860 sio
1905 2814 1958 2858 non
2014 2797 2015 2804 ’

334 2901 413 2962 rant
433 2900 602 2963 laboribus
624 2903 656 2964 et
670 2903 836 2979 expensis,
860 2900 1031 2979 occupasti
1054 2900 1126 2961 ira·
1183 2897 1341 2971 studebis,
1358 2915 1431 2976 quae
1446 2899 1513 2959 Deo
1533 2897 1653 2959 dedisti
1668 2897 1831 2969 minuere,
1848 2894 1901 2957 sed
1914 2911 1958 2956 au·

336 2998 443 3060 tribus
472 3015 587 3061 eorum
616 2998 657 3061 ab
681 2999 795 3061 eodem
815 2999 942 3077 eJectis,
970 2999 1003 3060 et
1028 3009 1127 3075 quum
1182 3011 1271 3072 gere,
1288 3011 1327 3057 ac
1342 2996 1436 3072 sequi
1451 2996 1635 3057 doctrinam
1654 2995 1882 3070 evangelicam
1893 3007 1959 3052 sua·
2014 2969 2015 3034 l

338 3095 489 3158 homines
519 3097 567 3159 tui
591 3096 749 3174 quosdam
775 3096 896 3158 iratres
922 3095 955 3158 et
978 3095 1128 3156 homines
1183 3093 1383 3168 dentem3ut
1393 3092 1663 3154 studeasincoelo
1676 3091 1736 3154 tihi
1748 3091 1961 3153 thesaurizare

336 3194 527 3256 eorumdem
561 3195 752 3267 occiderint,
785 3195 944 3272 quosdam
971 3193 1129 3254 vulnera·
1182 3189 1368 3262 thesauros,
1383 3191 1439 3251 ubi
1454 3207 1515 3252 neo
1528 3206 1653 3266 aerngo,
1670 3205 1731 3250 nec
1752 3187 1844 3252 tinea
1859 3189 1959 3250 demo·
2014 3205 2015 3264 j

336 3290 457 3362 verint,
473 3293 507 3353 et
526 3292 684 3369 quosdam
703 3291 830 3352 carceri
854 3291 1126 3368 mancipaverint,
1182 3289 1273 3362 litor,
1291 3289 1323 3350 et
1337 3287 1499 3349 ubifures
1515 3303 1581 3349 non
1597 3287 1769 3359 effodiunt,
1785 3303 1847 3348 nec
1861 3285 1961 3346 iuran-
2014 3299 2015 3316 ἢ

336 3390 373 3450 tu
399 3388 440 3450 ab
469 3389 518 3448 eis
543 3388 715 3449 humiliter
749 3389 940 3466 requisitus,
968 3389 1004 3449 ut
1029 3404 1130 3466 super
1183 3390 1248 3449 tur.
1266 3389 1433 3463 Rogamus
1445 3384 1549 3462 igitur
1562 3387 1775 3448 serenitatem
1791 3386 1891 3457 tuam,
1904 3398 1959 3444 mo·
2014 3373 2015 3396 ³

337 3486 390 3548 his
417 3486 573 3548 satisfieri
598 3486 736 3558 laceres,
761 3486 986 3563 querimonias
1014 3501 1128 3548 eorum
1183 3499 1298 3545 nemus
1338 3485 1371 3546 et
1407 3483 1620 3546 obsecramus
1652 3483 1685 3544 in
1719 3485 1861 3544 Domino
1893 3483 1959 3544 lesu
2014 3503 2015 3542 1

337 3586 371 3648 et
385 3601 499 3662 preces
523 3584 654 3662 penitus
674 3583 851 3646 obaudisti.
866 3585 1013 3661 Denique
1030 3599 1128 3660 quum
1184 3581 1326 3654 Christo,
1341 3581 1504 3659 qnatenus
1519 3581 1583 3642 hoc
1598 3579 1777 3658 prudenter
1790 3577 1957 3647 attendens,
2014 3641 2015 3646 ,

337 3699 381 3744 ex
397 3685 490 3760 parte
508 3681 700 3759 tualuisset
717 3683 922 3758 propositum
939 3697 1050 3742 coram
1063 3697 1127 3743 no·
1184 3681 1216 3741 et
1230 3679 1386 3758 praelatas
1410 3679 1539 3741 litteras
1556 3679 1686 3740 nostras
1714 3677 1894 3739 secundum
1915 3689 1960 3734 sa-

336 3779 404 3852 bia,
435 3780 520 3857 quod
549 3779 614 3857 ipsi
641 3779 760 3841 iratres
783 3779 946 3841 libertatis
971 3781 1038 3840 tuae
1065 3777 1128 3839 be·
1184 3793 1262 3838 num
1273 3776 1489 3850 intellectum,
1504 3775 1657 3853 superius
1669 3783 1875 3853 expressum,
1886 3772 1961 3834 acci·

337 3878 456 3939 nefloio
472 3893 538 3938 non
554 3877 713 3950 contenti,
730 3876 787 3938 sed
810 3876 936 3953 egressi
954 3875 1037 3937 lines
1053 3891 1131 3953 pos·
1184 3875 1289 3952 piens,
1313 3875 1419 3936 dictos
1446 3873 1567 3936 fratres
1596 3889 1697 3950 super
1722 3874 1815 3935 terra
1839 3875 1889 3951 pie
1905 3868 1959 3931 ate

337 3977 524 4037 sessionum
557 3977 634 4036 ato
658 3975 722 4036 sibi
749 3989 981 4036 concessarum
1006 3973 1129 4036 intuitu
1185 3971 1396 4045 sibidonata,
1418 3971 1458 4033 de
1484 3972 1605 4034 caetero
1630 3987 1697 4032 non
1724 3971 1888 4042 molestes,
1913 3965 1958 4028 sed
2014 4041 2015 4046 ἵ

337 4074 483 4151 pietatis,
494 4071 652 4150 quasdam
662 4088 706 4133 ex
719 4073 785 4133 tuis
798 4071 1063 4150 possessionibus
1073 4087 1131 4133 oc-
1184 4085 1257 4130 eam
1272 4069 1410 4147 pacifice
1424 4069 1487 4130 sibi
1501 4065 1678 4141 dimittens,
1693 4069 1873 4130 secundum
1886 4064 1960 4127 limi·
2014 4069 2015 4106 1

338 4171 517 4248 cuperant3
532 4186 657 4246 nosque
674 4185 731 4246 per
745 4167 873 4232 litteras
888 4171 1019 4234 nostras
1030 4185 1129 4230 man·
1183 4170 1234 4228 tes
1247 4167 1280 4228 in
1296 4167 1471 4244 privilegio
1489 4170 1556 4228 tuae
1577 4165 1766 4228 donationis
1779 4177 1958 4242 expressos3
2014 4177 2015 4246 {

337 4267 545 4330 davissemus
560 4265 696 4338 eisdem,
724 4267 761 4328 ut
785 4283 885 4343 quum
909 4282 966 4328 eos
989 4283 1056 4328 non
1072 4267 1131 4328 de·
1185 4264 1343 4340 praedicto
1354 4265 1464 4326 castro
1474 4264 1524 4325 eis
1540 4263 1643 4325 libere
1653 4263 1820 4335 restituto,
1832 4263 1864 4324 et
1877 4261 1961 4322 satis-
2014 4259 2015 4324 l

338 4368 412 4430 cest
426 4366 584 4428 invadere
599 4365 721 4436 aliena,
739 4365 772 4426 et
788 4364 878 4441 ipsas
902 4363 1130 4440 possessiones
1185 4362 1323 4434 iaciens,
1349 4377 1389 4423 ao
1412 4361 1570 4424 satisfieri
1592 4360 1718 4423 iaciens
1734 4361 1777 4422 de
1799 4360 1921 4422 damnis
1935 4355 1961 4416 et

336 4466 403 4526 tnae
416 4463 605 4526 celsitudini
618 4461 843 4534 restituerent,
866 4461 899 4522 et
921 4461 964 4522 ab
983 4476 1130 4538 occupa·
1185 4459 1318 4539 injuriis
1333 4475 1393 4536 per
1413 4459 1446 4522 te
1460 4476 1499 4521 ec
1517 4457 1592 4522 tuoe
1612 4459 1736 4521 eisdem
1749 4453 1906 4521 hactenus
1918 4455 1960 4516 ir·

335 4563 427 4624 tione
442 4563 584 4624 aliorum
603 4560 765 4622 bonorum
789 4560 921 4621 tuorum
946 4559 986 4620 de
1010 4561 1130 4622 caetero
1184 4559 1328 4634 rogatis;
1345 4563 1393 4618 sic
1417 4573 1485 4630 eos,
1502 4557 1572 4619 tum
1593 4557 1628 4618 in
1642 4557 1718 4618 allis
1736 4556 1878 4633 justitiis
1892 4551 1959 4619 suris,
2014 4569 2015 4596 1

337 4659 561 4734 abstinerent,
577 4661 625 4731 tu,
643 4657 729 4735 quod
742 4657 979 4728 intelleximus,
997 4655 1037 4718 de
1052 4673 1131 4733 pos·
1184 4657 1252 4717 tum
1262 4655 1496 4733 specialiterin
1507 4657 1599 4717 terra
1609 4653 1768 4732 praedicta
1779 4653 1899 4730 regalis
1907 4665 1958 4728 po·

336 4754 543 4817 sessionibus
571 4753 650 4828 illis,
686 4769 768 4833 quas
804 4753 1001 4816 dicebantur
1035 4753 1130 4816 extra
1184 4755 1296 4816 tentiae
1315 4752 1453 4814 brachio
1476 4753 1630 4829 protegas
1645 4755 1678 4814 et
1705 4751 1874 4822 delendas,
1889 4745 1959 4826 quod

336 4865 569 4914 concessarum
584 4853 646 4913 sibi
671 4853 831 4914 terminos
855 4865 1046 4929 occupasse,
1072 4851 1129 4912 ni·
1185 4852 1322 4912 interra
1344 4851 1526 4912 viventium
1550 4851 1678 4927 gratam
1695 4850 1849 4927 recipere
1859 4847 1959 4909 debeas
2014 4847 2015 4924 l

334 4953 409 5013 tens
424 4951 616 5026 retorquere
629 4949 670 5011 ad
685 4950 773 5023 illas,
784 4965 865 5027 quas
882 4949 959 5022 illis,
973 4949 1038 5010 imo
1049 4949 1127 5021 Deo,
1184 4947 1436 5010 retributionem
1451 4964 1471 5008 a
1486 4951 1563 5020 Deo,
1581 4948 1637 5026 qui
1656 4963 1717 5008 nec
1740 4947 1863 5008 bonum
1885 4946 1959 5005 irre·
2014 4945 2015 5020 l

334 5047 390 5126 pia
405 5047 608 5110 liberalitate
619 5045 761 5119 donasti,
776 5049 893 5125 atquae
907 5047 1055 5124 ipsorum
1070 5047 1130 5108 do-
1185 5047 1394 5108 muneratum
1410 5061 1470 5107 nec
1483 5043 1606 5106 malum
1621 5044 1756 5122 aliquod
1773 5044 1894 5106 deserit
1910 5042 1960 5100 im·
2014 5027 2015 5052 ³

333 5161 408 5207 mus
421 5147 507 5218 sunt,
528 5146 568 5207 ad
584 5159 701 5222 preces
716 5145 790 5207 tuas
806 5145 1004 5207 auctoritate
1018 5147 1129 5222 Apos—
1184 5145 1345 5222 punitum.
1362 5145 1467 5205 Porro
1483 5143 1513 5203 si
1535 5159 1652 5205 verum
1666 5145 1718 5204 est
1735 5142 1842 5205 dictos
1857 5141 1958 5202 francs

332 5243 434 5306 tollca
459 5241 674 5315 confirmata,
705 5242 894 5320 praecepisti
918 5243 1063 5314 easdem,
1094 5244 1131 5305 ut
1184 5242 1313 5319 aliquas
1340 5239 1567 5318 possessiones
1591 5241 1666 5302 tuas
1692 5243 1787 5302 extra
1803 5247 1957 5302 concessos

332 5341 442 5402 terras
466 5341 567 5418 ipsas,
597 5339 683 5402 sicut
702 5341 772 5417 jam
797 5339 990 5412 diximus,a
1013 5339 1046 5401 te
1065 5339 1129 5401 sihi
1184 5339 1258 5412 sibi,
1271 5338 1330 5402 tibi
1341 5339 1501 5401 terminos
1512 5353 1703 5414 occupasse,
1716 5338 1878 5408 volumus,
1890 5329 1958 5395 sicut
2014 5341 2015 5426 l

335 5437 474 5499 donatas
490 5438 614 5500 intuitu
634 5437 780 5516 pietatis,
797 5438 830 5498 et
853 5453 872 5498 a
889 5437 974 5498 Sede
989 5419 1130 5513 apostoss
1183 5437 1276 5500 ateis
1292 5435 1532 5508 mandavimus,
1545 5435 1744 5512 perlitteras
1757 5431 1956 5510 supradictas,
2014 5429 2015 5466 l

332 5533 398 5597 lica
413 5535 636 5604 confirmatas,
650 5535 711 5597 tibi
726 5534 883 5596 continuo
905 5535 1126 5610 resignarent,
1184 5539 1220 5598 ut
1230 5534 1290 5597 tihi
1301 5535 1477 5596 restituant
1487 5536 1597 5595 omnia
1609 5549 1682 5610 quae
1693 5534 1790 5594 extra
1801 5533 1888 5610 ipsos
1900 5531 1957 5590 ter·

331 5633 392 5705 eis,
405 5633 471 5694 nisi
486 5634 552 5697 tuae
561 5633 706 5711 jussioni
722 5635 888 5710 parerent,
905 5633 1021 5709 gravia
1037 5647 1129 5694 com·
1183 5635 1290 5694 minos
1301 5625 1543 5710 oocvrpataesse
1558 5631 1745 5694 constiterit
1758 5647 1818 5708 per
1832 5628 1955 5691 eosdem.

331 5730 500 5793 minando.
517 5730 668 5792 Proiecto
690 5747 756 5792 non
781 5731 918 5794 deberes
943 5729 991 5791 sic
1007 5745 1126 5806 prose·
1186 5729 1421 5794 Undedilectis
1435 5730 1513 5792 filiis
1524 5728 1755 5808 debineweld,
1765 5728 1805 5790 de
1814 5721 1956 5796 licronis
