3948 6326
74 389 124 448 613
654 391 883 452 EPISTOLAE.
908 391 986 450 niu.
1010 391 1096 452 VIII.
1637 393 1697 452 ull

73 545 450 624 proprietatcmltcclesiae
458 547 614 610 Romanae
626 549 845 625 suscepimus,
902 548 1092 610 turbatione
1107 547 1295 620 didicimus,
1317 549 1403 626 quod
1420 549 1465 609 ita
1480 549 1516 608 in
1531 548 1697 628 plerisque

72 642 265 705 ethonnullis
274 642 484 705 libertatibus
495 645 685 708 curavimus
699 661 849 707 commu·
902 645 1051 723 partibus
1076 645 1305 707 ecclesIastica
1333 661 1477 707 censura
1502 646 1698 708 dissolvitur

72 741 137 812 niri,
150 740 233 801 sicut
241 740 438 817 Apostolicae
448 741 568 804 litterae
585 757 667 820 quas
682 757 783 821 super
795 743 847 804 hIs
902 745 935 804 et
947 744 1117 805 canonicae
1137 743 1310 805 sentcntIae
1326 744 1488 804 severitas
1505 747 1695 817 enervatur,
1785 800 1788 808 .

72 837 272 899 dilectisdliis
283 839 442 915 magistro
455 839 487 901 et
498 837 657 902 tratribus
665 841 847 918 Hospitalis
903 841 938 901 ut
953 839 1019 901 viri
1032 839 1183 917 religiosi
1199 843 1231 902 et
1251 840 1286 901 hi
1301 841 1445 902 maxime
1459 841 1514 917 qui
1528 855 1587 916 per
1603 841 1697 902 Sedis

72 937 187 996 Sanctae
209 935 323 997 Mariae
347 935 627 999 'theutonicorum
651 936 847 1015 HIerosoly-
901 938 1101 1014 Apostolicee
1133 938 1254 1015 majori
1285 938 1400 999 donati
1436 938 1512 999 sunt
1545 937 1698 1000 libertate

71 1033 183 1104 mitani,
200 1032 341 1094 dominis
356 1033 452 1096 dictae
473 1035 584 1108 terrae,
609 1035 845 1108 concessimus,
902 1035 1056 1111 passima
1071 1033 1341 1097 malefactoribus
1354 1036 1425 1096 suis
1435 1035 1575 1112 injurias
1591 1037 1695 1096 susti-

70 1145 120 1192 vos
143 1129 317 1206 potuerunt
344 1130 475 1207 plonius
505 1131 657 1194 edocere.
674 1133 847 1194 Monemus
902 1133 1004 1195 neant
1036 1134 1069 1194 et
1097 1133 1246 1212 rapinas,
1266 1133 1343 1194 dum
1371 1133 1430 1194 vix
1451 1133 1619 1196 invenitur
1640 1135 1698 1211 qui

70 1227 160 1302 igitur
169 1227 418 1290 universitatem
446 1231 603 1298 vestram,
628 1231 661 1292 et
675 1231 848 1294 hortamur
902 1246 1049 1306 congrua
1067 1230 1141 1292 illis
1163 1231 1369 1308 proteotIone
1385 1230 1569 1302 subveniat,
1587 1233 1619 1292 et
1638 1247 1696 1308 pro

56 1324 99 1394 ¹in
128 1325 273 1392 Domino,
304 1339 364 1403 per
386 1326 578 1403 apostolica
604 1326 698 1389 vobis
724 1328 847 1405 scripta
902 1327 1042 1390 fovenda
1068 1344 1252 1406 pauperum
1285 1329 1476 1390 innocentia
1502 1343 1537 1388 se
1566 1344 1696 1389 murum

70 1421 259 1495 mandantes,
281 1423 456 1501 quatenus,
483 1424 571 1486 sicut
593 1424 751 1486 Ecclesiae
775 1427 845 1488 Ro·
901 1425 1102 1488 detensionIs
1119 1428 1272 1507 opponat.
1300 1427 1495 1505 Specialiter
1512 1427 1622 1488 autem
1642 1417 1710 1488 di-‘

70 1535 163 1580 manao
188 1519 259 1592 filii,
288 1521 450 1598 speciales
478 1522 520 1584 de
547 1523 656 1598 gratia
682 1522 795 1585 nostra
815 1525 847 1586 et
901 1523 994 1585 lectae
1018 1525 1054 1585 in
1073 1523 1204 1586 Christo
1234 1523 1350 1586 filiae...
1383 1523 1552 1586 abbatissa
1580 1525 1613 1585 et
1636 1541 1695 1586 so·

68 1615 168 1677 Iavore
178 1618 359 1690 securi,his
370 1635 443 1697 quas
454 1619 496 1681 ad
510 1619 614 1682 divini
625 1620 770 1682 nominis
780 1620 847 1682 cul·
900 1637 994 1683 rores
1026 1623 1222 1686 monasterii
1250 1623 1291 1684 de
1315 1623 1419 1684 Fonte
1443 1621 1549 1683 beatae
1579 1623 1695 1684 Mariae

70 1715 127 1776 tum
139 1717 170 1776 et
184 1715 411 1779 dilatationem
421 1717 588 1795 pertinent
606 1719 720 1796 populi
732 1718 847 1780 Chris-
902 1719 1134 1782 cisterciensis
1158 1720 1298 1792 ordinis,
1320 1723 1388 1782 tam
1411 1719 1451 1781 de
1468 1719 1695 1798 frequentibus

69 1812 150 1884 tiani,
166 1813 232 1874 tota
254 1813 490 1889 sollicitudine,
516 1817 586 1878 toto
600 1817 708 1878 studi0
732 1817 846 1878 inten-
900 1816 1033 1894 injuriis
1058 1833 1157 1896 quam
1174 1809 1224 1880 ¹de
1248 1817 1321 1895 ipso
1345 1816 1539 1894 quotidiano
1565 1817 1695 1879 deiectu

70 1908 178 1983 dentes,
190 1911 349 1974 intervos
370 1913 510 1976 servetis
529 1913 700 1976 vinculum
723 1915 846 1978 mutuae
896 1913 1036 1992 justitiae
1059 1918 1313 1992 conquerentes
1340 1915 1589 1976 universitatem
1618 1929 1697 1978 ves-

69 2009 247 2072 caritatiset
268 2011 371 2088 pacis,
400 2025 460 2088 per
474 2027 572 2089 quam
594 2011 627 2074 et
651 2028 763 2089 parvae
791 2027 846 2075 ros
901 2015 986 2073 tram
1021 2013 1141 2074 litteris
1178 2013 1345 2090 petierunt
1372 2012 1572 2089 apostolicis
1602 2014 1697 2074 exci-

69 2106 217 2178 crescunt,
244 2109 278 2169 ot
305 2123 435 2184 magnae
465 2109 502 2172 in
526 2121 589 2172 sua
618 2109 845 2186 magnitudine
899 2109 977 2182 tari,
994 2111 1030 2172 ut
1050 2110 1098 2172 ita
1119 2109 1276 2173 videlicet
1294 2111 1343 2171 eis
1366 2109 1402 2170 in
1425 2107 1696 2173 tribulationibus

69 2204 303 2268 conservantur.
320 2207 427 2278 Quum
437 2207 677 2286 autemaliquae
686 2208 775 2270 inter
785 2224 846 2270 vos
901 2207 970 2268 suis
986 2208 1102 2270 contra
1129 2207 1359 2270 malefactores
1381 2207 1529 2284 Ipsarum
1544 2209 1696 2290 prompta

69 2301 252 2378 questiones
282 2305 490 2374 emerserint,
516 2321 589 2382 quae
614 2306 845 2368 auctoritatem
901 2303 1048 2366 debeatis
1076 2305 1351 2381 magnanimitate
1379 2319 1581 2381 consurgere
1608 2305 1694 2385 quod

69 2400 314 2468 ecclesiasticam
348 2402 554 2480 judicIumve
590 2403 775 2481 requirunt,
803 2405 845 2466 ad
900 2401 942 2463 ab
966 2403 1142 2479 angustiis,
1159 2417 1243 2480 quas
1266 2402 1442 2476 sustinent,
1458 2404 1492 2465 et
1516 2403 1694 2481 pressuris,

69 2496 379 2576 archipresbyterum
406 2502 566 2574 vostrum,
596 2516 693 2579 quem
717 2501 759 2564 ad
783 2501 846 2564 hoc
899 2501 1011 2562 vestro
1031 2501 1162 2577 possint
1184 2499 1342 2578 praesidio
1364 2501 1544 2577 respirare.
1552 2499 1696 2578 Ideoque

67 2593 160 2668 ipsum
174 2596 298 2672 praefici
308 2595 459 2670 lecimus,
471 2599 664 2671 recurratis,
684 2601 721 2662 ut
735 2616 847 2678 quaes-
901 2595 1114 2659 universitati
1138 2598 1259 2658 vestrae
1282 2611 1342 2674 per
1362 2595 1553 2674 Apostolica
1572 2599 1695 2675 scripta

67 2689 196 2754 tionibus
209 2694 284 2756 istis
300 2710 359 2771 per
380 2695 638 2758 sollicitudinem
663 2700 735 2774 ejus
759 2713 845 2762 con-

67 2789 176 2862 cordia,
187 2791 358 2867 judiciove
368 2793 486 2870 sopitis
499 2795 607 2870 pauet
619 2794 845 2872 tranquillitas

67 2887 161 2948 vestra
187 2888 406 2952 inconcusssa
428 2891 592 2954 servetur.
627 2891 721 2954 Unde
745 2893 844 2954 volu-

67 2997 139 3056 mus,
154 2985 185 3048 et
198 2986 294 3048 vohis
308 2987 514 3065 injungimus
528 2989 725 3052 auctoritate
740 3005 846 3066 praes-

68 3080 168 3158 cripta,
184 3083 338 3146 uteidem
358 3085 661 3163 archipresbytero,
672 3087 727 3148 cui
738 3087 846 3148 corri-

67 3178 151 3250 gendi
163 3195 320 3244 excessus
329 3183 476 3244 omnium
488 3185 648 3255 vestrum,
661 3185 694 3246 et
715 3185 846 3261 specia-

67 3273 131 3336 liter
156 3277 352 3342 clericorum
381 3281 606 3342 concessimus
635 3281 842 3358 potestatem,

66 3373 206 3450 tanquam
227 3377 355 3452 pastori
380 3378 491 3439 vestro
512 3379 735 3442 reverentiam
759 3395 842 3442 con-

67 3483 168 3542 gruam
198 3473 406 3547 exhibentes,
435 3474 625 3538 salubribus
644 3476 790 3550 monitis,
812 3481 846 3542 et

67 3568 213 3632 mandatis
226 3571 333 3648 ipsius
344 3571 525 3636 intendatis
544 3575 576 3634 et
589 3573 751 3636 obediatis
775 3575 843 3638 hu·

66 3663 219 3730 militaret
240 3669 369 3731 devote.
397 3671 516 3733 Datum
530 3671 699 3744 Laterani,
716 3673 745 3735 V
773 3673 842 3736 hal.

67 3763 144 3837 maii,
160 3773 245 3828 anno
262 3767 392 3828 octavo.

418 4045 476 4132 ud

165 4205 216 4264 Ad
232 4205 407 4278 epscopos
424 4205 719 4280 cameracensem,

90 4299 337 4372 lamecerusem,
354 4301 388 4362 et
403 4303 626 4365 Leodtensem
636 4307 822 4378 episcopos.

323 4431 358 4490 28
377 4432 473 4504 aprilis
489 4433 567 4490 lant.
687 4461 692 4478 ι

105 4549 191 4615 [Fonds
209 4555 320 4614 Moraau,
340 4555 397 4606 IIss.
411 4555 498 4614 latins,
515 4561 534 4605 t.
552 4555 673 4616 dxxxv,
699 4571 726 4624 p.
742 4558 797 4620 ¹2³,

321 4625 443 4676 biblioth.
458 4625 574 4692 Nation]

69 4723 167 4786 Mandat
180 4739 209 4789 ut
224 4731 399 4790 abbatissam
414 4739 443 4790 et
460 4748 573 4791 sorores
592 4733 627 4791 de
643 4737 732 4794 Fonte
751 4735 845 4794 beare

97 4815 192 4888 ilaris,
207 4819 402 4878 cisterciensis
431 4819 546 4889 ordinis,
573 4837 589 4880 a
616 4823 845 4883 molestatoribus

97 4917 141 4973 per
152 4909 474 4967 excommunicationem
489 4907 653 4969 detondant.

101 5029 268 5106 Honorius,
293 5035 368 5106 etc,
406 5035 653 5098 venerabilibus
687 5035 844 5101 tratribus

70 5122 275 5204 tameracen,
288 5133 485 5206 Tornacen.,
502 5133 736 5196 et...Leodien.
754 5137 845 5214 epis-

70 5222 158 5296 copis,
173 5228 207 5288 et
220 5227 351 5292 dilectis
367 5229 444 5290 filiis
462 5230 647 5306 abbatibus,
665 5233 842 5309 prioribus,

71 5313 198 5396 decanis,
215 5327 460 5390 archidiaconis
475 5330 508 5391 et
531 5329 607 5390 aliis
626 5330 844 5392 ecclesiarum

72 5417 211 5494 prataus,
232 5439 291 5500 per
316 5440 431 5487 eorum
460 5426 620 5488 dioeceses
644 5429 842 5502 constitutis,

72 5511 195 5579 salutern
210 5522 243 5582 et
256 5521 481 5600 apostolicam
494 5523 768 5588 benedictionem.

104 5611 169 5676 Non
196 5617 318 5698 absque
341 5619 455 5682 dolore
493 5623 602 5684 cordis
641 5627 675 5686 et
700 5625 844 5702 plurima

900 2694 1096 2756 mandamus
1118 2695 1217 2772 atque
1241 2693 1454 2772 precipimus
1476 2699 1638 2772 quatenus
1657 2695 1696 2756 il·

900 2791 1693 2870 mwmmmfflfflmmm

900 2889 1133 2966 praedictarum
1161 2904 1313 2950 sororum
1337 2890 1390 2951 vel
1418 2889 1588 2952 hominum
1615 2906 1695 2953 suo-

900 2999 973 3046 rum
987 2986 1213 3050 irreverenter
1225 2985 1422 3059 invaserint,
1437 2989 1548 3048 autea
1567 2987 1694 3065 injuste

900 3082 1069 3146 detineant
1080 3099 1153 3160 quae
1167 3083 1335 3161 praedictis
1350 3083 1519 3146 sororibus
1535 3099 1578 3146 ex
1591 3087 1695 3148 testa-

900 3182 1010 3243 mento
1023 3181 1252 3243 decedentium
1267 3181 1513 3258 relinquuntur,
1521 3197 1580 3244 seu
1594 3184 1630 3244 in
1644 3198 1695 3244 so·

899 3293 993 3339 rores
1002 3277 1105 3356 ipsas,
1117 3279 1437 3355 contraApostollcae
1446 3279 1540 3340 Sedis
1552 3279 1692 3353 indulta,

899 3376 1097 3438 sententiam
1119 3377 1484 3450 excommunicationis,
1507 3379 1565 3440 aut
1588 3377 1694 3441 inter·

900 3473 979 3536 dicti
1000 3474 1275 3552 praesumpserint
1287 3472 1510 3550 promulgare,
1527 3476 1581 3536 vel
1602 3476 1695 3538 deci-

900 3587 970 3632 mas
985 3571 1137 3634 laborum
1152 3571 1193 3632 de
1207 3571 1308 3634 terris
1333 3570 1457 3632 habitis
1477 3573 1554 3634 ante
1575 3575 1694 3636 Conci-

898 3669 979 3729 lium
1005 3669 1162 3746 generale
1185 3685 1267 3747 quos
1289 3669 1434 3746 propriis
1457 3669 1610 3731 manibus
1635 3675 1693 3734 aut

899 3767 1083 3845 sumptibus
1111 3765 1279 3838 excolunt,
1317 3781 1377 3826 seu
1400 3765 1612 3829 nutrimentis
1635 3769 1690 3846 ip-

899 3879 1011 3925 sarum
1030 3865 1149 3942 spretis
1173 3863 1483 3941 apostolicaesedis
1505 3865 1691 3942 privilegiis

899 3963 1108 4040 extorquere,
1136 3961 1319 4024 monitione
1345 3961 1528 4038 praemissa,
1552 3963 1581 4024 si
1614 3965 1692 4027 laici

898 4059 1033 4128 luerint,
1051 4059 1185 4136 publice
1206 4057 1355 4120 candelis
1381 4060 1541 4132 accensis,
1559 4076 1695 4124 excom·

899 4157 1133 4220 manicationis
1158 4155 1322 4218 sententia
1347 4157 1547 4232 percellatis,
1564 4159 1593 4220 si
1613 4177 1692 4224 voro

899 4255 1013 4316 clerici
1033 4255 1086 4317 vel
1108 4253 1262 4316 canonici
1276 4254 1450 4331 regulares
1463 4257 1521 4317 aut
1537 4259 1692 4321 monachi

898 4351 1032 4424 lucrInt,
1049 4367 1164 4414 eorum
1179 4351 1404 4429 appellatione
1417 4353 1543 4415 remota
1565 4354 1607 4415 ab
1622 4355 1692 4416 olli·

899 4450 951 4511 cio
970 4453 1004 4511 et
1027 4449 1190 4511 beneflcio
1220 4448 1440 4526 suspendatis,
1459 4451 1610 4512 neutram
1632 4469 1690 4516 re·

899 4547 1045 4610 laxaturi
1067 4547 1269 4610 sententiam
1286 4546 1390 4608 donec
1404 4546 1552 4623 praetatis
1567 4551 1694 4613 sorori-

898 4644 959 4705 bus
979 4645 1129 4721 plenarie
1144 4643 1353 4706 satisfaciant
1371 4645 1405 4706 et
1418 4645 1485 4705 tam
1498 4643 1577 4708 laici
1592 4663 1691 4726 quam

900 4743 1014 4804 clerici
1028 4741 1208 4803 saeculares
1229 4741 1286 4818 qui
1302 4754 1361 4817 pro
1374 4741 1519 4804 violenta
1533 4759 1690 4810 manuum

899 4839 1078 4917 injectIone
1098 4837 1321 4902 anathematis
1338 4837 1472 4900 vinculo
1494 4840 1617 4906 tuerint
1637 4845 1692 4906 in-

899 4937 1024 5010 nodati,
1046 4953 1121 4999 cum
1137 4936 1319 4998 dioecesani
1342 4936 1490 5016 episcopi
1510 4940 1629 5003 litteris
1649 4943 1690 5005 ad

901 5035 1018 5097 Sedem
1043 5035 1267 5112 apostolicam
1294 5035 1477 5107 venientes,
1503 5037 1544 5100 ab
1576 5039 1692 5101 eodem

899 5133 1033 5194 vinculo
1052 5133 1245 5194 mereantur
1259 5131 1397 5194 absolvi.
1412 5132 1515 5194 villas
1531 5137 1640 5197 autem
1656 5137 1691 5198 in

899 5229 1018 5308 quibus
1032 5229 1120 5291 bona
1133 5243 1285 5292 sororum
1300 5230 1533 5306 praedictarum
1550 5232 1604 5293 vel
1625 5234 1691 5297 ho-

900 5328 1025 5388 minum
1038 5327 1185 5405 ipsorum
1196 5341 1256 5404 per
1264 5327 1457 5390 violentiam
1472 5327 1605 5393 detenta
1620 5327 1694 5395 iue-

898 5425 968 5486 rint
990 5425 1148 5502 quamdiu
1166 5425 1213 5486 ibi
1235 5425 1313 5487 sunt
1333 5423 1500 5486 interdIoti
1520 5429 1692 5492 sententiae

901 5523 1108 5600 supponatis.
1121 5522 1239 5584 Datum
1255 5521 1422 5595 Laterani,
1440 5523 1486 5584 111
1497 5523 1563 5585 hal.
1581 5529 1693 5589 martit

900 5620 1004 5700 (sorte
1020 5638 1031 5681 .·
1045 5619 1153 5699 maii),
1170 5617 1350 5696 pontificat.
1368 5619 1473 5681 nostri
1489 5635 1577 5684 anno
1592 5639 1689 5687 nono.
