3948 6326
239 269 295 326 591

236 425 284 486 tio
310 425 503 501 exposuerit
528 424 751 511 semetipsum,
783 440 844 486 nec
870 425 1028 486 debemus

238 521 364 592 deesse,
380 538 440 582 nec
452 523 614 593 volumus,
631 538 776 598 congrue
798 521 977 591 deseretur,
994 520 1027 580 id

239 618 335 680 nobis
352 634 416 679 non
433 619 570 681 differas
589 620 755 691 intimare,
781 620 818 679 ut
832 620 861 678 si
883 617 1028 678 cumbet

239 717 273 776 et
285 716 441 778 Ecclesiae
454 717 580 779 honore
593 716 625 776 id
641 716 714 776 fieri
726 730 822 792 posse
834 715 1026 786 viderimus,

238 829 414 891 parcamus
436 813 617 889 dispendiis
634 829 745 874 rerum
766 814 799 873 et
812 827 1028 888 personarum

237 1007 441 1082 benignitate
454 1008 633 1083 provisum,
651 1007 801 1067 videmus
812 1006 922 1066 exhoc
932 1021 1029 1080 nego·

236 1103 573 1171 tioiinminere‚aead
584 1102 1029 1164 TerroeSanctaesuhsidium
1047 1133 1052 1144 ·

237 1199 376 1260 liberius
391 1200 562 1261 intendere
578 1201 759 1260 valeamus.

278 1297 420 1373 Ideoque
436 1313 494 1374 per
510 1297 699 1373 Apostoliea
715 1295 775 1357 tihi
791 1295 913 1372 scripta
929 1311 1028 1356 man-

237 1391 354 1452 damus
369 1393 543 1469 quatenus,
560 1407 634 1454 cum
655 1391 831 1467 prudentia
845 1392 902 1452 tua
917 1389 1029 1451 excel-

238 1487 345 1549 lenter
375 1489 409 1548 in
443 1488 632 1565 hujusmodi
667 1487 830 1566 principio
861 1487 1027 1558 enituerit,

274 1636 314 1710 (l)
333 1639 400 1707 Quae
420 1637 455 1695 ad
477 1637 684 1694 conciliandam
708 1638 842 1694 hmalrici
861 1637 897 1692 de
918 1637 1026 1694 Monte·

238 1706 301 1765 sorti
315 1725 414 1781 pacem
430 1724 494 1764 cuni
513 1707 670 1764 haimnndo
683 1709 822 1764 Tolosano
838 1707 938 1779 egerit,
952 1722 1031 1762 nian-

237 1779 303 1836 dato
316 1780 419 1835 sitiiimi
435 1779 579 1836 Pontificis
591 1779 783 1835 Narbonensis
799 1778 1030 1850 archiepiscopus

236 1851 408 1906 luculentam
425 1857 452 1906 et
467 1851 591 1920 amplam
607 1848 641 1904 ad
658 1863 755 1920 regem
769 1847 941 1906 ludovicum
954 1851 1032 1904 misit

236 1921 439 1986 narrationem,
454 1935 539 1991 quain
554 1919 682 1990 vulgavit
703 1922 735 1976 b.
753 1920 920 1989 Vaissetius,
934 1925 954 1974 t.
978 1921 1029 1986 lll,

238 1991 565 2130 pagerffiiqsgitiisieoq'atque
581 2060 708 2132 piissimo
724 2057 805 2126 Lud,
823 2059 874 2115 Dei
891 2059 982 2140 gratia
1000 2057 1030 2113 il-

236 2133 318 2188 lustri
339 2133 513 2188 Francorum
534 2131 605 2200 regi,
626 2128 767 2186 Arnaidus
786 2130 973 2200 permissione
986 2126 1028 2183 di·

237 2203 304 2258 vina
320 2201 514 2257 Narbonensis
526 2201 765 2272 archiepiscopus.
778 2208 807 2255 et
816 2200 1030 2267 Nemausensis,

237 2272 393 2338 Uticensis,
422 2269 591 2326 biterrensis
620 2277 649 2326 et
679 2268 853 2342 Agathensis
886 2269 1031 2341 episcopi,

238 2343 395 2398 salutemet
405 2355 538 2411 spensam
550 2340 652 2398 Christi
663 2341 690 2396 iii
702 2356 753 2396 suo
765 2355 855 2412 regno
865 2349 1030 2396 moeieiitcm

239 2412 300 2469 suis
315 2412 427 2468 auxiliis
442 2412 575 2467 velociter
590 2411 740 2467 consolari.

275 2483 345 2540 Cum
362 2482 463 2537 nobilis
472 2483 618 2537 vircemes
627 2479 810 2538 Montistortis
820 2478 855 2536 ad
866 2493 1031 2536 succursum

240 2553 423 2610 Carcassenae
446 2552 572 2608 obsessae
594 2565 659 2608 cum
685 2551 779 2607 multis
803 2551 937 2608 militibus
960 2551 1031 2606 ultra

239 2627 390 2678 numerum
413 2636 496 2694 quem
521 2621 661 2678 adducere
683 2629 877 2693 proposuerat,
898 2621 1031 2692 quoniam

239 2691 369 2763 campale
392 2691 496 2749 bellum
521 2692 650 2748 invenire
670 2691 813 2759 crcdcbat,
833 2692 958 2747 venisset
979 2689 1034 2747 hoe

241 2776 316 2820 anno
332 2763 436 2834 (lsai),
455 2777 547 2832 neque
564 2763 678 2827 bellum,
699 2765 772 2818 sicut
791 2761 932 2832 sperabat,
951 2763 1030 2818 inve·

240 2833 323 2901 uerit,
336 2835 396 2959 isse
411 2832 587 2889 obsidionem
603 2833 728 2904 posuerit
739 2832 855 2889 viriliter
866 2839 894 2890 et
905 2839 1033 2904 potenter

240 2904 269 2959 iii
284 2919 338 2974 qua
362 2917 407 2959 am
423 2905 486 2960 vitta
505 2903 577 2969 torti,
592 2903 638 2958 ubi
652 2902 731 2960 multi
747 2910 940 2960 convenerant
955 2903 1033 2975 pacis

241 2980 270 3031 et
290 2973 355 3030 tidei
382 2974 498 3034 inimici.
522 2973 668 3030 conlidens
687 2971 722 3029 de
747 2973 820 3029 itlius
839 2973 1032 3030 misericordia

241 3046 289 3116 qui
306 3060 355 3116 per
370 3058 449 3099 cuam
472 3046 627 3114 potentiam
643 3043 791 3100 humilium
814 3051 894 3100 actus
914 3059 1031 3116 prospe·

242 3123 296 3180 rat,
310 3122 338 3170 ct
352 3115 536 3185 superborum
550 3114 621 3169 colla
636 3114 747 3187 propria
760 3115 861 3170 virtute
875 3115 1032 3181 conculcat,

242 3193 270 3240 et
284 3184 405 3240 credens
419 3183 512 3240 iacere
528 3199 577 3266 per
592 3181 666 3254 quod
681 3182 781 3240 Christi
800 3186 945 3255 negotium
963 3199 1031 3239 con-

242 3255 401 3311 valesceret
419 3262 446 3308 et
461 3261 618 3325 susciperet
636 3255 858 3323 incrementuni3
873 3255 933 3322 sed,
952 3255 1031 3310 inva-

242 3327 369 3382 lescente
382 3327 456 3379 aeris
470 3325 636 3394 intemperie
647 3331 674 3379 et
685 3324 843 3395 pluviarum
856 3323 1034 3393 inundantia,

244 3403 272 3451 et
287 3393 428 3466 praecipue
450 3394 613 3451 victualium
634 3393 739 3465 inopia,
757 3395 844 3450 imino
866 3393 941 3451 lame
962 3397 1032 3452 vali-

244 3465 360 3522 dissiina
384 3467 569 3532 increscente,
585 3472 683 3522 contra
707 3466 800 3536 ipsum
822 3472 850 3521 et
873 3480 940 3522 suos
966 3465 1035 3522 nihil

243 3537 362 3592 omnino
377 3533 470 3592 iacere
492 3538 590 3606 potuit,
608 3535 671 3607 quia
692 3537 787 3592 omnia
803 3543 894 3592 castra
912 3544 940 3593 et
956 3537 1036 3593 villas

243 3615 340 3663 eontra
358 3607 449 3678 ipsuni
464 3607 587 3663 munitas
599 3606 716 3672 invenit,
729 3621 779 3679 pro
792 3619 826 3662 eo
841 3605 916 3677 quod
927 3607 1035 3663 eisdem

243 3677 367 3734 inimicis
389 3676 552 3733 mandatum
580 3677 671 3734 suerat
693 3676 729 3734 de
751 3677 879 3745 Francia,
905 3684 934 3733 ut
961 3675 1034 3734 tama

244 3755 315 3816 erat,
338 3747 412 3818 quod
437 3748 540 3804 milites
560 3747 607 3803 diii
633 3762 689 3803 non
713 3754 821 3819 poterat
847 3748 987 3815 retinere;
1008 3757 1036 3805 et

244 3834 309 3876 eum
321 3818 356 3874 de
368 3818 515 3874 obsidione
528 3826 670 3889 oporteret
685 3818 827 3887 recedere,
840 3818 924 3875 vellet
939 3820 1033 3886 nollet,

245 3891 449 3947 Carcassoiiam
463 3889 585 3945 intravit.
599 3891 633 3946 Et
643 3903 708 3945 cuin
724 3904 777 3944 nec
788 3890 859 3960 ipse,
870 3903 923 3944 nec
933 3890 1036 3946 milites

245 3961 371 4031 quicum
388 3973 422 4013 eo
437 3967 584 4024 venerant,
601 3968 715 4040 propter
732 3973 919 4030 expensarum
940 3959 1032 4016 deice·

245 4039 305 4087 tum
320 4036 349 4084 et
362 4029 480 4084 nimiam
497 4031 657 4086 victualium
673 4031 798 4102 inopiam
815 4037 931 4101 possent
945 4031 1034 4103 ipsam

245 4101 389 4158 civitatem
413 4099 554 4156 custodire
583 4100 700 4157 ulterius
729 4108 827 4157 contra
856 4099 961 4162 hostes,
993 4101 1036 4156 vel

245 4183 394 4226 remanere
417 4169 445 4225 in
468 4176 551 4237 terra,
573 4170 607 4226 ad
629 4185 726 4242 preces
750 4171 838 4241 ipsius
861 4171 973 4227 comitis
1001 4171 1036 4226 ad

244 4251 376 4312 treugam
393 4239 515 4310 aliquam
530 4241 575 4295 vel
587 4255 696 4312 pacem,
709 4241 772 4310 quia
787 4239 861 4298 aliud
873 4240 966 4296 iacere
979 4255 1035 4297 non

245 4319 364 4384 poterat,
390 4311 578 4381 interipsum
603 4317 630 4366 et
656 4311 774 4367 comites
799 4313 830 4368 li.
853 4311 988 4382 juvenem
1009 4319 1037 4368 et

245 4385 404 4440 Nuxensem
419 4397 475 4452 ego
490 4381 722 4452 archiepiscopus
738 4388 766 4436 et
782 4381 869 4438 abbas
888 4381 1037 4438 Fontisiri-

244 4452 303 4526 gidi
324 4453 544 4524 interposuimus
564 4458 658 4522 partes
679 4458 791 4508 nostras
809 4451 1036 4525 :propterquod

244 4524 397 4595 sopradicti
410 4523 535 4594 episcopi
551 4536 566 4578 a
583 4537 629 4578 me
644 4521 820 4593 archiepisco
835 4537 859 4579 o
872 4522 1036 4587 festinanter

244 4595 336 4650 vocati
353 4591 473 4660 luerunt,
484 4601 589 4650 etcum
602 4594 726 4663 ipsorum
740 4538 858 4649 consifio
872 4592 907 4649 de
922 4601 1035 4664 treuga,

242 4673 273 4722 ut
287 4665 392 4720 dictum
406 4671 458 4730 est,
476 4670 652 4732 tractaretur,
669 4663 713 4718 vel
729 4678 809 4734 pace.

277 4735 392 4791 interim
402 4748 468 4788 vcro
476 4733 600 4804 praedicti
613 4733 850 4805 comitesjuvenis
860 4741 888 4791 et
899 4733 1036 4790 Forensis

242 4819 306 4862 eum
321 4802 405 4859 nobili
415 4805 475 4859 viro
485 4802 654 4877 A[imerico]
667 4805 833 4860 vicecomite
844 4803 1034 4872 Narbonensi,

242 4874 324 4932 nobis
339 4874 539 4940 nescientibus,
554 4875 583 4931 in
598 4873 724 4930 fraudem
735 4884 762 4930 et
775 4875 869 4931 dolum
884 4876 968 4931 locuti
979 4875 1035 4932 hic·

242 4953 316 5012 runt,
328 4945 473 5001 intantum
485 4945 559 5015 quod
573 4946 670 5002 comiti
679 4945 776 5016 juveni
790 4945 951 5002 fidelitatem
961 4945 1034 5017 jura·

242 5018 283 5076 vit
299 5023 328 5073 et
346 5015 504 5072 hominium
547 5030 577 5070 ro
595 5013 709 5080 ducatu,
727 5017 894 5085 promittens
918 5015 1034 5072 tirmiter

241 5090 316 5161 quod
328 5086 458 5143 redderet
469 5087 495 5142 ei
533 5085 679 5142 arbonam.
689 5085 768 5154 Quod
782 5101 845 5142 cum
858 5085 892 5142 ad
904 5086 1033 5143 notitiam

241 5161 298 5218 mei
323 5157 529 5228 archiepiscopi
557 5156 744 5226 pervenisset,
769 5155 911 5212 civitatem
941 5158 1032 5228 ipsam

240 5231 303 5287 sine
316 5243 393 5285 moia
410 5229 521 5284 intravi.
534 5225 696 5296 tactumque
709 5231 753 5280 cst
767 5227 951 5298 pergratiam
966 5229 1031 5284 iesu

240 5301 356 5366 Christi,
380 5298 538 5355 ministerio
564 5311 629 5351 meo
653 5303 682 5353 et
707 5296 853 5376 diligentia
880 5297 1031 5368 proborum

240 5371 386 5428 hominum
402 5369 438 5426 de
455 5368 530 5434 villa,
546 5366 649 5438 quibus
671 5365 745 5438 quod
758 5376 907 5494 duraverat
922 5375 950 5424 et
966 5383 1029 5439 pro·

239 5441 396 5498 miseratA.
408 5441 568 5496 vicecomes
588 5438 738 5508 plurimum
779 5437 934 5509 ispticcbat,
958 5438 1031 5509 qnod

239 5511 383 5585 saepedicti
398 5510 516 5566 comites
532 5509 621 5564 etalii
644 5506 732 5564 faiditi
753 5508 915 5579 predictam
931 5509 1029 5565 civita-

239 5599 287 5640 cin
309 5581 427 5639 minime
449 5577 601 5636 habebunt.
620 5580 653 5636 Et
668 5593 732 5635 cuin
750 5585 1032 5636 memoratuscomes

851 265 1026 328 tichonii
1049 266 1094 326 ΙΙΙ
1115 265 1263 325 OPERA.

1813 265 1876 324 592
1969 219 1970 224 Ν

1083 423 1258 498 experiens
1273 423 1302 481 si
1317 420 1402 482 torte
1423 421 1537 484 divina
1560 421 1778 498 providentia,
1799 438 1876 498 quse

1082 521 1116 580 in
1142 519 1317 580 sacrificiis
1333 518 1483 596 praecipit
1503 520 1646 595 caputet
1666 519 1876 582 caudamof-
1969 515 1970 588 ξ

1084 616 1176 686 iarn,
1194 617 1228 675 in
1242 616 1430 691 hujusmodl
1447 617 1571 691 negotii
1587 615 1652 676 aaa
1668 616 1878 676 veiitminie
1969 597 1970 686 ζ

1083 713 1168 774 terio
1183 713 1248 773 tuae
1264 712 1498 774 sollicitudinis
1509 713 1567 784 uti,
1585 713 1876 789 superpraemissis
1969 711 1970 722 ¹

1084 810 1230 871 studiose
1246 811 1367 870 tractes
1393 825 1466 870 euin
1481 810 1583 871 nobili
1600 813 1792 880 memerato,
1810 809 1876 870 ad·
1969 861 1970 886 ᾗ

239 910 397 986 periculis
426 926 509 986 quas.
534 910 600 970 nisi
629 911 727 971 aliter
751 908 853 970 suerit
873 925 893 969 a
916 909 1028 970 divina
1079 907 1206 984 junctis
1223 907 1284 968 tihi
1299 906 1465 984 aliquibus
1484 923 1526 967 ex
1547 907 1712 983 episeopis
1733 905 1877 967 Provin-
1969 951 1970 970 i

1084 1003 1156 1076 eice,
1168 1004 1330 1066 sivideris
1343 1003 1565 1080 expedire;et
1577 1005 1606 1063 si
1621 1019 1697 1064 eum
1710 1003 1877 1064 veraciter
1969 1009 1970 1062 ζ

1084 1102 1205 1162 otlerre
1220 1101 1434 1178 conspexeris
1443 1117 1515 1178 quae
1525 1100 1567 1162 ab
1581 1099 1770 1177 apostolica
1792 1099 1877 1160 Sede
1969 1117 1970 1174 ς

1084 1199 1291 1277 sintmerito
1316 1198 1529 1274 acceptanda,
1553 1198 1595 1259 ad
1609 1199 1719 1274 ipsum
1731 1197 1878 1272 legatum

1083 1295 1280 1358 festinanter
1294 1295 1444 1368 accedas,
1456 1297 1488 1357 ct
1498 1311 1571 1373 quae
1582 1295 1752 1356 inveneris
1765 1294 1878 1354 sibiae
1969 1327 1970 1392 ]

1084 1393 1221 1470 praelate
1236 1394 1305 1468 regi
1321 1392 1463 1454 tideliter
1477 1408 1517 1454 ac
1528 1393 1705 1467 diligenter
1715 1406 1876 1468 exponas,

1084 1503 1123 1550 ac
1143 1489 1237 1550 nobis
1259 1490 1358 1550 etiam
1387 1505 1454 1551 non
1477 1489 1611 1551 differas
1640 1488 1797 1550 intimare
1813 1487 1876 1566 (1),
1969 1531 1970 1536 κ

1085 1636 1281 1708 blentisiortis,
1305 1639 1351 1709 qui
1375 1646 1443 1694 tunc
1463 1645 1524 1695 crat
1548 1637 1648 1720 [apud]
1673 1637 1879 1696 carcassonam
1969 1619 1970 1698 i

1084 1723 1148 1765 cuiii
1169 1710 1237 1776 suis,
1258 1707 1294 1765 ad
1313 1709 1419 1765 multos
1440 1708 1559 1765 nuncios
1582 1723 1637 1766 mei
1659 1707 1877 1782 archiepiscopi,
1969 1705 1970 1780 j

1084 1787 1112 1834 ct
1132 1778 1240 1835 litteras
1256 1793 1328 1860 quas
1342 1780 1368 1835 ei
1383 1779 1486 1836 devote
1504 1779 1666 1851 frequenter
1687 1778 1792 1846 direxi,
1813 1794 1879 1835 cem
1969 1827 1970 1840 ,

1085 1849 1219 1905 militibus
1230 1863 1289 1905 suis
1303 1849 1435 1906 eamdem
1449 1849 1611 1906 Narbonem
1627 1849 1761 1916 venisset,
1779 1849 1875 1920 probi·

1085 1919 1169 1976 bento
1184 1919 1337 1990 saepedicto
1354 1919 1531 1988 vicecomite,
1551 1933 1600 1990 per
1614 1918 1730 1976 biduum
1745 1933 1802 1974 non
1826 1918 1879 1975 iiiit

1086 1991 1157 2045 intra
1180 1991 1342 2048 Narbonam
1363 1997 1503 2060 receptus.
1520 1988 1702 2047 Postmodum
1724 1995 1819 2045 tamen
1844 1989 1879 2046 ad
1969 1983 1970 2038 i

1085 2061 1250 2116 instantiam
1273 2060 1329 2117 mei
1349 2059 1554 2132 archiepiscopi
1569 2066 1598 2116 et
1611 2059 1749 2115 dictorum
1766 2061 1877 2131 episco-

1084 2145 1186 2212 porum
1212 2137 1241 2212 et
1257 2131 1415 2256 Ιἓνοῠρνυιη
1439 2129 1599 2212 hominum,
1622 2129 1786 2187 Narbonem
1809 2146 1876 2186 cnm

1086 2217 1146 2256 suis
1156 2199 1264 2257 homini
1285 2215 1318 2256 us
1334 2207 1467 2258 introivit.
1487 2203 1528 2257 Ex
1541 2208 1607 2257 tuiic
1621 2215 1686 2257 cum
1701 2215 1758 2272 ego
1773 2207 1801 2255 et
1817 2215 1877 2256 me·

1087 2273 1187 2328 morati
1213 2271 1338 2342 episcopi
1364 2277 1393 2326 et
1417 2272 1510 2328 clerus
1535 2271 1624 2343 ipsius
1646 2271 1719 2326 villae
1741 2271 1880 2341 coepimus
1969 2303 1970 2356 ἶ

1086 2342 1228 2423 inquirere
1262 2341 1413 2413 diiigenter
1447 2348 1540 2398 utrum
1572 2341 1722 2422 pecuniam
1755 2343 1880 2412 aliquam

1087 2413 1215 2468 invenire
1239 2425 1398 2483 possemus,
1425 2427 1475 2482 per
1497 2425 1582 2483 quain
1604 2412 1707 2468 civitas
1727 2413 1877 2470 Carcasso·

1087 2484 1183 2538 nensis
1195 2481 1330 2538 custodiri
1341 2481 1457 2549 valeret,
1469 2488 1497 2537 et
1509 2497 1606 2538 coines
1619 2481 1755 2552 usquead
1771 2481 1879 2538 Pascha
1969 2499 1970 2548 ξ

1087 2553 1130 2608 vel
1147 2567 1196 2624 per
1208 2551 1322 2624 aliquod
1338 2559 1451 2623 tempus
1473 2567 1536 2608 vum
1559 2550 1694 2609 militibus
1708 2560 1879 2608 remaneret.
1969 2563 1970 2626 ἦ

1088 2623 1166 2680 Licet
1180 2624 1266 2695 igilur
1280 2637 1415 2694 personas
1428 2631 1539 2678 nostras
1552 2621 1689 2678 vellemus
1700 2622 1730 2676 in
1744 2621 1880 2694 hostagio
1969 2627 1970 2664 i

1087 2700 1115 2749 et
1130 2694 1326 2764 possessiones
1341 2693 1453 2765 pigriori
1465 2693 1604 2764 obligare,
1618 2690 1779 2764 praestando
1794 2695 1878 2749 etiam
1969 2743 1970 2766 ,

1089 2764 1159 2821 alias
1182 2765 1329 2821 cautiones
1354 2771 1382 2819 et
1405 2763 1571 2818 securitates
1595 2777 1646 2835 pro
1672 2765 1792 2835 pecunia
1820 2766 1879 2834 ipsa

1087 2834 1879 2906 creditoribusqeascamqueposssemiis,sicquoerenies
1969 2839 1970 2886 i

1088 2912 1216 2960 mutuum
1231 2919 1285 2960 non
1304 2905 1444 2974 potuimus
1456 2905 1589 2975 reperire.
1602 2904 1736 2960 Similiter
1750 2911 1778 2960 ct
1791 2903 1880 2959 dictus
1969 2897 1970 2964 l

1088 2989 1185 3033 coines
1200 2973 1384 3031 llontisiortis
1399 2975 1530 3044 exposuit
1540 2980 1644 3029 terrain
1654 2987 1736 3030 suam
1749 2973 1785 3030 dc
1797 2977 1883 3030 Frau-

1088 3047 1142 3112 cia,
1158 3052 1187 3100 et
1202 3059 1351 3116 personam
1368 3044 1480 3116 pignori
1499 3042 1695 3116 obligandam,
1710 3051 1740 3100 ut
1755 3043 1790 3100 ad
1814 3045 1878 3100 reti·
1969 3043 1970 3108 ζ

1089 3113 1198 3172 nendos
1216 3115 1319 3171 mihies
1338 3129 1409 3186 qnos
1428 3114 1486 3186 jam
1507 3129 1557 3186 per
1578 3115 1684 3186 aliquot
1707 3115 1880 3186 septimanas
1969 3115 1970 3190 i

1089 3199 1173 3256 super
1184 3185 1220 3240 im
1226 3185 1422 3256 pignoratione
1434 3192 1515 3240 terrie
1526 3199 1584 3241 siioe
1598 3201 1646 3256 pro
1657 3185 1746 3242 trihus
1758 3185 1880 3240 millibus
1969 3193 1970 3230 1

1088 3256 1223 3312 librarum
1249 3255 1413 3322 retinuerat,
1440 3265 1470 3310 ut
1495 3254 1616 3324 dicebat,
1644 3263 1740 3327 posset
1767 3254 1880 3328 aliquod
1969 3267 1970 3292 ³

1089 3327 1240 3383 consilium
1267 3325 1417 3394 adhibere3
1445 3332 1474 3380 et
1502 3325 1618 3397 insuper
1646 3326 1783 3382 atterebat
1805 3325 1880 3397 quod
1969 3331 1970 3390 ζ

1090 3397 1167 3454 solus
1176 3403 1334 3452 remaneret
1344 3398 1366 3453 N
1371 3396 1495 3462 arbonae,
1506 3397 1636 3468 quamvis
1647 3398 1693 3452 alii
1705 3394 1879 3460 recederent,
1969 3397 1970 3466 ,

1090 3467 1156 3524 dum
1178 3473 1273 3523 tamen
1291 3467 1382 3538 ipsum
1398 3467 1476 3522 cives
1491 3467 1518 3521 in
1534 3481 1584 3522 sua
1601 3464 1656 3522 tide
1671 3467 1842 3538 reprerent,
1855 3475 1881 3521 ct
1969 3471 1970 3500 i

1091 3538 1181 3594 dictus
1205 3539 1239 3593 A.
1265 3538 1435 3603 vicecomes,
1460 3537 1508 3606 qui
1532 3543 1575 3592 est
1596 3537 1725 3608 capitalis
1748 3537 1880 3593 iuimicus

1090 3608 1161 3682 ejus,
1178 3608 1319 3664 civitatem
1334 3622 1390 3662 non
1406 3606 1523 3662 iiitiaret
1537 3621 1602 3662 cum
1615 3608 1686 3679 ipso.
1969 3609 1970 3672 i

1126 3681 1160 3734 Et
1175 3678 1238 3749 quia
1256 3677 1341 3733 nimia
1362 3677 1442 3732 ruiiia
1463 3675 1549 3732 nimis
1569 3678 1666 3748 paucis
1688 3677 1815 3749 reliquiis
1835 3691 1878 3733 ee·
1969 3683 1970 3744 ἢ

1089 3749 1183 3806 clesiae
1194 3765 1256 3820 quse
1268 3749 1295 3803 iii
1312 3748 1415 3802 nostris
1427 3747 1554 3818 partibus
1566 3757 1771 3815 remanserant,
1785 3750 1878 3806 immi·
1969 3755 1970 3822 g

1091 3819 1190 3886 nebat,
1219 3827 1247 3874 et
1278 3817 1446 3888 saepedictus
1475 3831 1572 3872 coines
1605 3816 1788 3876 lioiitisiortis
1823 3820 1880 3874 sine
1969 3829 1970 3878 ἱ

1091 3904 1197 3961 magno
1218 3887 1382 3945 discrimine
1410 3887 1487 3942 exire
1519 3902 1575 3942 non
1610 3895 1719 3958 poterat
1743 3889 1779 3945 de
1807 3897 1880 3946 terra
1969 3893 1970 3914 t

1092 3967 1204 4032 propter
1217 3957 1425 4015 multitudinem
1439 3956 1587 4013 mulierum
1599 3965 1626 4014 et
1638 3957 1820 4030 parvulorum
1835 3959 1881 4030 qui
1969 3969 1970 3994 ³

1091 4029 1298 4086 coiiiitabaetur
1317 4043 1382 4084 ciim
1402 4043 1446 4094 co,
1462 4035 1490 4084 ei
1506 4029 1570 4098 quia
1585 4036 1654 4085 tunc
1672 4031 1809 4100 temporis
1830 4030 1878 4086 tlu-

1092 4102 1166 4156 inina
1184 4115 1239 4156 iion
1256 4105 1385 4172 poterant
1406 4098 1593 4166 transvadari,
1617 4114 1669 4154 nee
1691 4109 1788 4170 posset
1807 4100 1881 4157 idem

1090 4187 1188 4226 coines
1204 4185 1268 4226 cnm
1282 4169 1350 4234 suis,
1364 4167 1577 4240 prohibentibus
1590 4167 1717 4225 hostibus
1731 4169 1779 4240 qui
1795 4177 1879 4227 totam
1969 4201 1970 4234 2

1092 4239 1149 4296 iere
1172 4249 1275 4296 terrain
1299 4245 1517 4311 occupaverant,
1540 4240 1670 4295 victualia
1696 4239 1881 4307 invenirc,dc
1969 4257 1970 4310 ἢ

1090 4312 1209 4368 consilio
1227 4309 1424 4382 praedietorum
1445 4311 1642 4381 episcoporum
1659 4315 1687 4365 et
1701 4313 1820 4382 capituli
1835 4325 1878 4366 cc·
1969 4313 1970 4370 Ῐ

1091 4382 1184 4439 clesiae
1200 4381 1402 4446 Narbonensis,
1418 4395 1475 4451 ego
1492 4380 1525 4436 Α.
1547 4378 1778 4452 archiepiscopus
1797 4395 1880 4438 unam
1969 4387 1970 4440 ζ

1090 4451 1125 4507 de
1142 4451 1305 4510 melioribus
1317 4448 1544 4522 possessionibus
1559 4451 1640 4518 meis,
1655 4463 1738 4521 quam
1754 4459 1881 4523 tempore

1091 4521 1342 4579 administrationis
1355 4535 1426 4576 meis
1443 4521 1630 4591 acquisieram
1642 4535 1693 4591 pro
1706 4522 1809 4592 viginti
1822 4521 1879 4578 mil·
1969 4519 1970 4576 ἶ

1091 4593 1163 4649 tibiis
1181 4593 1345 4658 solidorum,
1362 4591 1498 4673 obligavi,
1514 4598 1542 4646 et
1557 4605 1595 4648 ex
1609 4591 1663 4647 alia
1686 4599 1765 4662 parte
1786 4599 1879 4648 mutuo
1969 4631 1970 4634 ,

1090 4662 1226 4720 ducentas
1237 4663 1321 4719 libras
1332 4676 1440 4733 accepi,
1453 4659 1612 4718 molendina
1627 4676 1690 4718 mea
1704 4669 1731 4718 et
1742 4662 1877 4743 quasdam

1091 4734 1160 4790 alias
1175 4734 1371 4804 possessiones
1395 4746 1445 4857 Bm
1469 4739 1583 4787 centum
1606 4732 1683 4788 libris
1698 4731 1879 4789 nihilominus
1969 4761 1970 4798 5

1090 4805 1152 4860 aliis
1173 4803 1358 4860 creditoribus
1376 4819 1395 4858 o
1414 4801 1529 4874 ligando
1541 4817 1551 4860 2
1563 4817 1648 4872 quain
1664 4804 1816 4874 pecuniam
1838 4809 1876 4859 io·
1969 4853 1970 4862 ,

1090 4881 1147 4930 tam
1160 4875 1214 4946 ipsi
1224 4873 1320 4930 comiti
1332 4881 1359 4929 et
1369 4873 1403 4929 sti
1427 4871 1561 4943 endiariis
1572 4875 1631 4930 suis
1640 4872 1715 4940 dedi,
1727 4881 1757 4930 ut
1767 4871 1877 4941 exinde,
1969 4889 1970 4900 ¹

1333 4952 1381 5000 uot
1416 4945 1466 5003 ies.
1484 4951 1599 5014 possent
1621 4944 1650 4999 in
1669 4951 1742 5000 terra
1764 4942 1876 5004 morari.
1969 4959 1970 4976 ³

1089 4945 1188 5001 saltem
1206 4960 1255 5027 per
1274 4945 1330 5070 aliq
1554 5014 1559 5024 ι

1088 5023 1115 5072 ct
1131 5017 1242 5071 interim
1256 5013 1291 5070 ad
1306 5029 1320 5070 a
1334 5015 1428 5086 iqiiam
1445 5015 1647 5070 relevationem
1663 5014 1771 5086 negotii
1786 5019 1878 5087 posset

1088 5085 1201 5158 aliquod
1217 5084 1371 5142 remedium
1388 5085 1519 5140 inveniri.
1969 5087 1970 5094 ³

1123 5159 1261 5212 Praeterea
1278 5171 1342 5212 ciim
1357 5161 1514 5212 meinorato
1529 5155 1561 5210 A.
1576 5155 1679 5211 comite
1694 5153 1876 5212 blentisiertis

1087 5233 1115 5283 et
1138 5225 1329 5297 stipendiariis
1357 5225 1493 5281 militibus
1517 5238 1572 5296 ego
1596 5225 1828 5297 archiepiscopus
1851 5232 1877 5281 ct

1088 5297 1235 5353 memorati
1276 5297 1401 5376 episcopi
1440 5297 1644 5352 Carcassonam
1688 5298 1875 5378 perreximus,
1969 5303 1970 5344 ῑ

1087 5366 1179 5424 daturi
1192 5381 1318 5438 operam,
1335 5382 1358 5422 si
1372 5381 1522 5491 possemus
1537 5367 1629 5492 aliqua
1643 5374 1762 5433 ratione,
1775 5374 1806 5423 ut
1820 5381 1877 5439 pos·

1087 5445 1130 5496 set
1143 5453 1232 5509 iisque
1249 5436 1283 5492 ad
1300 5439 1370 5492 Pasc

1087 5508 1150 5576 diri,
1174 5508 1223 5564 iibi
1251 5508 1353 5564 iterum
1379 5505 1471 5562 dictus
1497 5520 1593 5562 comes
1621 5503 1820 5574 llontisiortis,
1843 5506 1875 5562 dc
1969 5531 1970 5534 ¹

1086 5579 1325 5636 exterminatione
1350 5577 1458 5650 negotii
1481 5577 1567 5634 tristis
1583 5583 1611 5633 et
1626 5575 1734 5646 dolens,
1751 5579 1875 5650 exposuit

1382 5451 1407 5492 ia
1428 5437 1528 5493 saltem
1546 5449 1578 5492 ee
1601 5451 1646 5491 ein
1666 5437 1768 5492 civitas
1786 5445 1875 5493 custo·
1969 5425 1970 5482 Ῐ
