4080 6328
734 371 963 446 erremus.
986 375 1064 434 ura.
1087 376 1126 434 x.
1691 377 1751 440 oro

457 537 555 624 Vffl
960 532 1043 604 Quid
1059 533 1168 595 autem
1184 533 1219 596 in
1236 535 1279 596 iis
1301 537 1450 598 Romana
1471 537 1581 598 servet
1601 538 1751 600 Ecclesia

960 629 1079 704 etipse
1094 628 1232 692 forsitan
1248 633 1381 705 recolis,
1403 634 1458 710 qui
1478 649 1552 694 eam
1572 635 1751 712 aliquando

960 725 1105 798 adivisti,
1129 729 1161 789 et
1187 727 1310 790 latores
1330 731 1553 806 praesentium,
1573 731 1629 807 qui
1647 747 1753 808 nuper

387 818 535 890 caugusti
551 819 630 876 rant.
960 823 1032 898 ejus
1047 825 1319 886 consuetudinem
1342 828 1376 886 iu
1399 827 1462 887 hac
1484 829 1578 902 parte
1597 828 1752 890 viderunt

150 937 270 1002 [mm
286 939 330 990 pq,
343 939 375 997 x,
386 939 510 1003 ΨΜ
522 941 579 990 qq,
593 941 712 991 mm,
723 941 757 992 q,
772 941 865 1005 pepp]
960 920 992 979 et
1006 920 1214 992 notaverunt,
1240 923 1275 983 ut
1294 923 1470 995 credimus,
1492 924 1669 999 diligenter
1692 925 1751 985 tibi

960 1015 1085 1076 reterre
1105 1017 1259 1092 poterunt
1278 1019 1354 1078 viva
1374 1036 1466 1081 roca.
1487 1020 1535 1080 Ad
1557 1021 1657 1080 aliam
1673 1037 1752 1082 vero

960 1112 1234 1174 consultationem
1245 1116 1334 1200 tuam
1346 1116 1491 1178 breviter
1502 1117 1749 1194 respondemus

270 1277 276 1289 ,
586 1280 618 1292 ..
723 1280 729 1292 ¹
855 1281 862 1293 ι
960 1208 1044 1285 quod
1070 1211 1251 1272 monachus
1278 1211 1422 1289 aliquem
1445 1229 1577 1274 sacrum
1602 1214 1751 1274 ordinem

149 1279 330 1348 H⁰¹¹⁰r¹¹¹⁸2
348 1279 421 1350 etc*
438 1279 621 1340 Veneram
637 1280 794 1341 srats¹·····
811 1297 904 1357 ⁰9¹⁸·
960 1305 995 1364 in
1023 1306 1191 1382 apostasia
1216 1309 1393 1385 recipiens,
1424 1309 1666 1386 quantumlibet
1691 1327 1751 1372 suo

109 1389 195 1450 ⁰⁰p⁰
218 1374 437 1447 Atrebat0n55’
460 1376 600 1438 salutem
624 1379 657 1438 0²
682 1378 905 1454 AP⁰⁵t⁰¹i⁶³ffl
959 1400 1061 1464 fuerit
1075 1405 1309 1466 reconciliatus
1325 1405 1447 1479 abbati,
1460 1411 1493 1469 et
1505 1407 1668 1483 receperit
1682 1423 1753 1484 poe-

108 1471 387 1580 benedicfiffllem·
430 1568 436 1581 ι
644 1570 650 1583 .
707 1571 714 1583 ·
793 1571 799 1583 Ι
960 1499 1146 1573 nitentiam,
1161 1501 1284 1580 absque
1298 1503 1409 1564 tamen
1423 1505 1669 1582 dispensatione
1685 1507 1753 1565 lio-

150 1570 315 1640 Qu⁰¹¹¹³m
336 1568 479 1645 amphus
494 1572 669 1632 ⁰0¹¹S¹¹⁰V¹t
691 1571 801 1632 umen
818 1571 904 1648 qu⁰d
960 1597 1051 1657 mani
1077 1599 1249 1660 Pontificis
1277 1601 1468 1664 ministrare
1496 1617 1564 1663 non
1586 1603 1693 1678 potest
1716 1602 1751 1663 in

108 1664 330 1740 singulariter
343 1665 529 1741 pollicetur,
545 1683 642 1743 quam
656 1667 740 1744 quod
756 1668 906 1744 generali
960 1693 1076 1755 omme
1089 1695 1138 1755 350
1148 1697 1311 1773 suscepto·
1323 1698 1532 1775 Inquisitionq
1543 1715 1672 1776 quoque
1682 1699 1753 1759 ter,

108 1761 519 1838 concluditursponsione,
530 1765 745 1839 praesentium
756 1765 818 1825 tibi
831 1781 906 1824 auc·
960 1789 1015 1852 ,ἰῶ
1032 1792 1281 1868 respondemus,
1298 1795 1383 1872 quod
1402 1795 1466 1856 tam
1480 1797 1515 1856 in
1530 1797 1587 1858 tua
1604 1811 1701 1873 quam
1716 1795 1751 1855 ln

109 1859 246 1922 toritate
255 1860 477 1933 concedimus,
491 1861 526 1922 ut
538 1861 749 1922 monasteriis
762 1863 794 1923 et
804 1862 907 1923 eccle-
960 1887 1071 1948 aliena
1086 1889 1221 1950 ἀπαθεῖ
1241 1893 1333 1968 potes
1353 1892 1476 1970 absque
1496 1893 1597 1970 pallio
1617 1897 1650 1954 et
1672 1909 1752 1954 san,

109 1955 171 2016 siis
194 1955 404 2032 regularibus
426 1961 492 2019 tuae
522 1958 687 2029 dioecesis
718 1959 905 2020 dioecesana
960 1984 1059 2049 danis
1080 1986 1259 2060 celebrare,
1276 2005 1351 2048 cum
1373 1989 1473 2051 etiam
1488 1991 1522 2052 in
1538 1991 1594 2051 qua
1616 1989 1751 2060 dioeoesi

108 2052 172 2114 tibi
194 2052 268 2130 lege
283 2054 451 2131 subjectie,
467 2056 564 2132 prout
582 2055 623 2115 ad
646 2055 791 2116 osticium
812 2058 906 2118 tuum
960 2097 1027 2142 non
1050 2099 1181 2160 semper
1204 2085 1324 2146 debeas
1348 2086 1518 2148 celebrare
1540 2103 1613 2148 cum
1636 2086 1749 2163 pallio,

109 2149 267 2259 pertinet,
298 2149 452 2260 oncrum·
482 2151 683 2260 visitationis
723 2153 903 2229 impendas,
961 2179 1018 2240 sea
1043 2179 1246 2242 nreausnus
1271 2159 1573 2260 conterraneum
1600 2184 1750 2245 ecclesie

109 2249 391 2356 ⁰⁰¹'1'¹8‚⁰¹}⁸J¹¹¹‘³
405 2250 455 2310 tm
471 2249 740 2318 ⁰ffi⁰i¹debit¹¹m1
757 2254 790 2312 et
805 2249 908 2312 Γθΐθῗ·
961 2278 1025 2338 tuae
1041 2279 1227 2354 privilegiis
1242 2279 1321 2340 sunt
1337 2281 1497 2356 expressi,
1515 2281 1627 2360 sicque
1643 2281 1751 2342 soluta

107 2359 207 2404 mans
220 2342 341 2404 ibidem
348 2345 385 2456 in
397 2345 503 2456 capite
512 2361 609 2423 quam
620 2348 687 2408 tam
699 2347 905 2456 inmembris
960 2375 1011 2434 est
1031 2377 1148 2450 quarta
1169 2376 1268 2436 etiam
1282 2377 1434 2453 quaestio,
1452 2393 1516 2454 qua
1531 2378 1689 2454 quaesisti,
1707 2393 1750 2438 an

109 2457 186 2518 quae
218 2443 434 2503 correctionis
463 2443 496 2504 ct
520 2443 767 2505 reformatioms
795 2444 905 2505 oiricio
959 2469 1019 2531 fibi
1035 2472 1217 2534 ,impostum
1231 2489 1290 2549 pro
1305 2474 1469 2536 defunctis
1482 2491 1556 2536 cum
1572 2475 1674 2552 pallio
1690 2491 1749 2537 00„

108 2537 247 2600 noveris
268 2539 428 2648 indigere.
452 2540 735 2650 contradictores,
752 2541 813 2602 etc.
840 2543 907 2602 Da·
959 2566 1100 2630 lepram,
1117 2571 1234 2632 Datum
1250 2573 1364 2644 Reate,
1377 2574 1422 2632 ΠΙ
1436 2571 1510 2632 idus
1526 2573 1669 2651 augusti·

107 2633 182 2696 tum
195 2637 309 2708 Reate,
322 2637 396 2698 idus
409 2638 553 2714 augusti,
568 2653 654 2700 anno
666 2639 803 2699 decimo.

229 684 282 748 'Ad
296 687 490 762 episcopum
511 689 783 750 attrebatensem.

109 1061 245 1135 indulget
265 1063 292 1120 ei
313 1063 483 1134 specialiter,
497 1071 528 1120 ut
542 1065 679 1121 ecclesias
700 1064 832 1122 dioecesis
846 1081 905 1122 suaa

288 1151 405 1208 visitare
419 1157 448 1208 et
462 1153 606 1224 corrigere
627 1154 725 1226 possit.

1339 2821 1373 2906 X

480 2921 536 3010 ῙΧ
1007 2970 1059 3029 Ad
1072 2971 1227 3032 abbatem
1241 2973 1274 3033 et
1286 2973 1443 3046 errorem
1457 2972 1700 3048 stivagienses.

109 3075 167 3136 Aa
183 3073 339 3144 Petrum,
361 3077 655 3149 arcbteptseopum
676 3075 903 3136 Lunensem.
1224 3099 1254 3156 qq
1273 3098 1386 3174 augusti
1402 3099 1481 3158 1225.
1629 3077 1636 3090 '

379 3205 408 3262 ll
432 3206 545 3278 augusti
562 3205 640 3264 1225.
1067 3219 1244 3285 [Wardtweim
1260 3222 1331 3272 Nova
1344 3222 1467 3282 subsidia,
1484 3223 1552 3280 Xlll,
1569 3222 1636 3288 ltin]

243 3327 380 3393 [baynard.
395 3329 488 3378 mah
501 3329 532 3378 ³⁶
545 3343 604 3378 ³⁰¹¹·
619 3327 710 3394 ¹²²⁸&
724 3329 773 3394 Π]
958 3345 1041 3405 lubet
1064 3353 1095 3404 ut
1114 3345 1188 3404 bona
1215 3345 1336 3404 abbatie
1358 3345 1501 3404 interioris
1524 3347 1553 3404 in
1575 3346 1753 3420 liobenburg

239 3443 402 3516 Respondet
416 3443 452 3502 ad
471 3444 532 3516 ejus
546 3446 780 3503 consultationes,
1029 3435 1126 3493 illicite
1136 3434 1271 3493 distracta
1286 3435 1331 3492 vel
1346 3436 1468 3495 alienata
1488 3437 1680 3494 restituantur.

153 3569 410 3647 Archiepiscopo
425 3569 593 3632 Lundensi
611 3569 671 3652 (1).
1000 3570 1166 3632 Honorius
1177 3571 1361 3648 episcopua,
1372 3587 1488 3632 servus
1499 3586 1670 3633 servorum
1680 3571 1750 3644 Dei,

152 3669 224 3728 Tua
239 3683 300 3728 nos
315 3667 411 3728 duxit
422 3667 614 3729 fraternitas
626 3668 858 3740 consulendos,
870 3667 906 3730 ut
960 3667 1089 3729 dilectis
1105 3667 1183 3728 tiliis
1206 3666 1317 3728 abbati
1352 3669 1385 3728 et
1418 3668 1523 3745 priori
1559 3669 1750 3744 stivagien-

109 3781 190 3826 cum
204 3761 337 3842 quidam
353 3764 549 3842 presbyteri,
562 3763 769 3826 celebrantes
785 3765 907 3826 missa·
961 3765 1064 3837 sibus,
1080 3763 1246 3825 Tullensis
1257 3764 1422 3838 dioecesis,
1444 3764 1584 3826 salutem
1599 3766 1632 3827 et
1645 3768 1753 3841 Apos-

82 3877 189 3932 ,rum
210 3862 382 3935 solemnia,
406 3863 531 3940 ponant
554 3863 697 3923 bostiam
722 3863 799 3922 ante
818 3861 905 3922 cali·
961 3862 1094 3923 tolicam
1110 3859 1383 3922 benedictionem.

109 3974 197 4030 cem,
224 3960 357 4036 quidam
381 3960 416 4020 in
442 3959 577 4022 sinistro
597 3959 701 4021 latere
725 3959 851 4031 calicis,
874 3958 907 4022 et
1000 3959 1201 4020 Dilectarum
1215 3958 1251 4018 in
1266 3958 1395 4020 Christo
1416 3959 1559 4020 filiarum
1576 3959 1752 4022 abbatissae

110 4057 248 4134 quidam
264 4058 374 4118 levent
387 4057 524 4118 calicem
534 4057 698 4134 corporali
707 4056 904 4129 contectum,
961 4057 994 4118 et
1005 4056 1187 4118 conventus
1206 4055 1375 4117 interioris
1390 4057 1585 4119 monasterii
1599 4057 1753 4134 precibus

110 4154 346 4230 deponantque
362 4153 439 4214 dum
454 4155 598 4230 signant,
615 4153 782 4216 etiterum
796 4153 908 4216 levent
961 4153 1134 4225 inclinati,
1169 4153 1382 4230 praesentium
1421 4153 1516 4216 vobis
1556 4156 1753 4217 auctoritate

108 4253 254 4326 tectum
276 4251 409 4328 quidam
426 4267 506 4312 vero
524 4252 767 4327 discoopertum
784 4251 905 4323 levent,
961 4251 1170 4324 mandamus,
1199 4251 1361 4327 quatenus
1397 4267 1448 4323 ea,
1481 4267 1553 4328 quae
1586 4233 1627 4312 de
1656 4252 1753 4313 bonis

108 4348 144 4410 et
156 4363 224 4408 una
237 4349 495 4410 manutenentes
509 4348 673 4410 elevatum
689 4348 794 4408 altera
807 4363 907 4408 manu
962 4348 1110 4426 ejusdem
1146 4347 1341 4409 monasterii
1376 4349 1522 4410 alienata
1558 4349 1755 4410 inveneritis

109 4445 256 4522 signent,
269 4446 468 4523 quidamque
483 4446 523 4506 de
537 4445 643 4508 tribus
659 4444 820 4524 partibus,
833 4460 906 4521 quae
962 4445 1090 4514 illicite,
1102 4444 1155 4506 vel
1171 4445 1334 4516 districta,
1347 4445 1454 4522 adjus
1472 4447 1505 4507 et
1518 4445 1755 4522 proprietatem

109 4541 196 4604 liunt
220 4559 262 4604 ex
283 4544 404 4617 hostia,
432 4545 514 4606 duas
544 4559 644 4621 super
667 4545 821 4619 patenam
847 4558 908 4619 po·
942 4543 1077 4620 ipsius,
1093 4542 1223 4604 sublato
1239 4541 1414 4618 cujuslibet
1431 4543 1704 4604 contradictionis
1721 4546 1755 4604 et

109 4640 204 4713 naut,
220 4641 252 4702 et
266 4640 400 4718 quidam
416 4641 491 4702 illas
504 4641 655 4703 tenentes
666 4641 700 4701 in
712 4655 811 4701 manu
823 4655 909 4702 com·
962 4640 1193 4718 appellationis
1214 4639 1394 4711 obstaculo,
1411 4639 1557 4715 legitime
1579 4641 1754 4714 revocetis,

110 4739 292 4812 municent,
315 4755 415 4816 super
436 4739 576 4800 calicem
598 4738 675 4800 illas
700 4753 907 4814 nequaquam
962 4737 1222 4799 contradictores
1231 4737 1755 4814 percensuramecclesiasticam,

109 4837 146 4897 in
164 4837 284 4912 patena
304 4837 475 4914 ponentes,
494 4837 572 4914 quid
592 4836 653 4898 tibi
668 4837 712 4897 sit
728 4837 763 4896 in
785 4836 906 4912 hujus·
962 4835 1184 4912 appellatione
1198 4835 1390 4911 postposita,
1405 4837 1662 4911 compescentes.
1676 4839 1758 4897 Tes-

110 4933 202 4995 modi
226 4935 388 4996 varietate
412 4935 601 4997 tenendum.
622 4933 671 4995 Ad
695 4934 781 5010 quod
802 4934 908 5010 potest
961 4935 1011 4994 tes
1027 4935 1137 4994 autem
1153 4933 1208 5010 qui
1224 4931 1348 4993 inerint
1362 4933 1534 5004 nominati,
1548 4934 1576 4993 si
1590 4934 1754 5008 segratia,

111 5047 179 5093 non
207 5031 390 5107 incongrue
418 5032 612 5109 responderi
636 5031 747 5093 verbis
775 5029 908 5091 Nicolai
962 5029 1038 5091 odio
1052 5030 1106 5091 rel
1120 5031 1240 5092 timore
1253 5029 1490 5101 subtraxerint,
1508 5046 1566 5106 per
1581 5046 1757 5091 censuram

112 5145 208 5206 papae
230 5129 370 5190 dicentis
388 5152 395 5189 ε
413 5129 506 5190 Nihil
521 5129 631 5190 obsint
649 5129 750 5190 saluti
765 5128 907 5189 creden·
962 5129 1123 5199 eamdem,
1140 5127 1363 5204 appellatione
1378 5130 1539 5198 cessante,
1556 5129 1682 5203 cogatis
1698 5144 1758 5189 ve-

112 5227 198 5288 tium
218 5225 358 5288 diversae
383 5243 442 5305 pro
458 5227 530 5289 loco
545 5227 738 5304 ettempore
761 5241 906 5286 consue·
963 5227 1053 5288 ritati
1077 5225 1302 5288 testimonium
1329 5225 1515 5302 perbibere.
1542 5227 1660 5286 Datum
1687 5227 1757 5287 Ro-

113 5323 257 5396 tudines‚
273 5325 529 5387 dnmmodoillis
546 5325 785 5386 canonicanon
801 5321 910 5386 obsis·
963 5341 1036 5396 mae,
1067 5325 1112 5384 lll
1144 5323 1218 5383 idus
1247 5323 1390 5399 augusti,
1416 5321 1626 5398 pontificatus
1652 5324 1758 5386 nostri

113 5423 163 5484 tat
184 5421 376 5508 auctoritas,
395 5439 455 5500 pro
472 5439 538 5500 qua
558 5423 606 5483 eis
626 5421 744 5484 debeat
767 5420 906 5483 obviari.
963 5437 1051 5482 anno
1066 5420 1204 5482 decimo.

116 5603 286 5736 waiaexide
306 5606 438 5675 oneratam
464 5563 708 5678 compilationes,
729 5605 777 5664 lib.
795 5607 816 5675 l,
837 5606 880 5663 nt.
896 5605 923 5674 d,
944 5621 1009 5679 cap.
1029 5605 1057 5676 θ,
1078 5613 1097 5664 t.
1120 5605 1142 5675 l,
1165 5603 1219 5663 ool.
1238 5603 1310 5676 1433
1330 5613 1358 5663 et
1377 5603 1425 5662 lib.
1442 5607 1476 5675 V,
1498 5605 1539 5663 tit.
1560 5606 1587 5676 5,
1605 5621 1630 5664 c.
1648 5605 1673 5674 3,
1694 5613 1712 5663 t.
1732 5607 1755 5676 1,
