3948 6326
283 330 345 389 515

283 489 449 552 universis
468 489 590 550 Christi
606 487 758 550 fidelibus
775 505 835 568 por
850 505 990 580 regnem
1007 493 1077 552 Da-

283 589 344 650 ciae
360 587 558 660 constitutis,
576 588 715 648 salutem
731 589 763 648 θῖ
777 587 1000 664 Apostolicam
1015 587 1076 648 be-

283 685 518 750 bedictionem.

323 784 542 844 sacrosancta
559 783 706 844 Ecclesia
724 782 837 844 divina
852 783 925 844 luce
940 783 1076 860 perlusa

281 897 341 958 per
362 881 476 942 orbem
501 885 664 943 terrarum
689 882 786 956 longe
810 882 945 958 lateque
964 881 1076 941 radios

281 995 351 1040 suae
376 980 608 1042 illustrationis
633 980 762 1050 emittit,
789 980 865 1040 dum
890 980 927 1040 in
951 979 1076 1039 sanctis

281 1078 351 1138 suis
385 1077 548 1138 mirabilis
586 1078 744 1138 Dominus
784 1077 886 1139 vitam
927 1079 1075 1138 sanctam

281 1191 407 1246 eorum,
425 1176 479 1252 qui
497 1176 746 1236 seminaverunt
767 1175 801 1234 in
822 1174 991 1250 lacrymis,
1008 1174 1074 1234 mi·

279 1273 469 1334 raculorum
485 1274 609 1335 virtute
629 1273 812 1343 confirmat,
831 1273 1000 1348 signisque
1021 1288 1076 1332 se-

280 1371 457 1448 quentibus
474 1371 608 1442 indicat,
627 1371 710 1447 quod
726 1371 774 1430 eis
791 1370 999 1446 splendorem
1015 1385 1074 1448 pro

279 1469 407 1530 meritis
418 1469 534 1531 tribuit
545 1469 793 1544 sempiternum,
809 1469 987 1529 ostendens
1000 1467 1076 1529 the·

278 1567 370 1626 sauri
382 1568 434 1626 sui
445 1567 578 1628 divitias
592 1568 626 1626 in
641 1583 721 1626 vasa
735 1566 983 1637 misericordiae,
1001 1569 1074 1642 J'us·

277 1663 433 1725 tilicaudo
473 1665 739 1742 praedestinatos,
788 1665 821 1726 et
854 1663 1073 1740 glorificando

275 1764 395 1839 justos,
413 1779 494 1840 quos
511 1763 551 1824 ad
567 1763 707 1838 gloriam
726 1761 938 1838 praeparavit.

316 1863 395 1921 Cum
405 1877 485 1936 ergo
490 1861 683 1937 jamdudum
696 1863 819 1922 sanctae
830 1859 1073 1921 recordationis

275 1957 466 2018 Willelmus
492 1956 596 2019 abbas
629 1959 823 2020 monasterii
863 1961 896 2018 S.
925 1957 1072 2028 Tbomae,

276 2057 361 2136 quod
385 2055 508 2117 dicitur
523 2057 557 2116 in
574 2057 753 2127 Paraclito,
775 2059 807 2118 et
827 2056 913 2133 quod
931 2055 1073 2133 quodam

274 2153 364 2214 felici
379 2154 555 2231 praesagiO,
571 2155 760 2231 hujusmodi
774 2155 906 2215 videtur
919 2153 1074 2215 sortitum

273 2251 473 2312 vocabulum
496 2256 687 2322 crevento,
712 2269 813 2328 quum
835 2267 913 2312 vere
936 2252 1073 2327 spiritus

273 2351 433 2412 Paracliti
459 2338 581 2411 donum
606 2348 717 2422 luerit,
744 2367 808 2428 quo
830 2351 917 2410 idem
940 2349 1073 2410 Domini

273 2446 417 2508 famulus
433 2449 517 2510 stola
535 2448 751 2510 beatitudinis
767 2450 817 2510 est
837 2448 982 2520 indutus,
1001 2448 1074 2524 post

273 2547 412 2607 mortem
430 2549 525 2622 cujus
541 2546 751 2622 dispendium
768 2546 850 2606 tides
871 2546 990 2607 devota
1005 2561 1072 2606 non

272 2644 407 2720 patitur,
425 2644 522 2704 domo
538 2644 628 2705 lutea
644 2645 679 2703 in
695 2644 828 2704 cmleste
844 2643 1073 2705 babitaculum

274 2743 488 2804 commutata.
506 2743 585 2813 Quis
601 2743 689 2803 esset
704 2741 870 2819 apparuit,
888 2744 920 2803 et
936 2741 969 2802 in
985 2757 1073 2818 prae-

274 2840 377 2901 mium
406 2840 520 2902 meriti
544 2840 774 2916 praecedentis,
800 2840 879 2917 quia
902 2840 1015 2900 lumen
1036 2839 1072 2900 in

274 2937 422 3000 tenebris
440 2939 547 3000 latere
571 2954 637 2998 non
657 2938 799 3014 poterat,
822 2953 929 3014 neque
954 2937 1072 2998 civitas

274 3037 382 3114 posita
394 3051 494 3112 snpra
507 3038 650 3097 montem
662 3033 833 3106 abscondi,
848 3035 962 3096 multis
973 3034 1073 3110 coepit

275 3149 452 3196 coruscare
468 3135 650 3204 miraculis,
664 3135 700 3194 ut
713 3135 847 3194 sanctus
860 3133 901 3193 ab
918 3132 1072 3194 omnibus

175 3277 178 3283 .
275 3232 467 3292 baberetur.
482 3232 650 3308 Expositis
663 3231 768 3302 nobis,
784 3231 874 3299 vitae,
888 3232 921 3292 et
931 3247 1073 3292 conver-

277 3331 417 3391 sationis
433 3329 549 3406 ipsius,
567 3331 599 3390 et
614 3345 687 3406 quae
701 3329 860 3390 Dominus
873 3328 1074 3406 operabatur

277 3443 338 3506 per
361 3443 447 3500 eum,
470 3427 707 3487 miraculorum
733 3427 900 3502 insigniis
918 3443 992 3488 curn
1014 3427 1073 3487 de-

277 3524 346 3586 bita
363 3524 426 3586 suit
440 3523 716 3587 avenerabilibus
731 3523 890 3586 iratribus
908 3525 1073 3602 qnondam

278 3623 446 3684 Lundensi
475 3623 738 3700 archiepiscopo,
773 3623 806 3684 et
833 3623 1007 3684 Absolensi
1040 3625 1073 3684 et

279 3722 447 3783 Scariensi
466 3721 642 3799 episcopis,
669 3721 829 3783 instantia
856 3721 1070 3798 publicatum,

277 3819 324 3890 ut,
341 3820 418 3896 quia
443 3836 509 3881 nou
532 3820 615 3888 erat,
638 3820 724 3897 quod
745 3821 838 3881 tanto
858 3819 1074 3881 nuntiabatur

277 3917 402 3978 indicio
438 3917 684 3993 negligendum,
726 3919 759 3980 et
799 3917 1073 3978 canonizaremus

278 4014 441 4085 eumdem,
470 4016 503 4074 et
533 4015 723 4075 sanctorum
743 4015 958 4075 annumerari
980 4015 1074 4076 cata-

279 4111 355 4186 logo
371 4112 567 4172 laceremus.

321 4209 404 4282 Quia
424 4224 502 4270 vero
525 4209 704 4286 aliquando
729 4210 847 4271 vitium
877 4210 937 4270 sub
963 4211 1073 4288 specie

278 4307 438 4369 virtutum
462 4307 589 4368 occulte
614 4307 788 4379 subintrat,
802 4310 834 4371 et
850 4310 990 4384 angelus
1007 4311 1072 4369 Sa-

278 4407 366 4468 tanae
386 4421 474 4482 saepe
493 4422 528 4466 se
553 4405 587 4465 in
612 4404 696 4465 lucis
724 4406 881 4481 angelum
916 4407 1071 4486 simulate

278 4503 1071 4580 transformat,depraedictilamuliDominivita,

279 4602 379 4672 santa,
395 4603 427 4663 et
442 4601 613 4662 miraculis
625 4617 685 4678 per
699 4602 893 4679 praedictum
909 4603 1072 4680 qnondam

199 4709 202 4716 ’
279 4701 488 4761 Lundeusem
538 4699 836 4777 archiepiscopum,
884 4701 1073 4778 approbatae

278 4799 356 4860 vitae
376 4797 495 4868 virum,
512 4797 702 4858 timoratum
721 4801 754 4860 et
767 4802 906 4876 justum,
929 4799 982 4860 cui
998 4815 1071 4859 me-

278 4895 343 4956 rito
359 4897 431 4955 erat
449 4911 548 4970 super
565 4894 627 4956 boc
647 4895 834 4958 adhibenda
849 4897 943 4968 fides,
961 4913 999 4958 ac
1015 4913 1074 4974 per

278 4987 501 5052 venerabilem
528 4989 663 5050 tratrem
686 4993 835 5052 nostrum
855 4995 893 5052 R.
916 4992 1073 5054 Roscbil-

279 5089 415 5150 densam
434 5087 634 5164 episcopum,
655 5089 687 5150 et
708 5089 863 5150 dilectum
886 5089 990 5149 lilium
1013 5089 1074 5151 ab·

277 5187 387 5248 batem
402 5187 442 5248 de
464 5186 593 5248 Ervado
613 5185 843 5248 cisterciensis
864 5187 1002 5260 ordinis,
1020 5189 1074 5249 in-

279 5285 366 5362 quiri
383 5284 612 5370 mandavimus
635 5283 823 5359 diligenter,
848 5285 904 5362 qui
929 5286 968 5347 de
989 5287 1069 5359 vita,

278 5385 311 5445 et
324 5381 515 5454 iamacerti‚
531 5399 570 5444 ac
587 5383 667 5459 ipsis
682 5385 749 5444 tam
765 5398 824 5458 per
837 5399 883 5454 se,
899 5399 996 5462 quam
1013 5401 1073 5461 per

278 5481 373 5552 alios,
391 5481 478 5541 etde
493 5481 663 5541 miraculis
676 5483 743 5541 tam
759 5497 818 5555 per
830 5497 887 5542 eos
902 5482 937 5542 in
953 5481 1071 5560 quibus

277 5569 365 5640 tacta
384 5577 523 5647 fuerant,
541 5593 638 5654 quam
661 5591 719 5654 per
734 5579 834 5639 testes
854 5579 918 5640 lide
940 5578 1069 5656 dignos,

274 5676 405 5753 juratos
421 5675 559 5738 veritate
571 5676 712 5752 cognita,
731 5678 838 5738 certos
853 5693 918 5738 non
932 5677 1070 5738 reddere

899 331 1074 392 HONORII
1096 327 1139 390 ΙΙΙ
1161 329 1309 393 OPERA.

1871 330 1919 396 elo

1133 491 1343 561 curaverunt,
1379 489 1429 552 eis
1462 484 1552 551 inter
1580 485 1647 552 alia
1673 492 1918 568 exponentibus,

1133 587 1219 664 quod
1240 589 1333 650 tanta
1353 588 1388 648 in
1413 589 1476 650 isto
1496 588 1604 663 gratia
1625 587 1748 650 divinae
1769 587 1919 650 benedic-

1132 686 1232 746 tionis
1244 686 1380 758 effulsit,
1394 689 1429 748 ut
1439 689 1511 764 ejus
1523 685 1693 762 suffragiis
1703 687 1827 764 leprosi
1838 681 1919 748 mun·

1132 784 1261 856 dentur,
1286 784 1447 846 sanentur
1461 784 1590 859 aegroti,
1607 783 1792 846 liberentur
1805 784 1919 847 daemo-
1968 779 1969 840 ζ

1132 882 1231 953 niaci,
1256 882 1426 958 aperiatur
1450 882 1566 957 lingua
1586 883 1764 953 mutorum,
1785 885 1818 944 et
1839 885 1915 960 quod

1132 980 1182 1040 θεῖ
1198 978 1397 1048 mirabilius,
1417 981 1487 1054 jam
1507 978 1594 1038 idem
1615 979 1658 1040 sit
1677 979 1822 1054 plurium
1837 996 1917 1040 mor·
1968 1027 1969 1072 ;

1131 1077 1263 1136 tuorum
1276 1076 1441 1139 almificus
1456 1076 1644 1138 suscitator.

1171 1173 1320 1234 Gaudeat
1334 1173 1447 1250 itaque
1465 1172 1571 1234 mater
1585 1173 1746 1244 Ecclesia,
1764 1173 1849 1250 quod
1862 1191 1917 1236 cce·
1968 1241 1969 1252 ,

1131 1270 1224 1330 lestis
1239 1269 1421 1331 fabricatur
1431 1271 1629 1342 Jerusalem,
1642 1271 1779 1346 superni
1792 1272 1917 1334 aedificii
1968 1315 1969 1326 ,

1130 1370 1297 1430 structura
1310 1368 1490 1444 consurgit,
1505 1385 1592 1430 nova
1605 1369 1639 1428 in
1654 1369 1777 1446 templo
1792 1371 1850 1432 Dei
1861 1386 1917 1431 co·

1130 1465 1243 1528 lumua
1259 1467 1418 1542 erigetur,
1440 1483 1627 1544 novumque
1647 1467 1804 1544 produxit
1820 1469 1916 1530 mise-
1968 1457 1969 1536 J

1130 1564 1276 1626 ricordia
1294 1565 1426 1626 Domini
1443 1564 1570 1635 liorem,
1588 1581 1686 1642 quem
1701 1564 1827 1628 coelesti
1846 1582 1914 1626 rora
1968 1587 1969 1600 ¹

1130 1662 1264 1724 uberius
1289 1663 1465 1738 irrigatum
1494 1663 1579 1724 mira
1603 1663 1636 1724 et
1660 1663 1754 1723 suavi
1774 1663 1914 1724 ubertate
1968 1673 1969 1712 2

1130 1760 1295 1822 fructuum
1312 1759 1523 1822 toecundavit.
1537 1761 1658 1822 Laetari
1672 1776 1803 1838 quoque
1815 1762 1916 1838 patria

1130 1861 1240 1920 vestra
1260 1857 1366 1929 debet,
1390 1859 1513 1920 etcum
1529 1859 1738 1935 jucunditate
1753 1859 1787 1920 in
1809 1859 1915 1920 laudes
1968 1873 1969 1936 Τ

1129 1971 1305 2032 assurgere
1322 1957 1482 2027 Creatori,
1502 1956 1588 2034 quod
1604 1957 1697 2018 tanto
1713 1957 1763 2018 θεῖ
1776 1956 1915 2018 exaltata

1129 2060 1281 2131 patron0,
1294 2054 1461 2131 talemque
1477 2054 1562 2130 apud
1575 2057 1677 2116 Deum
1691 2055 1813 2115 meruit
1824 2055 1915 2115 inter·

1129 2167 1295 2214 cessorem
1325 2151 1448 2213 habere
1484 2167 1667 2229 perquem
1698 2151 1842 2213 nominis
1869 2153 1913 2211 sui
1968 2147 1969 2232 ᾖ

1130 2249 1217 2310 sama
1240 2249 1277 2311 tit
1299 2249 1451 2321 celebris,
1478 2250 1643 2327 latiusque
1663 2249 1867 2320 diffunditur,
1887 2253 1915 2310 et
1968 2237 1969 2302 ἶ

1129 2365 1188 2424 per
1211 2350 1306 2424 cujus
1335 2347 1533 2422 suffragium
1569 2363 1633 2425 quo
1658 2347 1759 2408 vicini
1793 2347 1914 2407 babila-
1968 2357 1969 2430 ῖ

1128 2449 1218 2508 tores
1238 2446 1290 2505 sui
1314 2448 1454 2522 possunt
1477 2444 1610 2506 facilius
1633 2445 1766 2506 veniam
1792 2459 1913 2521 prome-

1128 2545 1206 2606 reri.
1224 2545 1342 2605 Cantet
1356 2545 1530 2620 propterea
1547 2560 1669 2604 novum
1684 2543 1823 2604 Domino
1838 2559 1912 2603 can-

1127 2644 1229 2704 ticum
1247 2642 1388 2704 ecclesia
1408 2643 1520 2704 Sancti
1535 2641 1668 2702 Tbomae
1683 2641 1723 2702 de
1744 2639 1910 2712 Paraclito,

1128 2757 1201 2817 quae
1212 2739 1388 2817 splendore
1404 2739 1481 2801 novi
1497 2739 1633 2800 luminis
1653 2739 1853 2800 confessoris
1867 2739 1909 2815 ip-

1128 2839 1207 2907 sius,
1219 2837 1459 2916 requiescentis
1470 2835 1600 2908 ibidem,
1614 2837 1753 2913 pulchra
1765 2837 1851 2898 sacta
1861 2841 1906 2905 est,

1127 2939 1160 2998 θῖ
1181 2937 1335 3012 apparuit
1357 2935 1519 3011 speciosa.
1543 2935 1642 2995 Decet
1661 2935 1763 2996 etiam
1785 2935 1910 2995 matrem

1128 3035 1322 3105 Ecclesiam,
1352 3033 1394 3094 ab
1419 3033 1510 3094 illius
1535 3032 1701 3105 laudibus,
1726 3049 1824 3118 quem
1847 3033 1910 3094 vita

1127 3131 1331 3193 beatitudine
1359 3131 1529 3208 signisque
1557 3147 1596 3192 ac
1623 3131 1796 3192 miraculis
1819 3131 1912 3191 beati·
1968 3179 1969 3182 ,

1129 3227 1910 3305 ticumadeoessecoustatinglorianouvacare,
1968 3265 1969 3270 κ

1127 3329 1184 3390 sed
1198 3329 1229 3390 ei
1243 3325 1352 3406 potius
1367 3327 1513 3389 debitum
1524 3327 1684 3389 honorem
1697 3329 1870 3390 exsolvere
1880 3343 1911 3388 ac
1968 3369 1969 3392 l

1127 3428 1213 3488 votis
1241 3426 1433 3502 impendere
1462 3427 1681 3487 sacramenia.
1711 3429 1821 3499 Quare
1848 3441 1910 3496 nos,
1968 3415 1969 3460 ἲ

1128 3523 1911 3602 quibuslicetimmeritisaDomiuoestEcclesie
1968 3535 1969 3596 j

1127 3622 1342 3699 gubernanda
1363 3622 1550 3695 commissa,
1565 3614 1665 3698 super
1677 3622 1757 3693 vita,
1775 3621 1872 3693 sama,
1886 3623 1914 3680 et

1129 3721 1298 3782 miraculis
1313 3719 1443 3797 praelati
1457 3720 1522 3782 viri
1536 3719 1671 3791 domini,
1688 3736 1750 3796 per
1765 3719 1911 3781 dilectum
1968 3743 1969 3796 3

1128 3821 1277 3881 nostrum
1293 3821 1329 3879 G.
1349 3818 1461 3880 Sancti
1478 3819 1642 3879 Theodori
1656 3817 1834 3878 diaconum
1849 3833 1912 3878 car·
1968 3815 1969 3882 l

1128 3917 1284 3988 dinalem,
1301 3917 1357 3993 qui
1372 3916 1550 3991 legationis
1563 3915 1709 3977 osticium
1721 3916 1757 3976 iu
1771 3915 1912 3993 partibus
1968 3929 1969 3952 ³

1127 4015 1195 4075 illis
1211 4013 1373 4082 exercuit,
1390 4015 1550 4077 certiores
1573 4013 1694 4086 effecti,
1715 4029 1758 4074 ne
1773 4014 1858 4076 velle
1869 4013 1912 4072 vi-

1128 4114 1283 4174 deremur
1306 4113 1392 4190 quod
1417 4113 1535 4172 lateret
1560 4113 1696 4173 lucerna
1718 4111 1909 4180 submodio,
1968 4155 1969 4180 ,

1128 4229 1201 4289 qnae
1217 4225 1317 4288 supra
1333 4209 1569 4272 candelabrum
1591 4225 1665 4270 esse
1683 4209 1789 4282 debet,
1810 4211 1912 4285 sicque
1968 4217 1969 4304 ἐ

1128 4310 1291 4370 inutiliter
1306 4309 1428 4369 Cbristi
1444 4324 1593 4369 essemus
1605 4308 1736 4380 vicarii,
1753 4308 1782 4368 si
1798 4323 1862 4369 non
1874 4305 1913 4366 ia·

1129 4425 1288 4478 ememus,
1326 4407 1363 4468 ut
1396 4407 1638 4468 venerarentur
1670 4405 1797 4478 fideleS,
1827 4407 1910 4466 illum

1129 4523 1224 4582 quem
1241 4507 1431 4567 sanctorum
1454 4504 1611 4581 splendor
1634 4505 1794 4566 Dominus
1819 4504 1865 4566 tot
1884 4503 1911 4562 et
1968 4513 1969 4518 ’

1128 4604 1229 4664 tantis
1245 4604 1425 4678 fulgentem
1444 4603 1616 4663 miraculis
1631 4602 1796 4663 ineffabili
1812 4603 1911 4677 dispo-
1968 4601 1969 4678 i

1129 4702 1195 4763 suit
1222 4701 1429 4778 providentia
1467 4701 1707 4774 venerandum,
1741 4701 1849 4778 ipsum
1877 4697 1910 4756 do

1130 4799 1266 4861 fratrum
1278 4801 1466 4860 nostrorum
1477 4800 1510 4859 et
1520 4799 1698 4859 multorum
1708 4798 1910 4875 praelatorum
1968 4863 1969 4872 ἶ

1128 4898 1213 4974 apud
1249 4897 1366 4958 Sedem
1399 4897 1622 4973 Apostolicam
1656 4897 1908 4962 consistentium,

1128 4995 1397 5058 canonizavimus
1417 4995 1569 5066 consilio,
1585 4994 1617 5055 et
1636 4995 1825 5056 sanctorum
1846 4995 1908 5053 sta-

1126 5093 1250 5154 tuimus
1266 5094 1417 5168 catalogo
1433 5091 1700 5153 adscribendum.

1167 5191 1328 5263 Quocirca
1343 5189 1555 5252 universitati
1570 5191 1690 5252 vestrae
1706 5206 1765 5266 per
1781 5189 1909 5266 Aposto-
1968 5203 1969 5208 ¹

1127 5289 1191 5349 lica
1203 5289 1324 5366 scripta
1339 5287 1547 5359 mandamus,
1560 5289 1723 5365 quatenus
1735 5285 1909 5349 scilicetat·

1126 5384 1907 5464 tendentes,quantumterramvestramDominus

1126 5485 1313 5556 bonoravit,
1329 5487 1361 5546 et
1380 5485 1518 5562 speciali
1533 5483 1675 5561 quadam
1699 5480 1907 5562 prerogativa

1126 5575 1908 5659 decorisregnumDaciaeinsignivit,dumrnundo
1968 5609 1969 5660 l

1126 5682 1235 5757 posito
1250 5681 1282 5741 in
1303 5681 1461 5756 maligno,
1479 5681 1511 5742 et
1530 5679 1658 5742 malitia
1674 5677 1840 5740 bominum
1855 5688 1908 5734 eu·
1968 5669 1969 5740 i

1968 5785 1969 5810 l
