4002 6326
262 457 321 520 311

265 631 414 692 cessum,
441 618 620 686 devotioni.
634 621 754 684 vestrae
782 635 842 699 per
870 622 1060 699 Apostolica

267 715 390 793 scripta
406 717 611 790 mandamus,
629 718 804 796 quatenus,
821 719 849 779 si
870 734 925 780 res
949 721 996 781 ita
1025 735 1060 781 se

267 811 382 885 babet,
418 817 673 892 praesumptores
708 815 898 892 hujusmodi
934 817 1060 878 tamdiu

268 910 490 987 appellatione
511 913 637 974 remota
668 913 972 976 excommunicatos
994 929 1059 991 pu-

267 1006 354 1068 blica
369 1009 528 1071 nuntietis
551 1011 584 1071 et
604 1009 736 1071 saciatIs
759 1010 800 1071 ab
815 1010 967 1072 omnibus
983 1026 1061 1072 arc-

267 1104 334 1166 tius
349 1106 479 1178 evitari,
497 1107 601 1185 donec
620 1108 759 1184 praelato
779 1109 936 1185 episcopo
957 1109 1059 1171 satis-

269 1199 411 1263 fecerint
424 1205 649 1281 competenter
663 1206 695 1266 et
714 1221 789 1266 cum
804 1205 924 1267 litteris
939 1205 1061 1267 vestris

269 1298 321 1359 rei
349 1299 469 1360 seriem
497 1299 743 1363 continentibus
769 1301 810 1363 ad
838 1303 1061 1379 Apostolicam

270 1394 1059 1472 Sedemvenerintabsolvendi.Datumbaterani,

271 1493 301 1552 11
316 1491 475 1556 kalendas
490 1495 618 1572 aprilis
631 1494 842 1573 pontificatus
856 1495 962 1560 nostri
973 1513 1061 1559 anno

268 1589 421 1666 septime.

613 1870 721 1958 XCII

323 2039 375 2098 Ad
392 2041 541 2101 iliricum
553 2041 714 2102 concitem
727 2043 768 2100 dc
781 2039 1006 2102 Noooccstro.

555 2171 572 2228 l
591 2169 688 2242 aprilis
701 2171 780 2229 itti.

302 2287 453 2354 [Zeelerden
465 2291 597 2343 Urlrenden
609 2294 658 2343 den
669 2293 736 2344 stadt
746 2293 819 2352 Bern,
833 2293 914 2353 1³07,
927 2307 954 2344 n.
966 2293 1032 2358 las]

271 2413 321 2473 Eis
335 2417 451 2476 mandat
464 2427 496 2477 ut
509 2433 525 2476 c
541 2419 706 2477 monasterii
718 2419 909 2477 Harilacansis
928 2419 1061 2478 molesta·

471 2509 547 2566 lione
562 2508 687 2567 indebita
701 2507 851 2566 desistant.

312 2624 479 2686 Honorius
487 2625 673 2703 episcopus,
683 2641 799 2688 servus
809 2640 981 2687 servorum
991 2625 1061 2698 Dei,

272 2718 403 2783 dilectis
427 2723 506 2784 dliis
527 2723 694 2786 nobilibus
713 2723 797 2786 viris
819 2723 931 2786 Ulrico
952 2723 1064 2786 comiti

272 2816 313 2879 de
340 2820 547 2883 Novocastro
573 2823 606 2883 et
634 2820 804 2892 Bertcldo,
833 2820 945 2898 nepoti
972 2823 1062 2899 ejus,

271 2915 412 2978 salutem
426 2921 459 2978 ai
472 2919 695 2995 Apostolicam
708 2918 983 2981 benedictionem.

313 3013 583 3090 significantibus
612 3016 741 3078 dilectIs
770 3016 859 3089 filim,
881 3015 999 3078 abbate
1025 3033 1064 3078 ac

271 3113 435 3173 conventu
459 3115 684 3175 Herilacensis
704 3114 898 3176 monasterii
920 3129 982 3176 nos
1003 3130 1065 3176 no-

270 3207 387 3269 veritis
402 3211 582 3287 accepisse,
602 3211 701 3288 quod,
718 3227 817 3287 quum
833 3227 853 3271 a
874 3210 1063 3272 fundatori-

271 3301 333 3363 bus
362 3305 467 3382 ipsius
493 3307 688 3369 monasterii
713 3306 871 3369 statutum
900 3307 1000 3370 luerit
1023 3308 1064 3370 ab

271 3401 409 3479 antiquo
424 3404 510 3480 quod
534 3404 620 3465 idem
645 3405 883 3466 monasterium
899 3421 964 3468 uno
981 3405 1065 3466 dun-

271 3499 366 3563 taxat
380 3505 570 3566 contentum
585 3519 659 3566 esse
681 3501 799 3564 debeat
819 3502 991 3576 advocato,
1008 3505 1065 3582 qui

267 3599 346 3675 jura
359 3598 514 3661 desendet
526 3601 632 3678 ipsius
644 3600 685 3661 ab
699 3600 886 3662 incursibus
899 3602 1065 3677 maligno-

269 3711 355 3768 rum,
369 3713 429 3759 vos
446 3697 568 3760 ibidem
583 3696 765 3760 advocatiae
785 3697 929 3759 officium
948 3701 1064 3762 contra

270 3793 428 3856 statutum
444 3795 617 3872 praelatum
630 3794 767 3857 insimul
785 3797 980 3858 exercentes
997 3812 1064 3858 non

270 3890 377 3953 solum
401 3893 578 3955 defendere
602 3909 669 3955 non
689 3893 814 3955 curatis
838 3893 983 3967 eosdem,
1004 3911 1064 3956 ve-

269 4003 343 4050 rum
359 3989 458 4053 etiam
474 3990 514 4052 ab
530 3991 579 4052 eis
594 3990 741 4052 indebita
761 3993 912 4068 quedam
928 3993 1064 4069 exigere

269 4099 310 4147 ac
333 4087 531 4166 extorquere
556 4088 701 4148 nitimini
726 4088 836 4149 minus
851 4091 952 4166 juste,
973 4090 1063 4167 ipsos

249 4198 373 4258 ¹super
400 4184 463 4245 boc
486 4185 604 4247 illicite
629 4185 845 4247 molestando.
873 4187 957 4257 Quia
984 4203 1063 4248 voro

270 4281 517 4357 premissorum
539 4280 667 4342 abbatis
690 4281 723 4344 at
741 4283 923 4345 conventus
941 4298 1065 4360 grava-

269 4393 346 4440 men
370 4378 553 4440 indebitum
577 4379 830 4442 conniventibus
850 4379 955 4442 oculis
980 4397 1062 4458 per-

268 4476 413 4539 transire
428 4493 490 4539 nec
504 4477 659 4539 volumus
676 4492 738 4538 nec
756 4476 924 4549 debemus,
941 4477 1065 4539 nobili-

268 4573 369 4636 tatem
381 4575 527 4638 vestram
538 4575 719 4652 rogandam
733 4574 889 4636 duximus
905 4575 1063 4639 attentius

268 4671 303 4732 ct
323 4672 519 4733 monendam
542 4689 601 4748 per
620 4671 810 4748 Apostolica
825 4671 920 4734 vobis
940 4673 1063 4750 scripta

269 4768 475 4842 mandantes,
491 4772 654 4846 quatenus
669 4769 711 4830 ab
735 4785 850 4830 eorum
872 4771 905 4831 et
924 4785 1062 4832 monas-

268 4865 346 4927 terii
361 4867 414 4926 sui
435 4882 536 4942 super
550 4867 732 4944 praemissis
754 4867 984 4930 molestatione
1005 4868 1062 4929 in·

269 4962 379 5026 debita
394 4962 575 5026 desistatis.
590 4963 746 5040 Alioquin
761 4965 946 5026 venerabili
969 4965 1064 5027 fratri

267 5061 620 5123 nostroLausannansi
631 5060 787 5138 episcopo
798 5064 831 5123 et
841 5062 972 5125 dilectis
985 5063 1064 5124 liliis

268 5159 495 5222 Lustriacensi
521 5158 591 5220 et...
623 5159 737 5220 Sancti
768 5159 867 5220 Marii
896 5160 1064 5236 prioribus

268 5258 385 5318 damus
407 5256 532 5319 nostris
552 5255 673 5317 litteris
693 5255 728 5315 in
753 5256 930 5329 mandatis,
948 5259 984 5319 ut
1005 5273 1064 5319 vos

268 5353 310 5414 ad
339 5353 373 5413 id
401 5353 585 5414 monitione
606 5351 780 5428 praemissa
805 5368 1063 5428 percensuram

267 5451 528 5513 ecclesiasticam
555 5448 780 5526 appellatione
814 5451 941 5512 remota
974 5466 1066 5511 com-

268 5549 404 5627 pellant.
421 5549 539 5609 Datum
561 5547 729 5620 Laterani,
747 5549 776 5608 ll
801 5563 906 5610 nonas
935 5549 1063 5627 aprilis

266 5645 479 5724 pontificatus
492 5645 599 5708 nostri
611 5660 700 5707 anno
716 5644 869 5722 septimo.

879 461 1057 525 HONORII
1079 463 1124 524 111
1144 463 1294 526 OPERA.

1445 633 1573 720 XCIII

1419 890 1608 952 Fauentiae.

1402 1019 1528 1092 laprilis
1544 1019 1622 1078 rata.

1231 1141 1382 1207 illiderent,
1393 1145 1480 1194 Actes.
1492 1143 1552 1193 bist.
1570 1142 1715 1203 Faventia„
1727 1141 1795 1208 tid]

1116 1267 1909 1342 Compositionemsupcrpossessionibus,decimis,etc,

1374 1356 1478 1416 laetam
1491 1355 1652 1415 confirmat.

1156 1471 1325 1535 Honorius
1334 1474 1520 1550 episcopm,
1529 1487 1645 1534 servus
1657 1473 1908 1546 servorumbei,
1994 1547 1995 1556 ἵ

1117 1568 1246 1631 dilectis
1261 1569 1340 1631 liliis
1352 1570 1462 1632 abbati
1477 1571 1511 1633 et
1524 1570 1702 1632 conventui
1714 1569 1910 1632 monasterii

1119 1669 1152 1730 s.
1173 1667 1290 1730 Mariae
1313 1667 1542 1745 forisportam
1567 1669 1747 1736 Faventiee,
1769 1666 1910 1730 salutem

1119 1767 1151 1826 ei
1162 1765 1386 1842 apostolicam
1400 1765 1673 1828 benedictIonem.

1980 1 1991 128 l

1844 467 1905 526 312
1991 473 1992 546 l

1115 784 1167 842 Ad
1184 782 1438 845 monasterium
1465 786 1499 846 S.
1516 786 1643 844 Murice
1664 783 1907 858 forisportam

1992 1177 1994 1272 l

1160 1863 1404 1934 Quumanobis
1427 1863 1552 1940 petitur
1566 1862 1651 1940 quod
1671 1862 1799 1939 justum
1817 1860 1912 1922 estet
1995 1869 1996 1886 ¹

1118 1959 1305 2032 honestum,
1320 1961 1388 2023 tam
1411 1961 1508 2036 vigor
1529 1960 1695 2037 equitatis
1715 1975 1813 2036 quam
1829 1959 1911 2020 ordo

1123 2058 1230 2133 exigit
1261 2058 1402 2120 rationis
1438 2060 1475 2121 ut
1499 2056 1533 2117 id
1564 2072 1623 2135 per
1655 2056 1913 2118 sollicitudinem

1118 2151 1911 2231 olflciinostriaddebitumperducaturedectum.
1996 2221 1997 2240 χ

1119 2253 1311 2328 Eapropter,
1341 2251 1454 2312 dilecti
1477 2253 1512 2312 in
1534 2251 1673 2311 Domino
1695 2249 1767 2320 lilii,
1788 2249 1911 2312 vestris

1115 2349 1215 2425 justis
1240 2347 1519 2425 postulationibus
1551 2349 1647 2426 grato
1673 2347 1912 2409 concurrentes

1118 2462 1268 2519 assensu,
1299 2447 1580 2523 compositionem,
1598 2461 1671 2523 quae
1692 2445 1858 2506 intervos
1873 2459 1915 2504 ex
1997 2451 1998 2540 j

1119 2546 1211 2620 parte
1224 2559 1290 2606 una
1314 2546 1346 2606 et
1374 2545 1587 2621 praepositum
1602 2545 1635 2605 et
1652 2541 1833 2620 capitulum
1849 2543 1915 2602 Fa·
1997 2563 1998 2566 ¹

1118 2642 1289 2704 ventinum
1304 2657 1347 2703 ex
1367 2642 1484 2714 altera,
1511 2656 1611 2718 super
1630 2637 1912 2718 possessionibus,

1119 2740 1268 2812 decimis,
1285 2739 1467 2801 redditibus
1487 2739 1520 2801 et
1531 2738 1630 2800 rebus
1643 2738 1730 2808 aliis,
1747 2735 1915 2798 medIanle

1119 2838 1311 2900 cesenaten.
1322 2837 1476 2914 episcopo
1490 2839 1523 2898 et
1534 2836 1665 2898 dilectis
1676 2835 1755 2896 tiliis
1764 2837 1799 2895 B.
1812 2834 1914 2894 Esino
1998 2847 1999 2888 l

1119 2936 1151 2997 et
1166 2937 1209 2996 M.
1225 2934 1417 2997 Ferentinis
1435 2933 1606 2995 canonicis
1623 2930 1846 2994 amicabiliter
1862 2930 1915 2989 in-

1119 3031 1271 3099 tervenit,
1286 3031 1373 3093 sicut
1384 3032 1457 3092 sine
1471 3031 1636 3108 pravitate
1650 3043 1718 3106 pax
1731 3027 1810 3088 inde
1824 3025 1915 3088 lacta

1120 3129 1180 3202 est,
1202 3129 1235 3192 et
1249 3129 1290 3190 ab
1314 3129 1455 3206 duaque
1474 3129 1568 3205 parte
1587 3128 1704 3204 sponte
1720 3125 1868 3201 recepta,
1884 3125 1916 3186 et

1120 3227 1281 3288 hactenus
1298 3227 1435 3303 pacifice
1455 3224 1640 3297 observata,
1663 3224 1698 3285 et
1725 3224 1760 3284 in
1784 3222 1915 3282 instru—
1999 3205 2000 3252 ⁷

1120 3327 1229 3388 mento
1256 3323 1333 3384 inde
1359 3322 1509 3386 conlecto
1542 3323 1673 3400 plenius
1708 3320 1912 3390 continetur,

1120 3422 1315 3484 auctoritate
1338 3421 1527 3498 Apostolica
1560 3419 1812 3491 confirmamus,
1849 3419 1913 3478 etc.

1119 3521 1236 3581 Datum
1247 3519 1415 3592 Laterani,
1433 3521 1462 3579 ΙΙ
1478 3532 1554 3580 non.
1571 3517 1700 3594 aprilis,
1715 3531 1803 3578 anno
1830 3531 1915 3593 sep-

1119 3618 1211 3679 timo.

1453 3855 1577 3944 xciv

1119 4029 1170 4088 Ad
1180 4025 1409 4102 prepositum
1429 4026 1462 4088 et
1481 4025 1669 4100 capitutum
1687 4024 1912 4086 Faventinos.

1400 4156 1418 4216 l
1435 4155 1533 4230 aprilis
1548 4155 1628 4213 1²²3.

1227 4278 1375 4346 [blittarelli,
1387 4281 1487 4330 Access.
1500 4278 1560 4329 bist.
1568 4279 1685 4338 Pavent,
1697 4293 1724 4342 p.
1735 4276 1805 4342 tro]

1118 4405 1360 4478 Compositlonem
1366 4419 1452 4476 super
1457 4401 1697 4477 possessionibus,
1704 4401 1834 4472 decimis,
1845 4409 1913 4472 etc,

1374 4492 1478 4550 lactem
1493 4491 1654 4549 confirmat.

1157 4605 1912 4686 Honoriusepiscopus,servusservorumDei‚

1119 4705 1913 4785 dilectisfiliispraepositoetcapitulob'aventino,

1119 4813 1259 4874 salutem
1274 4811 1307 4872 et
1318 4809 1541 4886 Apostolicam
1556 4807 1832 4869 benedictionem.

1158 4910 1263 4972 Justis
1287 4906 1467 4985 petentium
1496 4905 1671 4966 desideriis
1696 4904 1834 4980 dignum
1864 4905 1916 4964 est

1120 5023 1181 5068 nos
1200 5005 1331 5067 facilem
1356 5003 1505 5081 praebere
1531 5018 1742 5074 consensum,
1772 5003 1805 5063 ei
1823 5003 1912 5071 vota,

1120 5120 1193 5181 quae
1215 5101 1390 5163 arationis
1404 5099 1539 5161 tramite
1553 5113 1619 5159 non
1640 5096 1844 5168 discordant,
1862 5095 1914 5158 ei-

1119 5201 1207 5262 fectu
1239 5199 1458 5276 prosequente
1498 5196 1675 5272 complere.
1717 5195 1914 5271 Eapropter,

1120 5297 1232 5358 dilecti
1247 5297 1281 5356 in
1297 5295 1436 5356 Domino
1451 5293 1523 5366 lilii,
1545 5293 1666 5355 vestrIs
1684 5293 1784 5369 justis
1795 5293 1914 5368 postu-

1120 5393 1299 5457 lationibus
1310 5391 1405 5468 grato
1416 5391 1813 5462 concurrentesassensu,
1824 5405 1916 5450 com-

1121 5492 1316 5570 positionem
1328 5505 1401 5566 quae
1409 5488 1560 5549 intervos
1568 5487 1783 5563 exparteuna
1796 5487 1916 5548 etcon-

1120 5589 1255 5650 ventum
1270 5585 1465 5648 monasterii
1486 5586 1518 5646 S.
1539 5585 1656 5646 Mariae
1676 5583 1758 5645 soris
1785 5585 1915 5660 portam

1121 5685 1339 5748 Paventinam
1364 5697 1408 5744 ex
1433 5682 1550 5754 altera,
1576 5679 1915 5758 superpossessioni-

1119 5783 1192 5856 bus,
1207 5783 1356 5854 decimis
1371 5778 1556 5843 redditibus
1571 5780 1603 5841 et
1618 5777 1718 5841 rebus
1734 5775 1822 5850 aliis,
1840 5792 1913 5838 me-
