4036 6330
786 365 1014 426 urrsronm.
1038 367 1116 426 nra.
1131 353 1194 428 rx.
1744 371 1804 432 ser

535 529 592 616 IV
989 538 993 557 ¹
1011 505 1191 597 rideretur,
1208 493 1402 602 ampliorem
1413 525 1508 588 nobis
1526 526 1680 590 fiduciam
1693 543 1802 606 prees·

416 683 421 694 ,
1012 621 1148 683 titissas.
1183 621 1233 684 nd
1255 622 1499 698 prorogandum
1530 627 1640 686 autem
1667 625 1802 702 treugas

225 683 276 744 ‘M
291 683 511 752 mee‘l‘m’
529 685 746 744 mmmm
766 696 894 760 'wem‘
1011 718 1101 794 ipsas
1117 717 1181 780 etsi
1200 720 1232 780 te
1247 719 1360 780 nostra
1375 721 1563 782 reverentia
1575 737 1642 784 non
1657 722 1799 798 induxit,

439 802 456 860 3
470 801 587 875 augusti
603 802 681 860 ΗΜ·
1009 814 1184 876 induxisse
1195 817 1312 877 saitem
1323 815 1435 878 debuit
1443 818 1663 880 consideratio
1676 821 1802 896 negotii

163 951 169 956 -
196 917 334 982 quanqum,
345 917 405 967 nec.
418 916 461 966 res
472 915 547 973 nist..
558 917 624 972 xlx,
638 916 692 966 757.
705 918 813 980 aegest,
824 916 869 967 rib.
880 918 923 975 lx,
1009 915 1121 974 Terrae
1148 916 1290 984 Sanctae,
1308 917 1441 990 propter
1458 915 1556 992 qnod,
1574 916 1659 978 sicut
1671 918 1703 978 et
1721 919 1800 980 tuno

499 996 623 1060 epistt]
1008 1009 1068 1070 tibi
1095 1010 1268 1071 notificare
1292 1011 1492 1084 curarimus,
1510 1013 1738 1075 ordinavimus
1763 1016 1799 1076 in

162 1103 372 1162 instantissime
401 1111 532 1176 precatur
553 1102 842 1175 regemLudovicum
861 1111 892 1161 ut
909 1105 952 1160 in·
1009 1106 1174 1183 colloquio
1217 1107 1307 1169 inter
1343 1124 1403 1169 nos
1443 1111 1476 1170 et
1515 1111 1724 1172 carissimum
1764 1113 1800 1173 in

198 1192 298 1250 ducias
323 1191 389 1249 belii
415 1205 571 1264 prorogare
603 1193 671 1250 vetit
698 1205 764 1248 curn
796 1193 953 1266 anglorum
1009 1203 1140 1264 christo
1156 1205 1261 1265 filium
1277 1205 1661 1269 Frederinumillustpgm
1677 1211 1805 1270 Roma*

196 1295 277 1353 ῑθὲθ·
1009 1315 1127 1360 norum
1150 1302 1396 1378 imperatorem,
1421 1319 1551 1380 semper
1571 1307 1747 1381 augustum
1767 1305 1800 1368 et

194 1395 954 1474 Honoriusepiscopus...,carissimoinChristo
1008 1411 1120 1472 regem
1134 1399 1257 1459 Siciliae
1272 1399 1448 1472 celebrato,
1463 1402 1499 1462 ut
1509 1417 1574 1476 pax
1586 1402 1675 1464 inter
1686 1417 1799 1464 omnes

158 1491 231 1556 filio
242 1495 355 1556 nostro
374 1495 541 1558 Ludovioo
554 1495 625 1570 regi
638 1495 843 1558 Francorum
863 1494 955 1559 illus·
1009 1494 1225 1566 christianos,
1243 1498 1275 1557 et
1286 1497 1431 1557 maxime
1445 1497 1534 1559 inter
1544 1499 1800 1560 excellentiores

156 1591 215 1661 tri,
233 1591 385 1661 satutem,
403 1592 466 1652 etc.
1008 1591 1189 1668 principes,
1206 1593 1338 1654 interim
1352 1596 1553 1662 servaretur,
1572 1597 1737 1671 quatenus
1752 1595 1801 1658 sic

200 1687 777 1765 bongaeprosperitatisquaregnum
789 1689 952 1760 Franciae,
1008 1689 1072 1764 ipsi
1088 1692 1198 1750 Terrae
1217 1690 1355 1752 liberius
1379 1692 1509 1752 veniret
1534 1691 1575 1752 ab
1598 1693 1688 1752 omni
1706 1693 1800 1769 perte

158 1785 657 1846 concussisiereomnibusaliis
668 1786 792 1862 regnis,
805 1787 954 1847 noscitur
1008 1801 1197 1846 succursus.
1432 1781 1438 1798 ‘

157 1883 325 1952 floruisse,
336 1883 665 1958 primaetpraecipua,
676 1883 952 1946 sicutoommunis
1049 1883 1112 1942 Sed
1128 1884 1197 1944 esto
1211 1883 1295 1960 quod
1310 1883 1352 1943 de
1368 1883 1449 1959 ipsis
1465 1883 1590 1960 treugis
1614 1900 1800 1961 prorogau-

156 1979 260 2044 ranei
274 1980 398 2057 opinio,
414 1995 516 2042 causa
534 1979 694 2056 fuitquod
711 1995 843 2055 semper
856 1995 952 2055 reges
1007 1979 1058 2040 dis
1074 1979 1115 2039 ob
1138 1981 1246 2040 certas
1274 1995 1392 2040 causas
1410 1981 1498 2040 inter
1512 1982 1544 2041 te
1563 1996 1602 2041 ac
1627 1981 1800 2058 praeiatum
1831 2006 1832 2010 ¹

156 2077 277 2138 habuit
292 2077 404 2138 ddeac
420 2076 540 2152 pietate
560 2077 769 2152 conspicuos,
794 2079 954 2140 etsaoro-
1006 2076 1134 2151 Angliee
1160 2091 1283 2151 regem·
1298 2077 1477 2138 convenire
1508 2093 1574 2138 uon
1594 2078 1725 2154 potuit;
1758 2079 1800 2138 ad

155 2174 951 2250 sanctaeitomanaeEcclesiee,quamprovidentia
1007 2172 1203 2232 movendum
1237 2187 1329 2234 arma
1361 2174 1521 2235 continuo
1557 2175 1672 2235 contra
1703 2190 1797 2248 eum,

155 2273 218 2334 Dei
247 2273 387 2336 matrem
418 2272 565 2332 omnium
592 2271 852 2332 christianorum
877 2287 952 2334 esse
1007 2271 1117 2344 spreto
1131 2269 1269 2345 praerato
1285 2270 1578 2335 statuturostroet
1593 2288 1673 2339 cura
1688 2275 1800 2337 terre

154 2369 309 2430 voluitet
323 2369 529 2444 magistram,
553 2369 649 2444 quasi
662 2369 803 2445 quedam
816 2369 950 2443 specia-
1008 2367 1136 2428 Sanctae
1148 2366 1429 2443 postremaque
1439 2369 1620 2432 necessitas
1630 2370 1663 2429 te
1675 2369 1800 2444 coegiti

154 2467 252 2528 litate
267 2466 415 2528 devotos.
432 2467 492 2528 Cui
512 2466 601 2530 euim
622 2466 681 2528 atii
701 2481 810 2528 causae
823 2465 952 2528 tamdi-
1006 2463 1200 2524 Audivimus
1221 2464 1311 2525 enim
1325 2464 1413 2539 quod
1433 2465 1475 2524 ad
1495 2465 1719 2526 invadendum
1728 2467 1798 2526 ter-

154 2579 232 2639 gna
247 2563 393 2626 adscribi
417 2564 526 2640 potest
545 2563 625 2624 dicti
645 2563 740 2638 regni
759 2563 951 2624 continuata
1006 2576 1076 2620 ram
1091 2575 1189 2637 quam
1204 2561 1292 2620 idem
1307 2575 1367 2620 rex
1382 2561 1491 2622 adbuc
1508 2563 1591 2622 citra
1607 2577 1698 2624 mare
1713 2562 1800 2624 obti-

152 2660 299 2724 ielicitas
314 2675 412 2736 quam
422 2660 635 2722 abundantiae
647 2661 779 2737 pietatis
794 2662 827 2722 et
849 2660 952 2720 mise·
1005 2659 1071 2727 net,
1093 2657 1125 2718 te
1140 2657 1288 2732 accingis
1309 2657 1342 2718 et
1357 2673 1415 2734 per
1437 2659 1601 2728 vassallos
1626 2661 1659 2723 et
1673 2657 1800 2724 contee-

152 2757 310 2822 ricordiee
325 2758 395 2828 Dei,
411 2759 445 2821 in
468 2761 563 2834 cujus
586 2773 687 2820 mauu
707 2757 784 2820 sunt
804 2759 951 2820 omnium
1006 2753 1137 2818 demtos
1150 2756 1224 2816 tuos
1240 2751 1348 2816 iecisti
1357 2758 1428 2831 jem
1440 2755 1533 2821 illam
1546 2756 1672 2828 invadi,
1685 2757 1718 2818 et
1740 2755 1798 2837 qui

155 2855 340 2932 potestates
359 2857 459 2931 atque
481 2857 561 2930 jura
581 2869 772 2930 regnorum,
788 2869 808 2916 a
822 2869 887 2932 quo
901 2855 951 2916 est
1006 2851 1040 2910 iu
1068 2852 1260 2928 treugarum
1285 2853 1519 2928 prorogatione
1543 2853 1706 2920 dictarum
1731 2867 1799 2916 non

152 2952 378 3016 omnedatum
400 2953 558 3028 optimum
577 2954 611 3014 et
629 2967 727 3014 omne
741 2951 951 3028 bonumper-
1005 2948 1129 3010 curasti
1160 2948 1354 3026 obsequium
1378 2948 1475 3012 uobis
1500 2949 1706 3026 impendere,
1726 2953 1798 3032 jem

152 3049 289 3121 rectum,
319 3052 417 3126 carius,
433 3049 541 3126 gratia
568 3063 683 3112 omnes
710 3048 794 3112 benc
814 3049 949 3124 agentes
1005 3046 1193 3127 prorumpis
1212 3045 1313 3116 etiam
1329 3046 1370 3106 ad
1385 3045 1558 3118 offensam,
1574 3046 1654 3112 dum
1673 3048 1798 3108 statuto

153 3149 319 3225 praevenit
340 3149 375 3210 et
390 3147 604 3224 subsequitur
617 3147 765 3222 largiens
786 3146 949 3210 ineffabili
1005 3142 1091 3220 quod
1117 3143 1158 3204 da
1184 3159 1266 3222 pace
1292 3143 1457 3206 servanda
1486 3143 1650 3206 edidimus
1674 3143 1796 3222 incipis

152 3243 304 3306 borritate
317 3243 468 3313 virtutes,
483 3243 519 3306 ut
529 3243 562 3303 et
570 3242 718 3318 ipsarum
729 3242 866 3318 praemia
881 3242 951 3304 lar-
1004 3241 1183 3302 contraire.
1198 3241 1292 3306 Certe
1308 3241 1415 3318 ipsius
1430 3243 1541 3305 Terrae
1557 3242 1686 3306 Sancte
1701 3257 1800 3321 uago·

151 3339 287 3416 giaturi
301 3340 430 3402 bivirae
451 3339 567 3416 procui
581 3338 680 3402 dubio
694 3339 811 3414 gratiae
826 3339 948 3401 donum
1004 3339 1088 3398 tium
1112 3355 1282 3416 nunquam
1298 3340 1406 3416 magis
1432 3355 1491 3416 per
1503 3339 1606 3405 eiiam
1625 3355 1725 3419 quam
1739 3354 1803 3416 per

150 3437 227 3508 luit,
244 3436 330 3516 quod
345 3436 531 3500 recolendae
549 3435 719 3498 memoriae
734 3435 949 3511 pateretalii
1004 3437 1100 3510 regni
1133 3438 1284 3500 Francia
1309 3435 1490 3514 potentiam
1512 3437 1562 3498 est
1597 3437 1797 3514 promotum,

150 3531 384 3607 progenitores
409 3531 458 3592 tui
480 3533 683 3596 Francorum
707 3529 950 3604 regestueruut
1003 3532 1085 3593 Vide
1109 3533 1212 3608 igitur
1239 3535 1452 3608 quantumin
1475 3533 1548 3610 ipse
1577 3533 1684 3598 officis
1698 3533 1797 3597 tames

150 3628 271 3694 ideae
297 3628 474 3693 dovotione
500 3627 672 3703 praecipui,
699 3629 731 3690 et
754 3627 855 3703 hujus
870 3627 947 3688 doni
1003 3629 1079 3700 tuae,
1108 3630 1136 3690 si
1148 3629 1313 3705 praedictaa
1335 3634 1446 3694 Terrae
1465 3631 1595 3692 Sanctae
1622 3645 1795 3702 succursu,

150 3725 467 3801 premiumpraeter
478 3724 671 3789 felicitatem
681 3726 947 3800 aeternamquam
1003 3725 1131 3804 quiper
1158 3741 1296 3800 regnum
1322 3729 1417 3788 tuum
1434 3726 1609 3788 consuerit
1628 3727 1797 3804 praecipua
1846 3737 1850 3746 ·

150 3821 228 3885 illos
253 3821 366 3885 divino
383 3837 521 3884 munere
545 3821 713 3884 credimus
737 3821 946 3894 consecutos,
1003 3823 1200 3898 promoveri,
1218 3838 1277 3900 per
1291 3822 1385 3894 illud,
1411 3823 1443 3884 te
1457 3823 1627 3899 regnante,
1645 3823 1796 3898 contige-

148 3919 215 3979 iuit
227 3919 327 3980 etiam
343 3919 536 3996 temporalis
551 3919 756 3995 prosperitas
769 3933 846 3994 qua,
863 3917 949 3979 sicut
1002 3919 1046 3980 rit
1057 3918 1220 3996 impediri.
1232 3917 1314 3978 Vide
1324 3919 1424 3980 etiam
1434 3920 1470 3980 in
1480 3918 1798 4001 quantamnosditii·

147 4019 219 4092 jam
245 4015 514 4092 praenotavimus,
548 4015 800 4076 antecesserunt
833 4030 946 4076 omnes
1002 4015 1157 4078 cultatem
1172 4015 1323 4086 inducas,
1338 4017 1395 4092 qui
1406 4018 1512 4080 ettuae
1523 4017 1675 4094 cupimus
1691 4015 1797 4078 subii-

148 4113 221 4174 iere
234 4113 426 4188 aliosreges
453 4111 578 4175 mundi.
596 4113 635 4172 Et
656 4111 787 4187 quidem
801 4125 889 4188 saepe
903 4113 946 4182 te,
1001 4113 1108 4176 mileti
1131 4111 1272 4184 deterre,
1298 4113 1331 4175 et
1349 4113 1487 4190 praetato
1505 4115 1698 4190 imperatori
1713 4129 1795 4190 pm-

148 4211 199 4271 dli
215 4209 399 4280 carissime,
413 4209 535 4270 affectu
556 4210 693 4285 paterno
709 4208 895 4269 monuimus
911 4209 947 4269 ut
1001 4210 1150 4274 misimus
1185 4225 1242 4272 eos
1284 4210 1341 4286 qui
1379 4211 1547 4274 violarent
1583 4211 1797 4288 saepedictum

147 4308 186 4368 in
218 4307 271 4367 bis
291 4307 442 4368 studeres
464 4321 579 4367 eorum
603 4306 744 4380 vestigia
760 4305 895 4376 imitari,
912 4307 946 4366 et
992 4309 1158 4372 statutum
1174 4307 1380 4370 districtione
1396 4309 1558 4369 canonica
1572 4323 1739 4370 coercere.

147 4403 269 4482 quibus
293 4419 329 4464 es
349 4403 448 4479 digne
464 4417 637 4464 successor
660 4403 695 4462 in
710 4418 861 4478 regnum,
880 4402 946 4463 stu·
1041 4407 1207 4481 Rogamus
1222 4406 1324 4480 igitur
1336 4405 1547 4466 serenitatem
1560 4404 1795 4469 tuametobse·

147 4503 245 4563 deres
268 4501 446 4562 succedere
472 4501 573 4562 etiam
589 4500 624 4565 in
639 4499 758 4560 decore
773 4500 942 4570 virtutum,
1001 4517 1135 4563 cramus
1162 4503 1195 4564 in
1211 4503 1351 4564 Domino
1368 4505 1447 4564 iesu
1460 4501 1604 4572 Christo,
1618 4503 1792 4578 quatenus,

147 4599 246 4676 idque
270 4599 303 4660 te
324 4598 490 4661 iacturum
505 4614 563 4673 spe
576 4597 667 4660 certa
683 4595 891 4668 confidimus,
910 4599 943 4659 et
999 4599 1194 4662 baecomnia
1215 4599 1396 4676 prudenter
1415 4597 1600 4666 attendens,
1624 4597 1665 4660 ab
1680 4599 1794 4675 impu-

146 4711 310 4773 generoso
321 4695 458 4772 stipitia
473 4710 538 4772 quo
554 4693 648 4758 ducis
657 4693 832 4770 originem,
851 4693 943 4755 lutus
998 4697 1154 4771 gratione
1176 4696 1274 4761 terrae
1299 4694 1377 4756 dicti
1397 4695 1487 4770 regis
1506 4694 1547 4756 ob
1571 4696 1794 4758 reverentiam

146 4811 222 4854 rum
241 4794 342 4854 etiam
366 4791 528 4854 fructibus
552 4790 695 4852 similem
722 4790 889 4852 credimus
911 4794 944 4853 et
998 4793 1143 4854 divinam
1152 4793 1185 4853 et
1197 4793 1344 4854 nostram
1355 4791 1535 4866 abstineas,
1548 4794 1580 4854 et
1593 4793 1666 4855 tuos
1678 4793 1793 4855 subdi·

147 4907 331 4968 speramus.
996 4893 1047 4952 tos
1062 4888 1350 4960 iaciasabstinere,
1369 4905 1495 4966 nosque
1516 4891 1654 4952 interim
1667 4892 1792 4954 resumi

187 4989 360 5058 ceterum,
370 4985 398 5046 si
412 5001 537 5061 preces,
550 4984 651 5045 immo
662 4986 758 5061 quasi
778 4985 941 5061 primitias
997 4987 1154 5048 iaciemus
1166 4987 1358 5062 treugarum
1374 4987 1550 5048 tractatum
1566 4989 1598 5049 et
1615 4988 1656 5048 ad
1669 4988 1791 5048 bonum

146 5101 293 5162 precum,
310 5097 391 5160 quas
413 5082 473 5143 tibi
497 5082 706 5158 porreximus
727 5099 787 5158 pro
814 5083 941 5157 treugis
996 5084 1106 5154 linem,
1122 5086 1188 5144 Deo
1206 5083 1360 5154 donante,
1378 5085 1525 5160 perduoi.
1542 5085 1668 5145 Taliter
1682 5083 1791 5146 autem

145 5183 234 5243 inter
246 5182 279 5244 te
295 5197 334 5241 ac
349 5179 515 5240 illustrem
536 5194 647 5254 regern
670 5179 800 5255 angliae
823 5195 942 5255 proro-
996 5189 1092 5240 cures
1107 5180 1268 5240 exaudire
1282 5195 1396 5256 preces
1408 5182 1538 5241 nostras
1550 5180 1791 5258 hacvicequod

145 5279 278 5355 gardis,
295 5276 638 5348 meliusexaudisses,
664 5275 840 5339 tribuisses
862 5275 939 5336 huic
995 5277 1155 5340 adversus
1181 5277 1371 5353 precamina
1400 5279 1515 5338 nostra
1547 5293 1613 5338 non
1642 5277 1788 5340 videaris

145 5379 269 5437 nostrae
285 5375 355 5452 spei
383 5373 617 5436 certitudinem
641 5373 838 5450 pleniorem,
856 5379 888 5433 et
899 5372 939 5432 ad
995 5390 1094 5435 aures
1109 5376 1142 5435 et
1156 5375 1303 5434 animum
1318 5374 1525 5445 obfirmasse,
1541 5374 1626 5451 quod
1637 5375 1789 5436 noradi-

146 5472 381 5550 porrigendum
397 5471 483 5534 alias
502 5467 560 5550 (l),
586 5485 658 5532 curn
680 5485 735 5531 res
757 5483 939 5546 exposcere
995 5487 1066 5534 mas
1082 5471 1177 5534 nobis
1197 5470 1351 5534 fiduciam
1378 5469 1418 5534 de
1440 5472 1560 5535 cetero
1582 5471 1614 5534 te
1638 5471 1790 5550 rogandi,

184 5675 224 5748 tl)
255 5675 439 5767 Videsupra.
455 5671 502 5730 lib.
518 5675 593 5743 vill,
608 5673 689 5745 rpist.
706 5671 740 5730 66
758 5679 785 5729 ct
807 5673 866 5730 129.
