4102 6322
67 385 108 443 17
696 384 939 456 1111810131.
961 383 1118 460 133-13.
1699 381 1740 444 18

69 543 261 621 quatenus,
282 545 319 614 et
333 543 438 608 divini
453 546 599 610 nominis
614 545 723 610 cultus
738 545 888 610 celebre-

68 642 180 702 turin
198 642 341 714 33133,
359 643 392 705 31
406 644 470 706 hoc
488 646 611 706 nostrae
635 644 822 707 devotionis
836 645 890 706 in-

71 739 400 818 dicioibiperpetuo
411 743 636 818 permanente,
647 742 770 804 ibidem
783 743 890 806 nostri

71 837 246 898 memoria
272 838 313 898 in
330 837 562 902 benedlotione
572 841 698 916 jugiter
714 839 887 902 habeatur.

24 970 28 976 -
73 936 162 996 Hinc
187 936 249 996 est
275 935 366 1013 quod
386 937 583 1000 auctoritate
604 938 818 1015 praesentium
837 938 892 998 in·

73 1032 236 1094 bibemus
267 1049 442 1110 expresse,
473 1051 514 1096 ne
553 1035 627 1113 quis
646 1051 697 1108 ea,
729 1051 804 1113 quaa
826 1035 890 1112 ipsi

76 1130 237 1191 ecclesiae
254 1132 296 1192 in
312 1148 405 1204 auro,
418 1133 568 1208 argento,
583 1134 703 1210 pannis
716 1133 844 1206 sericis,
859 1133 891 1194 31

20 1288 25 1303 ,
77 1227 359 1306 quibuscumque
374 1229 450 1290 aliis
462 1231 698 1294 ecclesiasticis
712 1247 892 1294 ornamen-

78 1327 132 1396 tis,
163 1343 282 1403 usque
313 1328 355 1388 ad
374 1328 461 1389 banc
489 1329 577 1390 diem
600 1329 812 1401 contulimus
836 1330 890 1390 vel

79 1424 181 1484 etlam
210 1424 251 1496 in
273 1424 446 1501 posterum
472 1425 695 1498 conferemus,
719 1426 788 1488 ullo
806 1426 892 1488 tem-

80 1537 161 1597 pore
185 1520 515 1596 donare,·vendere,
533 1523 693 1600 obllgare,
721 1524 762 1584 ad
789 1523 891 1584 alium

35 1627 45 1634 ·
82 1617 193 1680 locum
221 1619 425 1694 transferre,
455 1637 515 1682 seu
543 1621 788 1699 quomodolibet
808 1621 893 1682 alie-

81 1731 175 1788 nare,
191 1717 250 1776 vel
268 1716 312 1778 ab
324 1717 397 1794 ipsa
416 1716 559 1780 ecclesia
572 1719 784 1797 sequestrare
799 1733 890 1795 prae-

84 1815 211 1888 sumat3
228 1815 293 1876 sed
308 1818 527 1878 conservetur
537 1815 659 1877 ibidem
673 1816 714 1878 ad
730 1830 893 1877 exornan-

85 1910 159 1971 dum
172 1911 453 1984 divinaservitia,
466 1913 671 1991 temporibus
684 1913 890 1990 opportunis.

86 2007 211 2085 Siquis
227 2011 361 2083 autem,
377 2011 457 2072 huic
467 2011 590 2073 nostrae
604 2010 795 2074 inhibitioni
806 2027 893 2088 prae-

88 2108 273 2182 sumpserit
286 2109 466 2180 contraire,
482 2109 647 2171 sententia
663 2108 894 2170 excommuni-

88 2205 244 2278 cationis,
268 2208 306 2268 et
332 2207 565 2276 anathematis,
582 2222 618 2269 se
639 2207 770 2268 noverit
795 2208 894 2268 innc-

90 2301 211 2375 datum‚
230 2319 336 2381 quam
350 2319 393 2366 ox
407 2306 546 2366 nuncin
562 2304 711 2382 ejusdem
726 2305 894 2368 inhibitlo-

90 2400 140 2462 nis
152 2401 429 2478 transgressores
453 2403 618 2480 quoslibet
630 2404 891 2481 promulgamus.

91 2498 206 2560 Datum
222 2500 399 2573 Laterani,
420 2503 481 2564 VII
502 2501 663 2562 kalendas
689 2500 891 2574 novembris,

93 2595 310 2671 pontificatus
325 2596 432 2659 nostri
447 2612 536 2658 anno
547 2597 652 2660 sexto.

129 2731 171 2788 13
209 2733 376 2791 canadam
403 2733 542 2792 modam
568 2731 738 2804 scriptam
771 2730 823 2792 est
851 2730 892 2790 ad

98 2823 301 2900 Stephanum
319 2826 471 2889 abbatem
487 2827 520 2888 et
535 2828 734 2890 conventum
757 2843 895 2890 monas·

96 2920 166 2982 terii
184 2924 413 2986 cassinensis.
440 2922 775 3004 (solinaricense
789 2927 895 2988 ahba-

100 3017 152 3080 113
171 3023 405 3093 cassinensis,
423 3025 465 3096 11,
481 3019 533 3104 3.)

438 3317 550 3406 XXII

131 3469 178 3527 Ad
191 3468 352 3531 abbatem
370 3470 490 3531 Sancti
503 3471 620 3532 Jacobt
634 3472 675 3530 de
689 3471 859 3540 Prasino,

301 3568 510 3629 8313333313
524 3570 690 3630 diaecesis.

365 3705 401 3763 27
415 3704 539 3763 octobris
555 3706 635 3767 1111.

136 3824 248 3891 [liegest.,
258 3827 306 3878 lib.
319 3829 361 3892 vl,
376 3827 503 3893 3313111.
519 3830 577 3879 lisa.
590 3830 627 3880 La
636 3829 712 3879 Porta
724 3827 758 3879 du
771 3827 864 3894 113311]

109 3937 214 4000 1133131
227 3951 259 4002 31
277 3942 313 4002 ad
329 3945 468 4002 cautelam
484 3943 632 4018 impendat
645 3943 831 4002 absolutionis
844 3944 895 4002 be·

140 4027 267 4088 3313133
294 4034 433 4106 magistro
454 4032 613 4105 Stephano,
634 4047 672 4090 ne
693 4031 764 4090 13313
783 4029 897 4090 3133313

140 4117 336 4178 311133313133
349 4137 399 4194 333
414 4121 549 4178 vicesima
567 4136 624 4178 non
639 4120 740 4178 solnta.

145 4243 319 4318 Honorius,
335 4247 411 4319 eta,
429 4247 549 4308 dilecto
565 4246 633 4308 tilio
655 4246 768 4308 abbati
785 4247 898 4309 Sancti

113 4337 216 4402 iacobi
230 4343 271 4405 de
285 4345 431 4405 Pruvino
452 4345 618 4405 Senonen.
641 4344 804 4422 dioecesis.

147 4437 300 4516 Magister
314 4442 502 4518 Stephanus
518 4442 714 4504 dePruvino
731 4459 791 4503 sua
803 4441 897 4504 nobls

116 4534 258 4606 petitione
285 4541 491 4612 monstravit,
519 4539 606 4616 quod
632 4556 706 4600 cum
728 4541 823 4601 extra
843 4555 899 4602 re-

115 4641 204 4701 gnum
214 4637 363 4698 Franciae
377 4637 479 4698 studii
494 4653 595 4698 33333
611 4637 807 4710 consistens,
825 4653 899 4714 pro-

119 4731 249 4794 curatori
264 4749 324 4794 sno
335 4735 538 4810 injunxisset
551 4749 722 4811 expresse,
736 4735 772 4796 ut
782 4734 899 4796 vicesi-

119 4835 193 4886 mam
204 4831 419 4905 proventuum
430 4832 651 4908 ejussingulis
661 4832 759 4892 annis
770 4832 898 4908 integre

945 544 986 608 ad
1009 543 1204 616 solvendum
1227 541 1269 607 de
1290 541 1506 621 proventibus
1527 543 1600 622 ejus
1613 540 1739 606 313331-

945 659 1033 704 mam
1063 640 1201 704 minime
1238 641 1424 703 tenebatur.
1461 641 1554 704 Unde
1582 639 1741 718 praefatus

945 741 1104 816 magister
1118 738 1233 802 volens
1254 755 1273 800 a
1291 739 1494 801 conscientia
1516 753 1577 799 333
1599 753 1742 816 333333-

945 839 1013 899 lum
1028 853 1211 910 removere,
1228 836 1269 897 ad
1285 853 1346 898 nos
1368 837 1463 899 duxit
1479 836 1616 914 provide
1630 851 1742 898 33333·

945 934 1096 1007 333133,
1114 934 1316 1010 supplicans,
1335 934 1371 995 ut
1391 950 1465 994 cum
1479 933 1673 994 vicesimam
1688 933 1742 1010 ip-

944 1047 1027 1104 sam,
1043 1030 1425 1102 313311331333133311,
1439 1029 1567 1092 solvere
1581 1031 1624 1092 sit
1636 1045 1740 1107 para-

944 1130 1013 1200 tus,
1038 1128 1167 1190 absolvi
1196 1128 1382 1190 taceremus
1411 1128 1572 1200 eumdem,
1602 1128 1630 1188 si
1657 1127 1741 1188 torte

945 1227 1115 1289 vinculum
1135 1226 1269 1304 aliquod
1290 1242 1351 1302 pro
1374 1225 1743 1288 111133131331133313-

946 1323 1060 1386 currit.
1082 1325 1152 1385 Nos
1172 1324 1275 1402 igitur
1294 1323 1513 1399 attendentes,
1530 1323 1617 1400 quod
1639 1319 1741 1384 abbas

945 1422 978 1483 et
999 1422 1182 1484 conventus
1205 1422 1356 1498 praedicti
1379 1423 1495 1498 procul
1515 1420 1615 1483 dubio
1630 1419 1742 1482 solve-

945 1518 1020 1580 rent
1034 1518 1074 1579 de
1097 1519 1237 1596 grangia
1252 1519 1411 1596 praedicta
1429 1518 1636 1592 vicesimam,
1651 1519 1680 1579 31
1699 1517 1741 1579 31

946 1632 1064 1677 33333
1084 1632 1162 1678 3333
1184 1616 1333 1679 333133
1354 1617 1529 1692 grangiam
1548 1615 1741 1688 retinerent,

946 1730 986 1775 33
1000 1713 1075 1776 1133
1085 1713 1189 1775 131133
1205 1714 1435 1776 existimantes
1446 1715 1482 1776 ut
1492 1713 1641 1776 eamdem
1651 1703 1744 1775 3133-

947 1811 1065 1872 simam
1078 1812 1184 1874 dictus
1197 1811 1356 1887 magister
1371 1810 1532 1882 exsolvat,
1549 1809 1743 1878 discretioni

946 1909 1011 1970 tuae
1027 1924 1086 1985 per
1096 1906 1284 1984 1333131133
1300 1907 1424 1985 3331313
1443 1908 1651 1979 33313333,
1664 1921 1744 1983 qua·

946 2007 1044 2067 tenus
1074 2021 1147 2066 earn
1176 2005 1320 2081 recipias
1351 2002 1393 2064 ab
1424 2004 1539 2066 eadem
1569 2003 1605 2064 in
1631 2005 1743 2065 Terrae

949 2102 1078 2165 Sancta>
1094 2101 1278 2163 subsidium
1300 2100 1567 2172 convertendam,
1586 2099 1666 2162 licet
1686 2115 1743 2160 au-

947 2199 1123 2262 1331133
1149 2199 1308 2275 magister
1336 2197 1552 2259 3311331333
1578 2197 1743 2258 1333333

947 2296 1289 2360 3113313331333133
1310 2295 1504 2367 incurrisse,
1527 2310 1601 2356 cum
1621 2310 1744 2355 secun-

948 2394 1025 2456 dum
1038 2411 1089 2466 ea,
1102 2410 1175 2471 quae
1192 2393 1363 2470 praemissa
1377 2393 1455 2454 sunt
1469 2392 1561 2452 nulla
1576 2392 1611 2452 in
1627 2406 1666 2452 eo
1677 2407 1746 2452 ma-

948 2492 1021 2556 litia
1037 2491 1138 2554 luerit
1150 2478 1434 2567 3313331333133,
1452 2490 1481 2550 31
1499 2491 1612 2551 13333
1626 2488 1745 2551 volue-

948 2590 1003 2664 rit,
1019 2590 1120 2652 iidem
1140 2587 1338 2650 auctoritate
1358 2586 1474 2648 nostra
1493 2585 1665 2664 impendas
1680 2583 1744 2645 ab·

949 2689 1115 2750 solutione
1140 2683 1338 2747 beneficium
1362 2683 1404 2745 ad
1426 2684 1601 2747 cautelam.
1626 2682 1745 2744 Datum

949 2785 1116 2858 Laterani,
1133 2787 1177 2846 Vl
1193 2783 1261 2846 hal.
1279 2782 1468 2848 novembris
1484 2797 1572 2844 anno
1590 2781 1696 2844 sexto.

1281 3035 1414 3122 XXIII

1058 3189 1109 3248 Ad
1128 3166 1414 3250 cameracensem
1427 3187 1634 3260 3313333313.

1210 3319 1244 3377 tl
1259 3316 1384 3376 octobris
1404 3317 1484 3376 1111.

997 3441 1118 3508 [Regest.,
1127 3441 1172 3492 lib.
1184 3441 1227 3501 vl,
1240 3415 1280 3506 ep.
1296 3439 1334 3490 11.
1348 3441 1406 3491 1133.
1420 3443 1458 3492 La
1469 3442 1544 3491 Porto
1556 3440 1590 3491 13
1603 3437 1699 3503 113311]

950 3559 1066 3619 blandai
1084 3561 1206 3616 3131333
1228 3558 1347 3615 31331333
1369 3557 1397 3613 13
1417 3554 1575 3613 minoribus
1600 3552 1748 3611 ordinibus

985 3648 1163 3716 constitutos,
1182 3647 1230 3718 qui
1247 3645 1439 3703 ecclesiastica
1455 3643 1594 3701 1333311313
1614 3642 1746 3700 obtinue-

985 3741 1051 3793 3331
1074 3743 1103 3792 31
1126 3735 1306 3791 3313133313
1335 3739 1664 3800 contraxerunt,statuat
1678 3728 1747 3804 quid

986 3824 1143 3882 secundum
1159 3827 1249 3881 heum
1264 3822 1366 3882 viderit
1379 3821 1573 3880 statuendum.
1693 3811 1697 3816 ’

991 3950 1169 4021 Honorius,
1187 3950 1263 4021 313,
1276 3947 1462 4010 venerabili
1478 3946 1612 4009 tratri...
1629 3947 1748 4007 Came-

951 4063 1063 4110 racen.
1083 4047 1248 4124 episcopa,
1263 4047 1417 4116 salutem,
1434 4045 1496 4106 313.

991 4144 1039 4207 hd
1065 4146 1211 4206 nostram
1235 4145 1370 4206 noveris
1393 4143 1598 4206 3311331133
1625 4156 1749 4219 perve-

952 4243 1054 4313 nisse,
1071 4241 1308 4320 quodquidam
1330 4242 1444 4303 clerici
1459 4242 1525 4302 tuae
1545 4239 1698 4301 diaecesis
1713 4237 1749 4298 in

952 4339 1136 4401 minoribus
1148 4339 1319 4401 ordinibus
1331 4339 1512 4409 constituti,
1521 4335 1748 4398 ecclesiastica

951 4437 1113 4500 beneficia
1125 4437 1310 4499 obtinentes
1323 4453 1343 4498 a
1357 4436 1469 4497 multis
1480 4434 1655 4497 retroactis
1669 4433 1749 4494 tem·

953 4535 1088 4612 poribus
1101 4535 1313 4610 matrimonia
1335 4533 1583 4603 contraxerunt,
1599 4546 1659 4606 pro
1679 4545 1748 4590 suae

953 4633 1091 4694 arbitrio
1113 4633 1294 4694 3313313113
1309 4630 1526 4691 nihilominus
1546 4629 1581 4689 in
1599 4625 1749 4704 133313-

952 4731 1054 4793 tentis
1067 4730 1238 4792 beneflciis
1253 4728 1495 4790 ministrantes.
1510 4728 1579 4787 Nos
1594 4725 1697 4801 igitur
1709 4725 1750 4786 de

954 4828 1153 4890 discretione
1164 4828 1220 4888 tua
1231 4828 1384 4902 gerentes
1397 4825 1554 4886 fiduciam
1565 4823 1749 4901 pleniorem

121 4918 261 5000 solveret,
283 4929 463 5016 secundum
491 4930 650 4992 statutum
674 4928 814 4991 Concilii
839 4945 899 5005 ge-
952 4925 1122 5002 negotium
1144 4925 1252 5002 ipsum
1271 4923 1344 4991 tibi,
1361 4923 1507 5001 quicum
1528 4936 1644 4983 eorum
1666 4921 1751 4981 dioe-

122 5021 241 5096 neralis,
254 5025 340 5087 idem
351 5029 546 5103 procurator
556 5027 776 5105 proventuum
791 5028 899 5104 cujus-

953 5039 1095 5085 cesanus
1110 5022 1248 5094 existas,
1257 5022 1297 5083 de
1308 5021 1392 5098 ipsc,
1405 5021 1522 5096 atejus
1535 5018 1751 5080 circumstan-

123 5108 185 5174 133
202 5123 358 5198 grangia,
382 5139 530 5200 qnam...
552 5123 654 5185 abhas
670 5126 703 5186 31
716 5126 898 5186 333333133
952 5120 1010 5182 tiis
1030 5119 1198 5181 universis
1219 5119 1306 5180 scire
1328 5118 1451 5196 poteris
1473 5117 1605 5194 plenius
1619 5115 1749 5177 verita·

123 5205 156 5268 de
172 5213 301 5280 Britolio
323 5219 411 5282 dioto
432 5220 590 5298 magistro
612 5221 734 5283 133113
757 5237 818 5282 sua
840 5220 899 5282 de-
952 5219 1031 5286 tem,
1056 5216 1211 5278 duximus
1243 5214 1524 5285 committendum,
1546 5209 1750 5277 fraternitati

125 5302 235 5386 derunt,
255 5316 447 5378 vicesimam
466 5334 533 5380 non
558 5318 728 5395 persolvit,
742 5332 898 5379 asserens
952 5314 1019 5375 tuae
1031 5329 1091 5391 per
1102 5312 1293 5391 Apostolica
1310 5311 1433 5387 scripta
1448 5309 1657 5380 mandantes,
1673 5323 1752 5386 qua·

125 5415 154 5462 se
167 5421 254 5486 super
266 5413 329 5476 hoc
341 5415 432 5476 viros
444 5415 652 5477 consuluisse
665 5415 801 5493 peritos,
815 5414 898 5478 etab
952 5411 1049 5474 tenus
1071 5427 1171 5489 super
1193 5411 1248 5472 bis
1268 5409 1466 5471 auctoritate
1488 5407 1603 5468 nostra
1622 5407 1750 5468 statuas

127 5498 167 5558 eis
183 5505 238 5568 sibi
256 5511 359 5574 luisse
378 5527 587 5590 responsum,
603 5512 689 5589 quod
703 5529 778 5574 cum
792 5512 898 5574 laicus
954 5509 1043 5570 circa
1058 5509 1149 5585 ipsos
1164 5508 1250 5586 quod
1267 5507 1448 5568 secundnm
1465 5508 1569 5566 Deum
1585 5505 1625 5566 ad
1641 5504 1749 5565 hono-

126 5595 222 5664 tenere
235 5610 344 5683 posset
358 5609 531 5686 grangiam
543 5610 778 5688 supradictam,
794 5609 828 5670 et
841 5609 900 5670 ali·
952 5621 1023 5668 rem
1039 5605 1194 5667 Ecclesiae
1215 5605 1341 5666 videris
1367 5603 1589 5676 statuendum,
1615 5601 1750 5664 contra-

130 5699 238 5766 luando
255 5707 354 5767 etiam
375 5706 547 5782 tenuisset,
562 5705 719 5785 praelatus
740 5702 899 5782 magister
953 5703 1096 5766 dictores
1115 5719 1175 5782 per
1202 5713 1379 5764 censuram
1398 5700 1659 5764 ecclesiasticam
1689 5712 1751 5775 ap-
