3948 6326
281 345 342 408 519
896 347 1072 409 HONORII
1095 348 1140 409 ΙΙΙ
1161 349 1311 412 OPERA.
1861 351 1912 411 520
1959 385 1960 394 κ

281 505 472 582 capitulum‚
481 505 650 582 proprium
662 503 786 568 habere
799 507 1076 585 sigillumprovi·
1129 510 1246 584 tinere,
1271 511 1423 588 personis
1445 509 1575 571 idoneis
1600 507 1760 582 conterat,
1787 525 1858 585 quae
1882 511 1912 570 in

281 603 1073 682 dereneoontraprohihitionemtuamproprium
1129 607 1216 668 dicta
1238 607 1380 668 ecclesia
1394 607 1509 678 velint,
1536 607 1569 668 et
1591 605 1726 668 valeant
1740 605 1908 667 deservire.

281 700 407 762 iaciant
439 700 596 762 fabricari
626 701 792 778 sigillum,
822 704 881 763 aut
910 702 1072 774 habeant,
1129 705 1220 776 Quod
1232 707 1261 766 si
1272 721 1338 766 non
1349 705 1631 776 omneS,etc.Dat.
1644 705 1911 775 Laterani,llka·
1960 741 1961 768 r

279 797 333 858 vel
364 799 500 861 utantur
527 799 653 870 eodem,
681 800 824 861 sollicite
845 799 1070 875 dignaremur.
1129 802 1244 864 tendas
1259 803 1432 873 februarii,
1449 818 1537 864 anno
1552 805 1680 864 oetam.
1960 805 1961 812 ³

280 897 349 956 Nos
365 898 475 957 autern
495 897 561 957 tuis
577 913 677 973 super
693 897 754 958 hoc
766 896 1075 974 precihusannuen·

278 995 329 1056 tes
346 993 379 1053 id
395 994 468 1054 fleri
484 995 681 1056 auctoritate
697 996 911 1071 praesentium
936 996 1072 1057 distric-

279 1091 346 1152 tius
370 1091 570 1163 inhibemus,
598 1094 759 1163 volentes,
789 1093 817 1152 si
844 1093 922 1169 quid
948 1093 1074 1156 temere
1462 1071 1590 1159 CVIII

279 1190 394 1250 contra
410 1192 646 1266 praesumptum
662 1189 771 1262 luerit,
789 1190 915 1250 nullius
930 1191 1074 1253 existere

279 1285 456 1348 firmitatis.
482 1288 575 1348 Nulli
596 1303 686 1363 ergo,
705 1289 780 1360 eto,
809 1288 895 1348 hanc
917 1289 1073 1364 paginam

278 1386 401 1446 nostrae
415 1384 625 1446 inhibitionis
641 1385 836 1461 intringere,
861 1386 922 1447 etc.
949 1386 984 1446 Si
999 1387 1073 1463 quis

277 1485 398 1554 autem,
416 1483 479 1544 etc.
496 1485 615 1544 Datum
640 1483 807 1555 Laterani,
827 1485 857 1544 X
883 1483 951 1544 ital.
976 1483 1071 1555 lehn,

276 1579 508 1641 annooctaro.

1269 1225 1320 1283 Ad
1333 1225 1548 1300 liupatonen.
1572 1227 1779 1296 episcopum.

1394 1354 1428 1412 23
1437 1353 1562 1427 ianuarii
1576 1354 1655 1412 caat.

1153 1476 1273 1541 [flegcst.,
1285 1477 1330 1530 lib.
1342 1478 1407 1536 vill,
1416 1477 1622 1542 opinaturis.
1633 1479 1752 1530 LaPorte
1761 1479 1797 1530 du
1806 1479 1892 1542 rnen]

1146 1599 1261 1660 blandat
1276 1609 1306 1660 ut
1320 1602 1431 1660 duobus
1445 1603 1556 1660 clericis
1570 1605 1768 1660 suaeecolesiae
1782 1604 1894 1660 altemnr
1962 1575 1963 1640 l

1312 1691 1482 1748 beneficium
1494 1691 1623 1749 conterre
1634 1693 1733 1765 possit.

1167 1818 1345 1889 Honorius,
1363 1819 1439 1890 ete,
1453 1817 1638 1880 venerabili
1654 1817 1790 1879 fratri...
1808 1820 1911 1894 Maga-

1127 1919 1238 1979 lonen.
1251 1917 1418 1994 episcopo,
1432 1916 1573 1978 salutem
1587 1917 1620 1978 et
1630 1915 1907 1994 Apostolicamhe·

1127 2015 1361 2078 nedictionem.
1963 2003 1964 2046 l

1168 2111 1385 2190 supplicastis
1409 2111 1505 2172 nobis
1522 2111 1568 2184 ut,
1592 2127 1692 2188 quum
1715 2111 1784 2174 iere
1805 2128 1908 2172 omncs

1125 2211 1334 2289 parochiales
1370 2209 1520 2272 scelestae
1557 2210 1623 2271 tuae
1661 2209 1818 2270 dioecesis
1842 2211 1909 2271 tunc

1126 2311 1208 2372 adeo
1224 2311 1341 2371 tenues
1355 2308 1391 2369 in
1402 2307 1597 2376 redditibus,
1615 2309 1826 2385 utpersonae,
1842 2307 1907 2384 qui-
1964 2298 1965 2384 l

1125 2408 1186 2468 bus
1203 2410 1330 2484 majora
1346 2405 1463 2467 merita
1480 2405 1717 2481 suffragantur,
1734 2421 1777 2466 ex
1793 2422 1857 2466 una
1870 2405 1907 2464 il·
1964 2385 1965 2458 1

620 1813 729 1901 dvii

276 1967 328 2025 Ad
354 1965 554 2038 offlctolcm,
589 1935 800 2041 manistram
822 1966 1005 2036 laconum,
1038 1966 1072 2026 et

327 2065 599 2134 Emorrondum,
621 2065 804 2124 canorzicos
821 2065 1023 2124 macunen.

541 2195 578 2252 23
589 2194 712 2266 januarii
726 2195 804 2252 litt.

292 2317 412 2382 [chcst.,
425 2317 470 2368 lib.
482 2316 547 2375 VIII,
558 2317 633 2381 epist.
644 2318 699 2368 til.
715 2318 772 2367 llss.
783 2319 819 2370 La
832 2320 905 2369 Porte
915 2318 949 2368 du
961 2316 1054 2382 Thou]

276 2443 394 2502 Mandat
417 2450 448 2501 ut
467 2442 582 2516 quidam
609 2443 765 2518 presbyteri
794 2451 823 2502 et
844 2443 939 2502 clerici
962 2445 1069 2502 lotren.

311 2548 408 2590 sacros
422 2531 537 2590 ordines
565 2534 692 2606 recipere
706 2540 736 2590 et
754 2534 784 2589 in
810 2533 931 2591 ecclesia
959 2534 1065 2591 lotren.

311 2621 437 2680 residere
450 2628 602 2694 cogantur.

316 2749 495 2816 Honorius,
525 2748 601 2820 etc,
632 2747 761 2810 dilectis
791 2748 906 2809 tiliis...
935 2747 1071 2810 oldciali

277 2847 436 2922 magistro
460 2845 584 2908 Jacoho
599 2849 633 2907 et
657 2845 871 2918 Emorrando,
899 2846 1070 2908 canonicis

276 2944 484 3016 Lauduuen.,
495 2944 634 3006 salutem
644 2946 676 3007 et
685 2944 907 3020 apostolicam
920 2944 1072 3008 henedic-

276 3039 412 3101 tionem.

318 3137 444 3198 Dilecta
459 3137 493 3198 in
520 3138 651 3199 Christo
667 3138 736 3199 tilia
750 3141 769 3200 J
772 3138 878 3199 otren.
901 3135 1070 3199 abbatissa

278 3232 373 3295 nobis
397 3235 560 3310 exposuit,
578 3233 662 3311 quod
679 3251 780 3312 quum
802 3251 845 3296 ex
868 3251 909 3296 ea
933 3235 976 3296 sit
999 3251 1072 3296 ma·

277 3333 381 3407 gistro
406 3335 442 3392 G.
471 3331 511 3392 de
533 3333 691 3406 Grangia,
714 3334 748 3394 et
771 3330 969 3410 quibusdam
995 3333 1072 3394 aliis

278 3428 481 3506 presbyteris
497 3429 529 3490 et
544 3429 675 3490 clericis
691 3430 818 3492 Jotren.
836 3431 1018 3507 provisum,
1035 3432 1072 3493 ut

51 3551 57 3558 ·
174 3582 176 3601 ,
277 3527 401 3588 ibidem
417 3527 451 3588 in
471 3526 699 3589 ministrorum
724 3528 927 3590 solemnibus
944 3530 976 3590 et
995 3529 1072 3589 aliis

278 3625 410 3696 officiis,
438 3642 511 3704 quse
531 3642 590 3702 per
618 3626 891 3688 sanctimoniales
921 3627 1072 3688 exerceri

278 3740 344 3786 non
371 3726 521 3801 possunt,
550 3724 693 3786 sollicite
715 3724 926 3802 obsequendo
955 3725 1072 3786 minis-

277 3823 376 3894 trent,
392 3822 526 3900 quidam
541 3838 584 3882 ex
600 3822 649 3883 eis
671 3821 789 3883 nolunt
817 3823 857 3882 ad
878 3837 991 3884 sacros
1017 3838 1074 3884 or-

278 3920 385 3991 dinae,
399 3923 497 3996 prout
516 3921 621 3997 ipsius
637 3919 788 3981 ecclesiae
812 3920 932 3996 quaerit
956 3936 1073 3982 neces-

278 4018 371 4089 sitas,
409 4018 595 4092 promoveri
631 4038 639 4076 ε
674 4017 733 4078 alii
759 4033 838 4079 vero
870 4032 937 4079 non
966 4019 1073 4080 solum

279 4115 449 4192 suscipere
464 4129 577 4176 sacros
605 4113 748 4186 ordines,
770 4130 886 4176 verum
916 4116 1015 4177 etiam
1037 4117 1072 4176 in

165 4223 167 4230 ’
279 4212 422 4274 ecclesia
450 4211 666 4274 residentiam
699 4210 810 4274 facere
838 4212 1070 4289 dedignantur,

278 4309 522 4388 propterquod,
533 4309 841 4372 eteidemecclesiae
855 4311 950 4372 modo
961 4311 1072 4373 debito

279 4425 345 4470 non
361 4409 506 4471 servitur
519 4411 551 4470 et
565 4408 758 4468 scandalum
770 4407 869 4468 etiam
880 4412 1070 4483 generatur.

278 4507 372 4569 Unde
387 4521 487 4584 super
502 4507 564 4568 hoc
580 4505 745 4583 provideri
762 4522 782 4567 a
798 4506 892 4566 nobis
905 4505 1072 4568 abbatissa

277 4605 393 4666 eadem
407 4605 597 4682 postulavit.
617 4603 778 4677 Quocirca
791 4603 987 4666 discretioni
1001 4621 1073 4666 res·

276 4705 337 4764 trac
353 4719 412 4779 per
426 4703 616 4778 apostolica
631 4703 755 4778 scripta
770 4702 976 4775 mandamus,
989 4718 1073 4780 qua-

277 4799 373 4861 tenns
389 4799 596 4876 supradictos
612 4799 800 4862 sacerdotes
816 4802 849 4861 et
863 4800 1015 4868 clericos,
1036 4803 1072 4862 ut

278 4898 412 4960 ordines
444 4913 557 4958 sacros
587 4897 760 4975 recipiant,
792 4899 825 4958 et
851 4898 886 4959 in
911 4897 1071 4975 jamdicta

277 4995 420 5059 ecclesia
436 4995 614 5066 resideant,
633 4998 669 5057 ut
694 4996 862 5068 tenentur,
888 4997 923 5056 in
944 5011 982 5057 ea
999 4997 1072 5057 sine

279 5094 438 5158 scandalo
469 5093 645 5154 serviendo
674 5093 851 5169 diligenter
870 5096 902 5155 et
928 5094 1072 5156 sollicite

278 5193 452 5266 moneatis,
469 5192 559 5269 ipsos
575 5191 672 5262 adid,
694 5192 722 5250 si
734 5206 872 5252 necesse
889 5191 1000 5264 suerit,
1013 5208 1072 5269 per

279 5291 538 5354 subtractionem
566 5289 817 5360 beneficiorum,
848 5290 1071 5366 appellatione

278 5390 472 5468 postposita,
490 5387 737 5464 compellentes.
755 5387 845 5460 Quod
862 5387 890 5446 si
904 5403 964 5448 nec
972 5389 1021 5449 sic
1029 5385 1069 5449 ad

278 5488 350 5548 haec
366 5488 500 5562 possent
513 5485 636 5555 induci,
661 5501 720 5546 vos
736 5485 933 5547 auctoritate
957 5487 1071 5548 nostra

277 5585 453 5647 abbatissae
469 5583 665 5660 permittatis
680 5584 848 5654 sinemur
871 5599 986 5644 eorum
1008 5583 1069 5644 be-

278 5682 408 5756 neficia,
426 5697 564 5760 quorum
581 5682 620 5743 ad
637 5697 710 5742 earn
720 5681 854 5744 collatio
865 5682 987 5744 dicitur
999 5698 1072 5759 per·

1126 2507 1234 2568 larum
1249 2504 1473 2581 provisionem
1488 2519 1555 2564 non
1570 2503 1715 2564 habeant
1731 2519 1906 2579 congruen-

1125 2605 1202 2674 tem,
1223 2600 1416 2664 conlerendi
1438 2601 1550 2678 plures
1570 2601 1736 2677 aliquibus
1761 2601 1804 2662 de
1824 2601 1907 2661 cleri-

1127 2702 1174 2762 cis
1188 2701 1266 2772 tuis,
1284 2699 1393 2774 dignis
1408 2698 1598 2775 hujusmodi
1611 2699 1730 2774 gratia,
1744 2698 1807 2760 tibi
1823 2699 1906 2758 licen·
1965 2741 1966 2768 ,

1126 2797 1452 2868 tiam,nonobstante
1462 2795 1730 2858 statutoConcilii
1741 2795 1904 2872 generalis,

1127 2896 1307 2958 concedere
1343 2894 1567 2969 dignaremur.
1592 2896 1660 2955 Nos
1695 2893 1800 2970 igitur
1834 2894 1906 2954 circa

1126 2995 1208 3055 duos
1221 2993 1392 3054 dumtaxat
1407 2992 1447 3053 de
1458 2991 1590 3053 clericis
1600 2993 1666 3054 tuis
1679 2992 1849 3054 licentiam
1858 2990 1907 3051 tibi

1127 3091 1339 3153 concedimus
1367 3089 1577 3167 postulatam,
1608 3091 1655 3150 ita
1683 3091 1807 3161 tamen,
1836 3086 1906 3166 quod
1966 3161 1967 3174 χ

1126 3191 1259 3251 illorum
1290 3189 1423 3266 utrique
1454 3204 1555 3249 unam
1587 3188 1715 3248 tantum
1746 3187 1906 3248 ecclesiam
1966 3211 1967 3214 ¹

1127 3286 1233 3363 possis
1247 3285 1436 3362 hujusmodi
1452 3285 1596 3346 licentiae
1613 3283 1813 3344 auctoritate
1836 3299 1906 3343 con-

1127 3385 1224 3446 lerre.
1235 3383 1326 3444 Nulli
1339 3399 1431 3459 ergo,
1444 3383 1519 3454 eta,
1531 3382 1617 3442 hano
1630 3382 1784 3458 paginam
1797 3383 1906 3442 nosue

1127 3481 1351 3544 concessionis
1404 3480 1607 3556 infringere,
1653 3481 1715 3542 etc.
1763 3479 1798 3540 Si
1844 3477 1906 3554 quis

1127 3580 1249 3652 autem,
1273 3581 1335 3640 etc.
1366 3581 1484 3640 Datum
1505 3577 1672 3652 Laterani,
1701 3579 1731 3638 X
1759 3575 1907 3638 kalendas

1127 3675 1298 3749 februarii,
1313 3691 1400 3737 anno
1414 3677 1543 3738 octavu.

1482 3963 1566 4051 clx

1128 4119 1178 4178 Ad
1204 4115 1415 4178 abbatemet
1438 4114 1645 4175 conuentum
1662 4111 1908 4174 monastertio

1237 4213 1403 4284 Passalct,
1421 4215 1554 4273 ordinis
1566 4213 1811 4272 cluniacensis.

1389 4343 1424 4400 25
1435 4342 1559 4416 junuarii
1576 4343 1654 4400 liii.

1282 4467 1385 4532 [Regist.
1397 4472 1505 4516 monast.
1520 4465 1550 4518 dc
1563 4465 1683 4524 Passelct,
1698 4465 1766 4527 iti]

1127 4596 1175 4653 Eis
1189 4593 1397 4668 possessiones,
1413 4591 1573 4738 speciaditer
1589 4599 1695 4650 terram
1706 4592 1742 4650 dc
1760 4591 1909 4665 reulum,

1443 4696 1497 4739 oon
1521 4689 1602 4739 rmat.

1165 4800 1334 4862 Honorius
1372 4798 1559 4876 episcopus,
1598 4815 1715 4861 servus
1749 4811 1908 4860 servorun

1126 4899 1197 4970 Dei,
1214 4900 1275 4960 etc.

1164 4996 1269 5058 iustis
1296 4994 1476 5071 petentium
1503 4993 1679 5056 desideriis
1705 4993 1838 5070 dignum
1864 4991 1909 5052 est

1127 5110 1188 5156 nos
1205 5094 1336 5155 facilem
1351 5091 1500 5169 praehere
1513 5107 1697 5164 assensum,
1712 5093 1744 5154 et
1759 5093 1830 5154 vota
1843 5103 1908 5168 qua

1127 5208 1146 5253 a
1172 5192 1313 5254 rationis
1339 5191 1471 5252 tramite
1498 5205 1564 5251 non
1589 5191 1780 5252 discordant
1799 5189 1908 5251 effectu

1126 5290 1346 5368 prosequente
1360 5289 1536 5365 complere.
1551 5290 1744 5366 llapropter,
1760 5286 1865 5348 dilecti
1876 5285 1908 5344 in

1126 5389 1265 5449 Domino
1275 5388 1476 5460 lilii‚vestris
1483 5387 1584 5463 justis
1594 5383 1906 5462 precibusiuclinati,

1127 5502 1288 5564 personas
1316 5488 1444 5547 vestras
1473 5485 1505 5546 et
1534 5485 1642 5546 locum
1660 5485 1696 5544 iu
1718 5500 1782 5562 quo
1805 5481 1908 5544 divino

1127 5577 1908 5660 mancipatiestisobsequio,cumomnibusbonis

1126 5699 1198 5760 quae
1220 5681 1523 5758 inpraesentiarum
1549 5679 1792 5742 rationabiliter
1807 5675 1908 5755 possi-
