<?xml version="1.0" encoding="UTF-8"?>
<!DOCTYPE html PUBLIC "-//W3C//DTD XHTML 1.0 Transitional//EN"
    "http://www.w3.org/TR/xhtml1/DTD/xhtml1-transitional.dtd">
<html xmlns="http://www.w3.org/1999/xhtml" xml:lang="en" lang="en">
 <head>
  <title>
</title>
<meta http-equiv="Content-Type" content="text/html;charset=utf-8" />
  <meta name='ocr-system' content='tesseract 3.04.00' />
  <meta name='ocr-capabilities' content='ocr_page ocr_carea ocr_par ocr_line ocrx_word'/>
</head>
<body>
  <div class='ocr_page' id='page_1' title='image "./mediiaevibiblio06bottgoog_0424.png"; bbox 0 0 4018 6320; ppageno 0'>
   <div class='ocr_carea' id='block_1_1' title="bbox 100 307 165 368">
    <p class='ocr_par' dir='ltr' id='par_1_1' title="bbox 100 307 165 368">
     <span class='ocr_line' id='line_1_1' title="bbox 100 307 165 368; baseline -0.031 0"><span class='ocrx_word' id='word_1_1' title='bbox 100 307 165 368; x_wconf 80' lang='lat'>817</span> 
     </span>
    </p>
   </div>
   <div class='ocr_carea' id='block_1_2' title="bbox 721 305 1132 370">
    <p class='ocr_par' dir='ltr' id='par_1_2' title="bbox 721 305 1132 370">
     <span class='ocr_line' id='line_1_2' title="bbox 721 305 1132 370; baseline -0.005 0"><span class='ocrx_word' id='word_1_2' title='bbox 721 308 949 370; x_wconf 80' lang='lat' dir='ltr'><strong>EPISTOLAE.</strong></span> <span class='ocrx_word' id='word_1_3' title='bbox 974 305 1053 370; x_wconf 87' lang='lat' dir='ltr'><strong>LIB.</strong></span> <span class='ocrx_word' id='word_1_4' title='bbox 1077 311 1132 370; x_wconf 89' lang='lat' dir='ltr'>IX.</span> 
     </span>
    </p>
   </div>
   <div class='ocr_carea' id='block_1_3' title="bbox 1686 315 1746 377">
    <p class='ocr_par' dir='ltr' id='par_1_3' title="bbox 1686 315 1746 377">
     <span class='ocr_line' id='line_1_3' title="bbox 1686 315 1746 377; baseline 0.033 -2"><span class='ocrx_word' id='word_1_5' title='bbox 1686 315 1746 377; x_wconf 84' lang='lat'>818</span> 
     </span>
    </p>
   </div>
   <div class='ocr_carea' id='block_1_4' title="bbox 99 477 1744 562">
    <p class='ocr_par' dir='ltr' id='par_1_4' title="bbox 99 477 1744 562">
     <span class='ocr_line' id='line_1_4' title="bbox 99 477 1744 562; baseline 0.003 -21"><span class='ocrx_word' id='word_1_6' title='bbox 99 481 147 542; x_wconf 90' lang='lat' dir='ltr'>tis</span> <span class='ocrx_word' id='word_1_7' title='bbox 157 479 386 557; x_wconf 88' lang='lat' dir='ltr'>praesentibus,</span> <span class='ocrx_word' id='word_1_8' title='bbox 398 479 453 556; x_wconf 91' lang='lat' dir='ltr'>qni</span> <span class='ocrx_word' id='word_1_9' title='bbox 466 477 634 554; x_wconf 86' lang='lat' dir='ltr'>astabant;</span> <span class='ocrx_word' id='word_1_10' title='bbox 651 493 754 555; x_wconf 87' lang='lat' dir='ltr'>qnare</span> <span class='ocrx_word' id='word_1_11' title='bbox 768 493 788 539; x_wconf 92' lang='lat' dir='ltr'>a</span> <span class='ocrx_word' id='word_1_12' title='bbox 803 477 899 540; x_wconf 90' lang='lat' dir='ltr'>nobis</span> <span class='ocrx_word' id='word_1_13' title='bbox 956 478 1078 556; x_wconf 87' lang='lat' dir='ltr'>Siquis</span> <span class='ocrx_word' id='word_1_14' title='bbox 1098 477 1209 540; x_wconf 90' lang='lat' dir='ltr'>autem</span> <span class='ocrx_word' id='word_1_15' title='bbox 1231 478 1295 540; x_wconf 90' lang='lat' dir='ltr'>boc</span> <span class='ocrx_word' id='word_1_16' title='bbox 1310 479 1474 544; x_wconf 85' lang='lat' dir='ltr'>attentare</span> <span class='ocrx_word' id='word_1_17' title='bbox 1486 483 1744 562; x_wconf 76' lang='lat' dir='ltr'>praesumpserit,</span> 
     </span>
    </p>
   </div>
   <div class='ocr_carea' id='block_1_5' title="bbox 99 575 897 654">
    <p class='ocr_par' dir='ltr' id='par_1_5' title="bbox 99 575 897 654">
     <span class='ocr_line' id='line_1_5' title="bbox 99 575 897 654; baseline -0.001 -16"><span class='ocrx_word' id='word_1_18' title='bbox 99 575 487 654; x_wconf 88' lang='lat' dir='ltr'>humiliterpostulabat,</span> <span class='ocrx_word' id='word_1_19' title='bbox 497 577 543 646; x_wconf 91' lang='lat' dir='ltr'>ut,</span> <span class='ocrx_word' id='word_1_20' title='bbox 557 591 632 636; x_wconf 91' lang='lat' dir='ltr'>cum</span> <span class='ocrx_word' id='word_1_21' title='bbox 646 575 718 637; x_wconf 82' lang='lat' dir='ltr'>baec</span> <span class='ocrx_word' id='word_1_22' title='bbox 733 575 897 637; x_wconf 85' lang='lat' dir='ltr'>attentata</span> 
     </span>
    </p>
   </div>
   <div class='ocr_carea' id='block_1_6' title="bbox 76 672 899 750">
    <p class='ocr_par' dir='ltr' id='par_1_6' title="bbox 76 672 899 750">
     <span class='ocr_line' id='line_1_6' title="bbox 76 672 899 750; baseline -0.004 -14"><span class='ocrx_word' id='word_1_23' title='bbox 76 739 79 748; x_wconf 62' lang='grc'><strong>,</strong></span> <span class='ocrx_word' id='word_1_24' title='bbox 99 675 172 736; x_wconf 88' lang='grc'><strong>6161</strong></span> <span class='ocrx_word' id='word_1_25' title='bbox 196 674 231 736; x_wconf 94' lang='lat' dir='ltr'>in</span> <span class='ocrx_word' id='word_1_26' title='bbox 246 675 492 736; x_wconf 82' lang='lat' dir='ltr'>enervationem</span> <span class='ocrx_word' id='word_1_27' title='bbox 510 672 753 750; x_wconf 89' lang='lat' dir='ltr'>jnrisdictionis</span> <span class='ocrx_word' id='word_1_28' title='bbox 777 673 899 750; x_wconf 89' lang='lat' dir='ltr'>ipsius‚·</span> 
     </span>
    </p>
   </div>
   <div class='ocr_carea' id='block_1_7' title="bbox 98 769 896 946">
    <p class='ocr_par' dir='ltr' id='par_1_7' title="bbox 98 769 896 946">
     <span class='ocr_line' id='line_1_7' title="bbox 100 769 896 857; baseline -0.003 -25"><span class='ocrx_word' id='word_1_29' title='bbox 100 769 216 851; x_wconf 82' lang='lat' dir='ltr'>[acin]</span> <span class='ocrx_word' id='word_1_30' title='bbox 231 772 477 848; x_wconf 80' lang='lat' dir='ltr'>derogationem</span> <span class='ocrx_word' id='word_1_31' title='bbox 489 771 722 857; x_wconf 74' lang='lat' dir='ltr'>ecclesiasticas</span> <span class='ocrx_word' id='word_1_32' title='bbox 734 770 896 832; x_wconf 78' lang='lat' dir='ltr'>libertatis</span> 
     </span>
     <span class='ocr_line' id='line_1_8' title="bbox 98 867 893 946; baseline -0.003 -16"><span class='ocrx_word' id='word_1_33' title='bbox 98 885 285 941; x_wconf 90' lang='lat' dir='ltr'>enormem,</span> <span class='ocrx_word' id='word_1_34' title='bbox 301 871 333 930; x_wconf 90' lang='lat' dir='ltr'>et</span> <span class='ocrx_word' id='word_1_35' title='bbox 343 871 564 946; x_wconf 90' lang='lat' dir='ltr'>contemptum</span> <span class='ocrx_word' id='word_1_36' title='bbox 574 868 701 929; x_wconf 87' lang='lat' dir='ltr'>ordinis</span> <span class='ocrx_word' id='word_1_37' title='bbox 717 867 893 940; x_wconf 89' lang='lat' dir='ltr'>clericalis,</span> 
     </span>
    </p>
   </div>
   <div class='ocr_carea' id='block_1_8' title="bbox 951 575 1747 936">
    <p class='ocr_par' dir='ltr' id='par_1_8' title="bbox 951 575 1747 936">
     <span class='ocr_line' id='line_1_9' title="bbox 954 575 1747 654; baseline 0.01 -19"><span class='ocrx_word' id='word_1_38' title='bbox 954 575 1217 652; x_wconf 84' lang='lat' dir='ltr'>indignationem</span> <span class='ocrx_word' id='word_1_39' title='bbox 1233 577 1470 654; x_wconf 89' lang='lat' dir='ltr'>omnipotentis</span> <span class='ocrx_word' id='word_1_40' title='bbox 1492 579 1551 640; x_wconf 89' lang='lat' dir='ltr'>Dei</span> <span class='ocrx_word' id='word_1_41' title='bbox 1571 595 1610 640; x_wconf 90' lang='lat' dir='ltr'>ac</span> <span class='ocrx_word' id='word_1_42' title='bbox 1631 579 1747 643; x_wconf 89' lang='lat' dir='ltr'>beato-</span> 
     </span>
     <span class='ocr_line' id='line_1_10' title="bbox 952 674 1744 753; baseline 0.009 -21"><span class='ocrx_word' id='word_1_43' title='bbox 952 688 1026 733; x_wconf 87' lang='lat' dir='ltr'>rum</span> <span class='ocrx_word' id='word_1_44' title='bbox 1043 674 1133 735; x_wconf 90' lang='lat' dir='ltr'>Petri</span> <span class='ocrx_word' id='word_1_45' title='bbox 1149 675 1181 735; x_wconf 89' lang='lat' dir='ltr'>et</span> <span class='ocrx_word' id='word_1_46' title='bbox 1194 674 1289 734; x_wconf 89' lang='lat' dir='ltr'>Pauli</span> <span class='ocrx_word' id='word_1_47' title='bbox 1305 675 1529 750; x_wconf 87' lang='lat' dir='ltr'>apostolorum</span> <span class='ocrx_word' id='word_1_48' title='bbox 1542 677 1664 753; x_wconf 85' lang='lat' dir='ltr'>ejus&#39;se</span> <span class='ocrx_word' id='word_1_49' title='bbox 1679 693 1744 739; x_wconf 93' lang='lat' dir='ltr'>no-</span> 
     </span>
     <span class='ocr_line' id='line_1_11' title="bbox 951 771 1744 846; baseline 0.005 -16"><span class='ocrx_word' id='word_1_50' title='bbox 951 771 1037 831; x_wconf 89' lang='lat' dir='ltr'>verit</span> <span class='ocrx_word' id='word_1_51' title='bbox 1063 771 1286 832; x_wconf 88' lang='lat' dir='ltr'>incursurum.</span> <span class='ocrx_word' id='word_1_52' title='bbox 1313 773 1432 837; x_wconf 87' lang='lat' dir='ltr'>Datum</span> <span class='ocrx_word' id='word_1_53' title='bbox 1450 773 1616 846; x_wconf 86' lang='lat' dir='ltr'>Laterani,</span> <span class='ocrx_word' id='word_1_54' title='bbox 1636 773 1744 836; x_wconf 89' lang='lat' dir='ltr'>idibus</span> 
     </span>
     <span class='ocr_line' id='line_1_12' title="bbox 951 866 1284 936; baseline 0.003 -8"><span class='ocrx_word' id='word_1_55' title='bbox 951 866 1073 936; x_wconf 89' lang='lat' dir='ltr'>martii,</span> <span class='ocrx_word' id='word_1_56' title='bbox 1088 883 1176 930; x_wconf 90' lang='lat' dir='ltr'>anno</span> <span class='ocrx_word' id='word_1_57' title='bbox 1186 885 1284 931; x_wconf 91' lang='lat' dir='ltr'>nono.</span> 
     </span>
    </p>
   </div>
   <div class='ocr_carea' id='block_1_9' title="bbox 98 966 997 1052">
    <p class='ocr_par' dir='ltr' id='par_1_9' title="bbox 98 966 997 1052">
     <span class='ocr_line' id='line_1_13' title="bbox 98 966 997 1052; baseline -0.001 -24"><span class='ocrx_word' id='word_1_58' title='bbox 98 967 144 1039; x_wconf 92' lang='lat' dir='ltr'>ei,</span> <span class='ocrx_word' id='word_1_59' title='bbox 173 968 207 1028; x_wconf 91' lang='lat' dir='ltr'>et</span> <span class='ocrx_word' id='word_1_60' title='bbox 235 967 385 1029; x_wconf 91' lang='lat' dir='ltr'>ecclesiae</span> <span class='ocrx_word' id='word_1_61' title='bbox 412 967 475 1028; x_wconf 89' lang='lat' dir='ltr'>sibi</span> <span class='ocrx_word' id='word_1_62' title='bbox 504 967 690 1029; x_wconf 88' lang='lat' dir='ltr'>commissae</span> <span class='ocrx_word' id='word_1_63' title='bbox 722 966 896 1043; x_wconf 90' lang='lat' dir='ltr'>providere</span> <span class='ocrx_word' id='word_1_64' title='bbox 993 1044 997 1052; x_wconf 30' lang='grc' dir='ltr'>Ι</span> 
     </span>
    </p>
   </div>
   <div class='ocr_carea' id='block_1_10' title="bbox 91 1063 896 2701">
    <p class='ocr_par' dir='ltr' id='par_1_10' title="bbox 91 1063 896 2701">
     <span class='ocr_line' id='line_1_14' title="bbox 97 1063 895 1142; baseline -0.001 -18"><span class='ocrx_word' id='word_1_65' title='bbox 97 1081 206 1142; x_wconf 86' lang='grc'><strong>66661</strong></span> <span class='ocrx_word' id='word_1_66' title='bbox 225 1065 287 1126; x_wconf 93' lang='lat' dir='ltr'>boc</span> <span class='ocrx_word' id='word_1_67' title='bbox 309 1064 543 1126; x_wconf 87' lang='lat' dir='ltr'>misericorder</span> <span class='ocrx_word' id='word_1_68' title='bbox 562 1065 786 1140; x_wconf 89' lang='lat' dir='ltr'>dignaremur.</span> <span class='ocrx_word' id='word_1_69' title='bbox 813 1063 895 1136; x_wconf 87' lang='lat' dir='ltr'>Quia</span> 
     </span>
     <span class='ocr_line' id='line_1_15' title="bbox 95 1161 895 1234; baseline -0.003 -10"><span class='ocrx_word' id='word_1_70' title='bbox 95 1179 184 1225; x_wconf 91' lang='lat' dir='ltr'>vero</span> <span class='ocrx_word' id='word_1_71' title='bbox 198 1163 269 1224; x_wconf 89' lang='lat' dir='ltr'>baec</span> <span class='ocrx_word' id='word_1_72' title='bbox 282 1162 310 1224; x_wconf 91' lang='grc'>61</span> <span class='ocrx_word' id='word_1_73' title='bbox 323 1178 401 1224; x_wconf 88' lang='grc'><strong>6616</strong></span> <span class='ocrx_word' id='word_1_74' title='bbox 417 1165 504 1234; x_wconf 89' lang='grc'><strong>6661,</strong></span> <span class='ocrx_word' id='word_1_75' title='bbox 523 1161 774 1224; x_wconf 85' lang='lat' dir='ltr'>conniventibus</span> <span class='ocrx_word' id='word_1_76' title='bbox 790 1161 895 1222; x_wconf 90' lang='lat' dir='ltr'>oculis</span> 
     </span>
     <span class='ocr_line' id='line_1_16' title="bbox 96 1259 896 1338; baseline -0.004 -16"><span class='ocrx_word' id='word_1_77' title='bbox 96 1261 307 1338; x_wconf 88' lang='lat' dir='ltr'>pertransire</span> <span class='ocrx_word' id='word_1_78' title='bbox 320 1277 380 1322; x_wconf 88' lang='lat' dir='ltr'>nee</span> <span class='ocrx_word' id='word_1_79' title='bbox 393 1260 555 1334; x_wconf 90' lang='lat' dir='ltr'>volumus,</span> <span class='ocrx_word' id='word_1_80' title='bbox 571 1275 632 1321; x_wconf 92' lang='lat' dir='ltr'>nec</span> <span class='ocrx_word' id='word_1_81' title='bbox 646 1259 814 1331; x_wconf 90' lang='lat' dir='ltr'>debemus,</span> <span class='ocrx_word' id='word_1_82' title='bbox 827 1259 896 1320; x_wconf 89' lang='lat' dir='ltr'>dis-</span> 
     </span>
     <span class='ocr_line' id='line_1_17' title="bbox 97 1358 896 1436; baseline -0.004 -16"><span class='ocrx_word' id='word_1_83' title='bbox 97 1359 244 1421; x_wconf 91' lang='lat' dir='ltr'>cretioni</span> <span class='ocrx_word' id='word_1_84' title='bbox 257 1360 376 1420; x_wconf 87' lang='lat' dir='ltr'>vestrae</span> <span class='ocrx_word' id='word_1_85' title='bbox 389 1375 449 1436; x_wconf 92' lang='lat' dir='ltr'>per</span> <span class='ocrx_word' id='word_1_86' title='bbox 462 1358 651 1436; x_wconf 77' lang='lat' dir='ltr'>apostolica</span> <span class='ocrx_word' id='word_1_87' title='bbox 665 1358 787 1434; x_wconf 90' lang='lat' dir='ltr'>scripta</span> <span class='ocrx_word' id='word_1_88' title='bbox 800 1373 896 1418; x_wconf 92' lang='lat' dir='ltr'>man-</span> 
     </span>
     <span class='ocr_line' id='line_1_18' title="bbox 96 1455 894 1534; baseline -0.003 -17"><span class='ocrx_word' id='word_1_89' title='bbox 96 1455 232 1524; x_wconf 86' lang='lat' dir='ltr'>damus,</span> <span class='ocrx_word' id='word_1_90' title='bbox 248 1458 410 1534; x_wconf 87' lang='lat' dir='ltr'>quatenns</span> <span class='ocrx_word' id='word_1_91' title='bbox 435 1456 475 1517; x_wconf 91' lang='lat' dir='ltr'>ad</span> <span class='ocrx_word' id='word_1_92' title='bbox 503 1456 671 1517; x_wconf 89' lang='lat' dir='ltr'>civitatem</span> <span class='ocrx_word' id='word_1_93' title='bbox 698 1459 894 1516; x_wconf 87' lang='lat' dir='ltr'>Trecensem</span> 
     </span>
     <span class='ocr_line' id='line_1_19' title="bbox 96 1553 896 1632; baseline -0.004 -16"><span class='ocrx_word' id='word_1_94' title='bbox 96 1553 324 1632; x_wconf 88' lang='lat' dir='ltr'>personaliter</span> <span class='ocrx_word' id='word_1_95' title='bbox 348 1554 560 1626; x_wconf 89' lang='lat' dir='ltr'>accedentes,</span> <span class='ocrx_word' id='word_1_96' title='bbox 585 1553 762 1630; x_wconf 89' lang='lat' dir='ltr'>inquiratis</span> <span class='ocrx_word' id='word_1_97' title='bbox 795 1567 896 1629; x_wconf 91' lang='lat' dir='ltr'>super</span> 
     </span>
     <span class='ocr_line' id='line_1_20' title="bbox 95 1651 894 1730; baseline -0.001 -18"><span class='ocrx_word' id='word_1_98' title='bbox 95 1652 285 1730; x_wconf 86' lang='lat' dir='ltr'>praemissis</span> <span class='ocrx_word' id='word_1_99' title='bbox 304 1667 376 1730; x_wconf 83' lang='lat' dir='ltr'>quae</span> <span class='ocrx_word' id='word_1_100' title='bbox 401 1651 519 1713; x_wconf 90' lang='lat' dir='ltr'>comite</span> <span class='ocrx_word' id='word_1_101' title='bbox 536 1653 716 1714; x_wconf 88' lang='lat' dir='ltr'>memorato</span> <span class='ocrx_word' id='word_1_102' title='bbox 736 1651 894 1713; x_wconf 88' lang='lat' dir='ltr'>attentata</span> 
     </span>
     <span class='ocr_line' id='line_1_21' title="bbox 94 1749 895 1827; baseline -0.001 -17"><span class='ocrx_word' id='word_1_103' title='bbox 94 1750 259 1812; x_wconf 87' lang='lat' dir='ltr'>dicuntur</span> <span class='ocrx_word' id='word_1_104' title='bbox 269 1751 303 1810; x_wconf 94' lang='lat' dir='ltr'>in</span> <span class='ocrx_word' id='word_1_105' title='bbox 315 1750 543 1827; x_wconf 88' lang='lat' dir='ltr'>praejudicium</span> <span class='ocrx_word' id='word_1_106' title='bbox 554 1749 895 1811; x_wconf 88' lang='lat' dir='ltr'>ecclesiasticaeliber-</span> 
     </span>
     <span class='ocr_line' id='line_1_22' title="bbox 93 1847 895 1924; baseline 0 -17"><span class='ocrx_word' id='word_1_107' title='bbox 93 1847 178 1908; x_wconf 86' lang='lat' dir='ltr'>tatis</span> <span class='ocrx_word' id='word_1_108' title='bbox 195 1847 448 1923; x_wconf 83' lang='lat' dir='ltr'>diligentissime</span> <span class='ocrx_word' id='word_1_109' title='bbox 463 1848 648 1916; x_wconf 89' lang='lat' dir='ltr'>veritatem,</span> <span class='ocrx_word' id='word_1_110' title='bbox 666 1849 698 1908; x_wconf 89' lang='lat' dir='ltr'>et</span> <span class='ocrx_word' id='word_1_111' title='bbox 711 1863 782 1924; x_wconf 85' lang='lat' dir='ltr'>quae</span> <span class='ocrx_word' id='word_1_112' title='bbox 795 1861 895 1924; x_wconf 92' lang='lat' dir='ltr'>super</span> 
     </span>
     <span class='ocr_line' id='line_1_23' title="bbox 93 1943 893 2024; baseline 0 -20"><span class='ocrx_word' id='word_1_113' title='bbox 93 1943 150 2004; x_wconf 88' lang='lat' dir='ltr'>bis</span> <span class='ocrx_word' id='word_1_114' title='bbox 165 1947 281 2006; x_wconf 90' lang='lat' dir='ltr'>contra</span> <span class='ocrx_word' id='word_1_115' title='bbox 294 1944 416 2006; x_wconf 90' lang='lat' dir='ltr'>dictum</span> <span class='ocrx_word' id='word_1_116' title='bbox 428 1946 591 2016; x_wconf 88' lang='lat' dir='ltr'>comitem,</span> <span class='ocrx_word' id='word_1_117' title='bbox 603 1959 700 2024; x_wconf 86' lang='lat' dir='ltr'>quarn</span> <span class='ocrx_word' id='word_1_118' title='bbox 714 1959 773 2021; x_wconf 88' lang='lat' dir='ltr'>pro</span> <span class='ocrx_word' id='word_1_119' title='bbox 787 1944 893 2021; x_wconf 90' lang='lat' dir='ltr'>ipsius</span> 
     </span>
     <span class='ocr_line' id='line_1_24' title="bbox 94 2041 891 2120; baseline 0.001 -19"><span class='ocrx_word' id='word_1_120' title='bbox 94 2041 294 2104; x_wconf 79' lang='lat' dir='ltr'>defensione</span> <span class='ocrx_word' id='word_1_121' title='bbox 316 2044 485 2120; x_wconf 90' lang='lat' dir='ltr'>proposita</span> <span class='ocrx_word' id='word_1_122' title='bbox 507 2043 630 2103; x_wconf 87' lang='lat' dir='ltr'>luerint</span> <span class='ocrx_word' id='word_1_123' title='bbox 651 2058 762 2103; x_wconf 88' lang='lat' dir='ltr'>coram</span> <span class='ocrx_word' id='word_1_124' title='bbox 786 2041 891 2114; x_wconf 90' lang='lat' dir='ltr'>vobis,</span> 
     </span>
     <span class='ocr_line' id='line_1_25' title="bbox 93 2139 892 2216; baseline 0 -17"><span class='ocrx_word' id='word_1_125' title='bbox 93 2139 245 2202; x_wconf 82' lang='lat' dir='ltr'>fideliter</span> <span class='ocrx_word' id='word_1_126' title='bbox 267 2140 456 2216; x_wconf 88' lang='lat' dir='ltr'>redigentes</span> <span class='ocrx_word' id='word_1_127' title='bbox 485 2140 519 2200; x_wconf 93' lang='lat' dir='ltr'>in</span> <span class='ocrx_word' id='word_1_128' title='bbox 539 2140 671 2216; x_wconf 87' lang='lat' dir='ltr'>scriptis</span> <span class='ocrx_word' id='word_1_129' title='bbox 691 2139 751 2200; x_wconf 89' lang='lat' dir='ltr'>sub</span> <span class='ocrx_word' id='word_1_130' title='bbox 773 2140 892 2201; x_wconf 89' lang='lat' dir='ltr'>vestris</span> 
     </span>
     <span class='ocr_line' id='line_1_26' title="bbox 93 2237 894 2314; baseline 0.001 -18"><span class='ocrx_word' id='word_1_131' title='bbox 93 2237 222 2314; x_wconf 90' lang='lat' dir='ltr'>sigillis</span> <span class='ocrx_word' id='word_1_132' title='bbox 246 2238 287 2298; x_wconf 91' lang='lat' dir='ltr'>ad</span> <span class='ocrx_word' id='word_1_133' title='bbox 312 2240 459 2300; x_wconf 88' lang='lat' dir='ltr'>nostram</span> <span class='ocrx_word' id='word_1_134' title='bbox 484 2238 694 2314; x_wconf 89' lang='lat' dir='ltr'>praesentiam</span> <span class='ocrx_word' id='word_1_135' title='bbox 721 2238 894 2299; x_wconf 89' lang='lat' dir='ltr'>transmit·</span> 
     </span>
     <span class='ocr_line' id='line_1_27' title="bbox 91 2335 890 2412; baseline -0.001 -16"><span class='ocrx_word' id='word_1_136' title='bbox 91 2336 188 2404; x_wconf 91' lang='lat' dir='ltr'>tatis,</span> <span class='ocrx_word' id='word_1_137' title='bbox 214 2336 251 2396; x_wconf 90' lang='lat' dir='ltr'>ut</span> <span class='ocrx_word' id='word_1_138' title='bbox 274 2352 334 2412; x_wconf 90' lang='lat' dir='ltr'>per</span> <span class='ocrx_word' id='word_1_139' title='bbox 354 2337 497 2396; x_wconf 87' lang='lat' dir='ltr'>vestram</span> <span class='ocrx_word' id='word_1_140' title='bbox 512 2335 708 2397; x_wconf 88' lang='lat' dir='ltr'>relationem</span> <span class='ocrx_word' id='word_1_141' title='bbox 724 2335 890 2407; x_wconf 88' lang='lat' dir='ltr'>instructi,</span> 
     </span>
     <span class='ocr_line' id='line_1_28' title="bbox 92 2432 892 2511; baseline 0 -19"><span class='ocrx_word' id='word_1_142' title='bbox 92 2432 249 2493; x_wconf 90' lang='lat' dir='ltr'>securius</span> <span class='ocrx_word' id='word_1_143' title='bbox 266 2433 384 2509; x_wconf 92' lang='lat' dir='ltr'>inipso</span> <span class='ocrx_word' id='word_1_144' title='bbox 398 2434 529 2510; x_wconf 88' lang='lat' dir='ltr'>negotio</span> <span class='ocrx_word' id='word_1_145' title='bbox 540 2432 767 2511; x_wconf 88' lang='lat' dir='ltr'>procedamus.</span> <span class='ocrx_word' id='word_1_146' title='bbox 778 2433 892 2494; x_wconf 86' lang='lat' dir='ltr'>Testes</span> 
     </span>
     <span class='ocr_line' id='line_1_29' title="bbox 92 2530 892 2604; baseline 0.003 -14"><span class='ocrx_word' id='word_1_147' title='bbox 92 2535 221 2602; x_wconf 89' lang='lat' dir='ltr'>autem,</span> <span class='ocrx_word' id='word_1_148' title='bbox 234 2533 297 2591; x_wconf 91' lang='grc'><strong>616.</strong></span> <span class='ocrx_word' id='word_1_149' title='bbox 314 2531 451 2604; x_wconf 88' lang='lat' dir='ltr'>Quodsi</span> <span class='ocrx_word' id='word_1_150' title='bbox 469 2547 535 2592; x_wconf 94' lang='lat' dir='ltr'>non</span> <span class='ocrx_word' id='word_1_151' title='bbox 551 2545 676 2603; x_wconf 86' lang='lat' dir='ltr'>ornnes,</span> <span class='ocrx_word' id='word_1_152' title='bbox 693 2530 755 2591; x_wconf 91' lang='grc'><strong>616.</strong></span> <span class='ocrx_word' id='word_1_153' title='bbox 773 2532 892 2594; x_wconf 89' lang='lat' dir='ltr'>Datum</span> 
     </span>
     <span class='ocr_line' id='line_1_30' title="bbox 91 2629 769 2701; baseline 0 -11"><span class='ocrx_word' id='word_1_154' title='bbox 91 2629 266 2701; x_wconf 86' lang='lat' dir='ltr'>Laterani,</span> <span class='ocrx_word' id='word_1_155' title='bbox 284 2631 326 2690; x_wconf 91' lang='lat' dir='ltr'>IV</span> <span class='ocrx_word' id='word_1_156' title='bbox 342 2629 415 2690; x_wconf 90' lang='lat' dir='ltr'>idus</span> <span class='ocrx_word' id='word_1_157' title='bbox 429 2629 550 2700; x_wconf 90' lang='lat' dir='ltr'>martii,</span> <span class='ocrx_word' id='word_1_158' title='bbox 568 2643 655 2690; x_wconf 90' lang='lat' dir='ltr'>anno</span> <span class='ocrx_word' id='word_1_159' title='bbox 671 2643 769 2690; x_wconf 92' lang='lat' dir='ltr'>nono.</span> 
     </span>
    </p>
   </div>
   <div class='ocr_carea' id='block_1_11' title="bbox 436 2891 556 2977">
    <p class='ocr_par' dir='ltr' id='par_1_11' title="bbox 436 2891 556 2977">
     <span class='ocr_line' id='line_1_31' title="bbox 436 2891 556 2977; baseline 0 0"><span class='ocrx_word' id='word_1_160' title='bbox 436 2891 556 2977; x_wconf 79' lang='lat' dir='ltr'>axvi</span> 
     </span>
    </p>
   </div>
   <div class='ocr_carea' id='block_1_12' title="bbox 192 3040 800 3202">
    <p class='ocr_par' dir='ltr' id='par_1_12' title="bbox 192 3040 800 3202">
     <span class='ocr_line' id='line_1_32' title="bbox 192 3040 800 3103; baseline -0.005 -1"><span class='ocrx_word' id='word_1_161' title='bbox 192 3045 244 3103; x_wconf 79' lang='lat' dir='ltr'>Aa</span> <span class='ocrx_word' id='word_1_162' title='bbox 263 3042 417 3103; x_wconf 83' lang='lat' dir='ltr'>abbatem</span> <span class='ocrx_word' id='word_1_163' title='bbox 438 3043 471 3102; x_wconf 87' lang='lat' dir='ltr'>et</span> <span class='ocrx_word' id='word_1_164' title='bbox 486 3041 739 3103; x_wconf 79' lang='grc'><strong>6666661611666</strong></span> <span class='ocrx_word' id='word_1_165' title='bbox 759 3040 800 3100; x_wconf 85' lang='lat' dir='ltr'>de</span> 
     </span>
     <span class='ocr_line' id='line_1_33' title="bbox 388 3141 609 3202; baseline -0.009 -2"><span class='ocrx_word' id='word_1_166' title='bbox 388 3141 609 3202; x_wconf 77' lang='grc'><strong>0661161666.</strong></span> 
     </span>
    </p>
   </div>
   <div class='ocr_carea' id='block_1_13' title="bbox 382 3269 612 3328">
    <p class='ocr_par' dir='ltr' id='par_1_13' title="bbox 382 3269 612 3328">
     <span class='ocr_line' id='line_1_34' title="bbox 382 3269 612 3328; baseline -0.009 0"><span class='ocrx_word' id='word_1_167' title='bbox 382 3271 415 3328; x_wconf 78' lang='grc'>15</span> <span class='ocrx_word' id='word_1_168' title='bbox 429 3270 522 3328; x_wconf 85' lang='lat' dir='ltr'>martii</span> <span class='ocrx_word' id='word_1_169' title='bbox 534 3269 612 3327; x_wconf 78' lang='lat' dir='ltr'>laia.</span> 
     </span>
    </p>
   </div>
   <div class='ocr_carea' id='block_1_14' title="bbox 106 3393 875 3539">
    <p class='ocr_par' dir='ltr' id='par_1_14' title="bbox 106 3393 875 3539">
     <span class='ocr_line' id='line_1_35' title="bbox 106 3393 875 3462; baseline -0.001 -15"><span class='ocrx_word' id='word_1_170' title='bbox 106 3399 283 3462; x_wconf 82' lang='grc'><strong>[1166666616</strong></span> <span class='ocrx_word' id='word_1_171' title='bbox 294 3409 361 3460; x_wconf 87' lang='grc'><strong>6661</strong></span> <span class='ocrx_word' id='word_1_172' title='bbox 380 3395 458 3446; x_wconf 85' lang='grc'><strong>661611</strong></span> <span class='ocrx_word' id='word_1_173' title='bbox 472 3395 572 3444; x_wconf 80' lang='grc'><strong>111161.</strong></span> <span class='ocrx_word' id='word_1_174' title='bbox 585 3395 630 3444; x_wconf 89' lang='lat' dir='ltr'>des</span> <span class='ocrx_word' id='word_1_175' title='bbox 639 3409 711 3460; x_wconf 89' lang='lat' dir='ltr'>prov.</span> <span class='ocrx_word' id='word_1_176' title='bbox 727 3393 758 3445; x_wconf 89' lang='lat' dir='ltr'>de</span> <span class='ocrx_word' id='word_1_177' title='bbox 770 3395 875 3454; x_wconf 87' lang='lat' dir='ltr'>Namur,</span> 
     </span>
     <span class='ocr_line' id='line_1_36' title="bbox 386 3473 604 3539; baseline -0.009 -14"><span class='ocrx_word' id='word_1_178' title='bbox 386 3475 416 3534; x_wconf 93' lang='lat' dir='ltr'>ll,</span> <span class='ocrx_word' id='word_1_179' title='bbox 432 3473 497 3532; x_wconf 65' lang='lat' dir='ltr'>aaa,</span> <span class='ocrx_word' id='word_1_180' title='bbox 509 3489 534 3523; x_wconf 92' lang='lat' dir='ltr'>n.</span> <span class='ocrx_word' id='word_1_181' title='bbox 552 3475 604 3539; x_wconf 66' lang='grc'>11]</span> 
     </span>
    </p>
   </div>
   <div class='ocr_carea' id='block_1_15' title="bbox 90 3580 892 3831">
    <p class='ocr_par' dir='ltr' id='par_1_15' title="bbox 90 3580 892 3831">
     <span class='ocr_line' id='line_1_37' title="bbox 90 3580 892 3654; baseline -0.005 -12"><span class='ocrx_word' id='word_1_182' title='bbox 90 3581 556 3654; x_wconf 77' lang='grc'><strong>11666616111616116661611661661</strong></span> <span class='ocrx_word' id='word_1_183' title='bbox 572 3581 727 3638; x_wconf 88' lang='lat' dir='ltr'>litterarum</span> <span class='ocrx_word' id='word_1_184' title='bbox 743 3580 778 3638; x_wconf 91' lang='lat' dir='ltr'>de</span> <span class='ocrx_word' id='word_1_185' title='bbox 797 3581 892 3639; x_wconf 88' lang='lat' dir='ltr'>causis</span> 
     </span>
     <span class='ocr_line' id='line_1_38' title="bbox 125 3669 890 3744; baseline -0.004 -15"><span class='ocrx_word' id='word_1_186' title='bbox 125 3673 338 3744; x_wconf 85' lang='lat' dir='ltr'>compellantur</span> <span class='ocrx_word' id='word_1_187' title='bbox 361 3684 538 3743; x_wconf 85' lang='lat' dir='ltr'>cognoscere</span> <span class='ocrx_word' id='word_1_188' title='bbox 560 3669 732 3742; x_wconf 81' lang='lat' dir='ltr'>litigantium</span> <span class='ocrx_word' id='word_1_189' title='bbox 752 3671 797 3726; x_wconf 91' lang='lat' dir='ltr'>vel</span> <span class='ocrx_word' id='word_1_190' title='bbox 812 3677 890 3726; x_wconf 88' lang='lat' dir='ltr'>extra</span> 
     </span>
     <span class='ocr_line' id='line_1_39' title="bbox 125 3757 891 3831; baseline -0.008 -11"><span class='ocrx_word' id='word_1_191' title='bbox 125 3763 204 3820; x_wconf 88' lang='lat' dir='ltr'>duas</span> <span class='ocrx_word' id='word_1_192' title='bbox 235 3761 334 3818; x_wconf 77' lang='lat' dir='ltr'>dictas</span> <span class='ocrx_word' id='word_1_193' title='bbox 359 3766 436 3816; x_wconf 86' lang='lat' dir='ltr'>extra</span> <span class='ocrx_word' id='word_1_194' title='bbox 464 3758 610 3816; x_wconf 87' lang='lat' dir='ltr'>dioeoesim</span> <span class='ocrx_word' id='word_1_195' title='bbox 633 3757 707 3816; x_wconf 89' lang='lat' dir='ltr'>trabi</span> <span class='ocrx_word' id='word_1_196' title='bbox 729 3758 839 3831; x_wconf 85' lang='lat' dir='ltr'>possint</span> <span class='ocrx_word' id='word_1_197' title='bbox 861 3758 891 3814; x_wconf 91' lang='lat' dir='ltr'>iu</span> 
     </span>
    </p>
   </div>
   <div class='ocr_carea' id='block_1_16' title="bbox 126 3865 260 3910">
    <p class='ocr_par' dir='ltr' id='par_1_16' title="bbox 126 3865 260 3910">
     <span class='ocr_line' id='line_1_40' title="bbox 126 3865 260 3910; baseline -0.022 -1"><span class='ocrx_word' id='word_1_198' title='bbox 126 3865 260 3910; x_wconf 77' lang='lat' dir='ltr'>causam.</span> 
     </span>
    </p>
   </div>
   <div class='ocr_carea' id='block_1_17' title="bbox 89 3964 891 5510">
    <p class='ocr_par' dir='ltr' id='par_1_17' title="bbox 89 3964 891 5510">
     <span class='ocr_line' id='line_1_41' title="bbox 132 3964 889 4042; baseline -0.005 -14"><span class='ocrx_word' id='word_1_199' title='bbox 132 3971 243 4040; x_wconf 90' lang='lat' dir='ltr'>Quum</span> <span class='ocrx_word' id='word_1_200' title='bbox 265 3965 537 4042; x_wconf 89' lang='lat' dir='ltr'>contemplationi</span> <span class='ocrx_word' id='word_1_201' title='bbox 560 3964 889 4035; x_wconf 75' lang='grc'><strong>66666111666161-</strong></span> 
     </span>
     <span class='ocr_line' id='line_1_42' title="bbox 90 4061 891 4142; baseline -0.004 -17"><span class='ocrx_word' id='word_1_202' title='bbox 90 4067 197 4127; x_wconf 88' lang='lat' dir='ltr'>deant</span> <span class='ocrx_word' id='word_1_203' title='bbox 217 4081 315 4142; x_wconf 88' lang='lat' dir='ltr'>quam</span> <span class='ocrx_word' id='word_1_204' title='bbox 340 4064 452 4124; x_wconf 90' lang='lat' dir='ltr'>suavis</span> <span class='ocrx_word' id='word_1_205' title='bbox 472 4064 522 4124; x_wconf 90' lang='grc'>661</span> <span class='ocrx_word' id='word_1_206' title='bbox 537 4062 707 4134; x_wconf 90' lang='lat' dir='ltr'>Dominus,</span> <span class='ocrx_word' id='word_1_207' title='bbox 724 4077 763 4124; x_wconf 88' lang='lat' dir='ltr'>eo</span> <span class='ocrx_word' id='word_1_208' title='bbox 779 4061 822 4123; x_wconf 91' lang='lat' dir='ltr'>sit</span> <span class='ocrx_word' id='word_1_209' title='bbox 837 4079 891 4138; x_wconf 90' lang='lat' dir='ltr'>pe·</span> 
     </span>
     <span class='ocr_line' id='line_1_43' title="bbox 90 4161 890 4237; baseline -0.005 -13"><span class='ocrx_word' id='word_1_210' title='bbox 90 4163 275 4225; x_wconf 88' lang='lat' dir='ltr'>riculosior</span> <span class='ocrx_word' id='word_1_211' title='bbox 307 4161 459 4236; x_wconf 86' lang='lat' dir='ltr'>evagatio</span> <span class='ocrx_word' id='word_1_212' title='bbox 488 4177 553 4237; x_wconf 78' lang='grc'>666</span> <span class='ocrx_word' id='word_1_213' title='bbox 586 4176 605 4220; x_wconf 90' lang='grc'>6</span> <span class='ocrx_word' id='word_1_214' title='bbox 639 4175 700 4221; x_wconf 88' lang='grc'>666</span> <span class='ocrx_word' id='word_1_215' title='bbox 721 4161 890 4236; x_wconf 91' lang='lat' dir='ltr'>proposito</span> 
     </span>
     <span class='ocr_line' id='line_1_44' title="bbox 90 4257 887 4336; baseline -0.009 -13"><span class='ocrx_word' id='word_1_216' title='bbox 90 4261 199 4323; x_wconf 91' lang='lat' dir='ltr'>alieni</span> <span class='ocrx_word' id='word_1_217' title='bbox 221 4260 391 4336; x_wconf 85' lang='lat' dir='ltr'>patiuntur</span> <span class='ocrx_word' id='word_1_218' title='bbox 419 4258 551 4318; x_wconf 83' lang='lat' dir='ltr'>facilius</span> <span class='ocrx_word' id='word_1_219' title='bbox 579 4257 721 4318; x_wconf 89' lang='lat' dir='ltr'>insidias</span> <span class='ocrx_word' id='word_1_220' title='bbox 749 4257 887 4329; x_wconf 89' lang='lat' dir='ltr'>inimici,</span> 
     </span>
     <span class='ocr_line' id='line_1_45' title="bbox 90 4355 891 4435; baseline -0.005 -15"><span class='ocrx_word' id='word_1_221' title='bbox 90 4375 153 4420; x_wconf 89' lang='lat' dir='ltr'>nos</span> <span class='ocrx_word' id='word_1_222' title='bbox 165 4358 270 4435; x_wconf 89' lang='lat' dir='ltr'>quieti</span> <span class='ocrx_word' id='word_1_223' title='bbox 285 4357 404 4418; x_wconf 86' lang='lat' dir='ltr'>veslrae</span> <span class='ocrx_word' id='word_1_224' title='bbox 420 4357 558 4432; x_wconf 90' lang='lat' dir='ltr'>paterna</span> <span class='ocrx_word' id='word_1_225' title='bbox 579 4355 802 4416; x_wconf 88' lang='lat' dir='ltr'>sollicitudine</span> <span class='ocrx_word' id='word_1_226' title='bbox 818 4371 891 4431; x_wconf 85' lang='lat' dir='ltr'>pro·</span> 
     </span>
     <span class='ocr_line' id='line_1_46' title="bbox 90 4452 889 4525; baseline -0.008 -7"><span class='ocrx_word' id='word_1_227' title='bbox 90 4457 211 4518; x_wconf 90' lang='lat' dir='ltr'>videre</span> <span class='ocrx_word' id='word_1_228' title='bbox 230 4455 389 4525; x_wconf 90' lang='lat' dir='ltr'>volentes,</span> <span class='ocrx_word' id='word_1_229' title='bbox 415 4468 457 4512; x_wconf 93' lang='lat' dir='ltr'>ne</span> <span class='ocrx_word' id='word_1_230' title='bbox 483 4452 680 4514; x_wconf 89' lang='lat' dir='ltr'>auctoritate</span> <span class='ocrx_word' id='word_1_231' title='bbox 704 4453 889 4514; x_wconf 88' lang='lat' dir='ltr'>litterarum</span> 
     </span>
     <span class='ocr_line' id='line_1_47' title="bbox 90 4549 891 4630; baseline -0.006 -15"><span class='ocrx_word' id='word_1_232' title='bbox 90 4555 284 4616; x_wconf 86' lang='lat' dir='ltr'>nostrarum</span> <span class='ocrx_word' id='word_1_233' title='bbox 297 4553 337 4612; x_wconf 90' lang='lat' dir='ltr'>de</span> <span class='ocrx_word' id='word_1_234' title='bbox 353 4551 464 4612; x_wconf 89' lang='lat' dir='ltr'>causis</span> <span class='ocrx_word' id='word_1_235' title='bbox 480 4549 725 4626; x_wconf 88' lang='lat' dir='ltr'>compellanimi</span> <span class='ocrx_word' id='word_1_236' title='bbox 745 4565 891 4630; x_wconf 85' lang='lat' dir='ltr'>cognos-</span> 
     </span>
     <span class='ocr_line' id='line_1_48' title="bbox 91 4647 889 4724; baseline -0.008 -10"><span class='ocrx_word' id='word_1_237' title='bbox 91 4667 170 4714; x_wconf 87' lang='lat' dir='ltr'>cere</span> <span class='ocrx_word' id='word_1_238' title='bbox 186 4649 387 4724; x_wconf 88' lang='lat' dir='ltr'>litigantium</span> <span class='ocrx_word' id='word_1_239' title='bbox 398 4649 450 4709; x_wconf 91' lang='lat' dir='ltr'>vel</span> <span class='ocrx_word' id='word_1_240' title='bbox 464 4650 558 4709; x_wconf 83' lang='lat' dir='ltr'>extra</span> <span class='ocrx_word' id='word_1_241' title='bbox 569 4648 652 4708; x_wconf 88' lang='lat' dir='ltr'>duas</span> <span class='ocrx_word' id='word_1_242' title='bbox 663 4647 779 4710; x_wconf 90' lang='lat' dir='ltr'>diaetas</span> <span class='ocrx_word' id='word_1_243' title='bbox 794 4650 889 4709; x_wconf 83' lang='lat' dir='ltr'>extra</span> 
     </span>
     <span class='ocr_line' id='line_1_49' title="bbox 90 4745 889 4823; baseline -0.008 -13"><span class='ocrx_word' id='word_1_244' title='bbox 90 4748 283 4818; x_wconf 86' lang='lat' dir='ltr'>dioeeesim,</span> <span class='ocrx_word' id='word_1_245' title='bbox 314 4747 348 4807; x_wconf 93' lang='lat' dir='ltr'>in</span> <span class='ocrx_word' id='word_1_246' title='bbox 375 4761 439 4823; x_wconf 91' lang='lat' dir='ltr'>qua</span> <span class='ocrx_word' id='word_1_247' title='bbox 473 4745 711 4806; x_wconf 90' lang='lat' dir='ltr'>monasterium</span> <span class='ocrx_word' id='word_1_248' title='bbox 742 4747 889 4806; x_wconf 90' lang='lat' dir='ltr'>vestrum</span> 
     </span>
     <span class='ocr_line' id='line_1_50' title="bbox 90 4843 890 4920; baseline -0.006 -11"><span class='ocrx_word' id='word_1_249' title='bbox 90 4845 253 4916; x_wconf 88' lang='lat' dir='ltr'>constitit,</span> <span class='ocrx_word' id='word_1_250' title='bbox 277 4844 367 4906; x_wconf 89' lang='lat' dir='ltr'>trabi</span> <span class='ocrx_word' id='word_1_251' title='bbox 382 4843 515 4920; x_wconf 87' lang='lat' dir='ltr'>possitis</span> <span class='ocrx_word' id='word_1_252' title='bbox 530 4843 566 4904; x_wconf 93' lang='lat' dir='ltr'>in</span> <span class='ocrx_word' id='word_1_253' title='bbox 582 4857 729 4913; x_wconf 90' lang='lat' dir='ltr'>causam,</span> <span class='ocrx_word' id='word_1_254' title='bbox 747 4844 890 4904; x_wconf 90' lang='lat' dir='ltr'>auctori·</span> 
     </span>
     <span class='ocr_line' id='line_1_51' title="bbox 89 4940 888 5018; baseline -0.01 -10"><span class='ocrx_word' id='word_1_255' title='bbox 89 4949 160 5008; x_wconf 89' lang='lat' dir='ltr'>tate</span> <span class='ocrx_word' id='word_1_256' title='bbox 186 4943 282 5003; x_wconf 91' lang='lat' dir='ltr'>vobis</span> <span class='ocrx_word' id='word_1_257' title='bbox 310 4941 524 5018; x_wconf 88' lang='lat' dir='ltr'>praesentium</span> <span class='ocrx_word' id='word_1_258' title='bbox 559 4940 787 5016; x_wconf 87' lang='lat' dir='ltr'>indulgemus,</span> <span class='ocrx_word' id='word_1_259' title='bbox 823 4942 888 5002; x_wconf 92' lang='lat' dir='ltr'>nisi</span> 
     </span>
     <span class='ocr_line' id='line_1_52' title="bbox 91 5038 888 5116; baseline -0.003 -14"><span class='ocrx_word' id='word_1_260' title='bbox 91 5043 179 5104; x_wconf 89' lang='grc'><strong>16116</strong></span> <span class='ocrx_word' id='word_1_261' title='bbox 198 5040 382 5116; x_wconf 77' lang='lat' dir='ltr'>impetratas</span> <span class='ocrx_word' id='word_1_262' title='bbox 405 5055 424 5100; x_wconf 89' lang='lat' dir='ltr'>a</span> <span class='ocrx_word' id='word_1_263' title='bbox 445 5038 529 5100; x_wconf 89' lang='lat' dir='ltr'>Sede</span> <span class='ocrx_word' id='word_1_264' title='bbox 558 5038 746 5115; x_wconf 87' lang='lat' dir='ltr'>Apostolica</span> <span class='ocrx_word' id='word_1_265' title='bbox 769 5038 888 5100; x_wconf 88' lang='lat' dir='ltr'>litterae</span> 
     </span>
     <span class='ocr_line' id='line_1_53' title="bbox 91 5135 890 5218; baseline -0.004 -17"><span class='ocrx_word' id='word_1_266' title='bbox 91 5141 227 5218; x_wconf 88' lang='lat' dir='ltr'>plenam</span> <span class='ocrx_word' id='word_1_267' title='bbox 246 5139 286 5198; x_wconf 91' lang='lat' dir='ltr'>de</span> <span class='ocrx_word' id='word_1_268' title='bbox 301 5136 516 5212; x_wconf 88' lang='lat' dir='ltr'>indulgentiis</span> <span class='ocrx_word' id='word_1_269' title='bbox 539 5135 729 5214; x_wconf 89' lang='lat' dir='ltr'>hujusmodi</span> <span class='ocrx_word' id='word_1_270' title='bbox 750 5136 890 5198; x_wconf 87' lang='grc'><strong>16661161</strong></span> 
     </span>
     <span class='ocr_line' id='line_1_54' title="bbox 92 5231 887 5309; baseline -0.006 -10"><span class='ocrx_word' id='word_1_271' title='bbox 92 5239 307 5299; x_wconf 86' lang='lat' dir='ltr'>mentionem.</span> <span class='ocrx_word' id='word_1_272' title='bbox 334 5235 425 5296; x_wconf 92' lang='lat' dir='ltr'>Nulli</span> <span class='ocrx_word' id='word_1_273' title='bbox 450 5231 529 5309; x_wconf 89' lang='lat' dir='ltr'>erg&#39;o</span> <span class='ocrx_word' id='word_1_274' title='bbox 560 5234 695 5295; x_wconf 90' lang='lat' dir='ltr'>omnino</span> <span class='ocrx_word' id='word_1_275' title='bbox 717 5235 887 5295; x_wconf 88' lang='lat' dir='ltr'>bominum</span> 
     </span>
     <span class='ocr_line' id='line_1_55' title="bbox 91 5332 889 5410; baseline -0.005 -14"><span class='ocrx_word' id='word_1_276' title='bbox 91 5337 195 5398; x_wconf 90' lang='lat' dir='ltr'>liceat</span> <span class='ocrx_word' id='word_1_277' title='bbox 209 5335 296 5395; x_wconf 90' lang='lat' dir='ltr'>banc</span> <span class='ocrx_word' id='word_1_278' title='bbox 312 5332 466 5410; x_wconf 89' lang='lat' dir='ltr'>paginam</span> <span class='ocrx_word' id='word_1_279' title='bbox 481 5333 603 5392; x_wconf 87' lang='lat' dir='ltr'>nostrae</span> <span class='ocrx_word' id='word_1_280' title='bbox 614 5332 823 5393; x_wconf 91' lang='lat' dir='ltr'>inhibitionis</span> <span class='ocrx_word' id='word_1_281' title='bbox 836 5333 889 5393; x_wconf 91' lang='lat' dir='ltr'>in-</span> 
     </span>
     <span class='ocr_line' id='line_1_56' title="bbox 93 5430 885 5510; baseline -0.005 -14"><span class='ocrx_word' id='word_1_282' title='bbox 93 5435 253 5510; x_wconf 86' lang='grc'><strong>11166616,</strong></span> <span class='ocrx_word' id='word_1_283' title='bbox 270 5431 323 5492; x_wconf 88' lang='grc'>661</span> <span class='ocrx_word' id='word_1_284' title='bbox 347 5432 377 5493; x_wconf 91' lang='lat' dir='ltr'>ei</span> <span class='ocrx_word' id='word_1_285' title='bbox 402 5447 486 5492; x_wconf 90' lang='lat' dir='ltr'>ausu</span> <span class='ocrx_word' id='word_1_286' title='bbox 508 5430 687 5492; x_wconf 88' lang='lat' dir='ltr'>temerario</span> <span class='ocrx_word' id='word_1_287' title='bbox 706 5431 885 5493; x_wconf 88' lang='lat' dir='ltr'>contraire.</span> 
     </span>
    </p>
   </div>
   <div class='ocr_carea' id='block_1_18' title="bbox 1277 1165 1420 1254">
    <p class='ocr_par' dir='ltr' id='par_1_18' title="bbox 1277 1165 1420 1254">
     <span class='ocr_line' id='line_1_57' title="bbox 1277 1165 1420 1254; baseline 0 0"><span class='ocrx_word' id='word_1_288' title='bbox 1277 1165 1420 1254; x_wconf 84' lang='lat' dir='ltr'>CXVII</span> 
     </span>
    </p>
   </div>
   <div class='ocr_carea' id='block_1_19' title="bbox 970 1316 1723 1396">
    <p class='ocr_par' dir='ltr' id='par_1_19' title="bbox 970 1316 1723 1396">
     <span class='ocr_line' id='line_1_58' title="bbox 970 1316 1723 1396; baseline 0.007 -20"><span class='ocrx_word' id='word_1_289' title='bbox 970 1316 1022 1376; x_wconf 88' lang='lat' dir='ltr'>Ad</span> <span class='ocrx_word' id='word_1_290' title='bbox 1048 1317 1244 1380; x_wconf 81' lang='lat' dir='ltr'>Vocieusam</span> <span class='ocrx_word' id='word_1_291' title='bbox 1266 1319 1299 1380; x_wconf 88' lang='lat' dir='ltr'>et</span> <span class='ocrx_word' id='word_1_292' title='bbox 1320 1322 1525 1396; x_wconf 78' lang='grc'><strong>,4611666666</strong></span> <span class='ocrx_word' id='word_1_293' title='bbox 1539 1323 1723 1396; x_wconf 84' lang='lat' dir='ltr'>episcopos.</span> 
     </span>
    </p>
   </div>
   <div class='ocr_carea' id='block_1_20' title="bbox 1040 1460 1578 1660">
    <p class='ocr_par' dir='ltr' id='par_1_20' title="bbox 1040 1460 1578 1660">
     <span class='ocr_line' id='line_1_59' title="bbox 1149 1460 1466 1518; baseline 0.003 -3"><span class='ocrx_word' id='word_1_294' title='bbox 1149 1463 1151 1468; x_wconf 85' lang='lat'>&#39;</span> <span class='ocrx_word' id='word_1_295' title='bbox 1234 1461 1266 1516; x_wconf 89' lang='grc'>17</span> <span class='ocrx_word' id='word_1_296' title='bbox 1280 1460 1466 1518; x_wconf 81' lang='grc'><strong>6611111111.</strong></span> 
     </span>
     <span class='ocr_line' id='line_1_60' title="bbox 1040 1547 1578 1660; baseline 0.004 -18"><span class='ocrx_word' id='word_1_297' title='bbox 1040 1547 1043 1554; x_wconf 34' lang='grc' dir='ltr'>Ι</span> <span class='ocrx_word' id='word_1_298' title='bbox 1120 1589 1210 1656; x_wconf 78' lang='lat' dir='ltr'>[iejer,</span> <span class='ocrx_word' id='word_1_299' title='bbox 1221 1591 1283 1642; x_wconf 88' lang='lat' dir='ltr'>Cod.</span> <span class='ocrx_word' id='word_1_300' title='bbox 1299 1591 1416 1658; x_wconf 70' lang='lat' dir='ltr'>diplom,</span> <span class='ocrx_word' id='word_1_301' title='bbox 1431 1595 1472 1654; x_wconf 89' lang='lat'>111,</span> <span class='ocrx_word' id='word_1_302' title='bbox 1487 1608 1515 1656; x_wconf 89' lang='grc'>6,</span> <span class='ocrx_word' id='word_1_303' title='bbox 1527 1595 1578 1660; x_wconf 70' lang='lat' dir='ltr'>ab]</span> 
     </span>
    </p>
   </div>
   <div class='ocr_carea' id='block_1_21' title="bbox 949 1715 1744 2056">
    <p class='ocr_par' dir='ltr' id='par_1_21' title="bbox 949 1715 1744 2056">
     <span class='ocr_line' id='line_1_61' title="bbox 949 1715 1744 1792; baseline 0.01 -23"><span class='ocrx_word' id='word_1_304' title='bbox 949 1715 1006 1770; x_wconf 82' lang='lat' dir='ltr'>Eos</span> <span class='ocrx_word' id='word_1_305' title='bbox 1021 1721 1118 1772; x_wconf 89' lang='lat' dir='ltr'>monet</span> <span class='ocrx_word' id='word_1_306' title='bbox 1133 1723 1163 1774; x_wconf 94' lang='lat' dir='ltr'>ut</span> <span class='ocrx_word' id='word_1_307' title='bbox 1178 1715 1313 1775; x_wconf 84' lang='lat' dir='ltr'>inducant</span> <span class='ocrx_word' id='word_1_308' title='bbox 1326 1719 1481 1791; x_wconf 88' lang='lat' dir='ltr'>capitulum</span> <span class='ocrx_word' id='word_1_309' title='bbox 1496 1719 1701 1792; x_wconf 84' lang='lat' dir='ltr'>strigoniense,</span> <span class='ocrx_word' id='word_1_310' title='bbox 1712 1729 1744 1778; x_wconf 90' lang='grc'>61</span> 
     </span>
     <span class='ocr_line' id='line_1_62' title="bbox 983 1801 1743 1880; baseline 0.008 -22"><span class='ocrx_word' id='word_1_311' title='bbox 983 1801 1056 1860; x_wconf 88' lang='lat' dir='ltr'>inire</span> <span class='ocrx_word' id='word_1_312' title='bbox 1087 1817 1216 1862; x_wconf 87' lang='lat' dir='ltr'>mensem</span> <span class='ocrx_word' id='word_1_313' title='bbox 1252 1813 1317 1878; x_wconf 89' lang='lat' dir='ltr'>post</span> <span class='ocrx_word' id='word_1_314' title='bbox 1343 1808 1554 1880; x_wconf 86' lang='lat' dir='ltr'>susceptionem</span> <span class='ocrx_word' id='word_1_315' title='bbox 1587 1805 1743 1866; x_wconf 89' lang='lat' dir='ltr'>litterarum</span> 
     </span>
     <span class='ocr_line' id='line_1_63' title="bbox 984 1891 1741 1970; baseline 0.009 -22"><span class='ocrx_word' id='word_1_316' title='bbox 984 1891 1212 1964; x_wconf 67' lang='lat' dir='ltr'>apostolicarum</span> <span class='ocrx_word' id='word_1_317' title='bbox 1227 1895 1256 1950; x_wconf 92' lang='lat' dir='ltr'>in</span> <span class='ocrx_word' id='word_1_318' title='bbox 1275 1910 1427 1967; x_wconf 88' lang='lat' dir='ltr'>personam</span> <span class='ocrx_word' id='word_1_319' title='bbox 1441 1895 1573 1954; x_wconf 89' lang='lat' dir='ltr'>idoneam</span> <span class='ocrx_word' id='word_1_320' title='bbox 1596 1911 1646 1970; x_wconf 89' lang='lat' dir='ltr'>per</span> <span class='ocrx_word' id='word_1_321' title='bbox 1666 1897 1741 1954; x_wconf 88' lang='lat' dir='ltr'>elec·</span> 
     </span>
     <span class='ocr_line' id='line_1_64' title="bbox 984 1981 1582 2056; baseline 0.01 -20"><span class='ocrx_word' id='word_1_322' title='bbox 984 1981 1090 2038; x_wconf 89' lang='lat' dir='ltr'>tionem</span> <span class='ocrx_word' id='word_1_323' title='bbox 1106 1981 1150 2038; x_wconf 87' lang='lat' dir='ltr'>vel</span> <span class='ocrx_word' id='word_1_324' title='bbox 1166 1982 1386 2056; x_wconf 86' lang='lat' dir='ltr'>postulationem</span> <span class='ocrx_word' id='word_1_325' title='bbox 1399 1985 1582 2042; x_wconf 88' lang='lat' dir='ltr'>conveniant.</span> 
     </span>
    </p>
   </div>
   <div class='ocr_carea' id='block_1_22' title="bbox 943 2107 1747 5489">
    <p class='ocr_par' dir='ltr' id='par_1_22' title="bbox 946 2107 1742 2461">
     <span class='ocr_line' id='line_1_65' title="bbox 987 2107 1741 2184; baseline 0.007 -18"><span class='ocrx_word' id='word_1_326' title='bbox 987 2107 1659 2184; x_wconf 86' lang='lat' dir='ltr'>Honoriusepiscopus,servusservorum</span> <span class='ocrx_word' id='word_1_327' title='bbox 1671 2112 1741 2183; x_wconf 91' lang='lat' dir='ltr'>Dei,</span> 
     </span>
     <span class='ocr_line' id='line_1_66' title="bbox 947 2203 1742 2278; baseline 0.005 -14"><span class='ocrx_word' id='word_1_328' title='bbox 947 2203 1193 2265; x_wconf 83' lang='lat' dir='ltr'>venerabilibus</span> <span class='ocrx_word' id='word_1_329' title='bbox 1216 2204 1386 2278; x_wconf 85' lang='lat' dir='ltr'>fratribus,</span> <span class='ocrx_word' id='word_1_330' title='bbox 1467 2208 1623 2268; x_wconf 84' lang='lat' dir='ltr'>Vaciensi</span> <span class='ocrx_word' id='word_1_331' title='bbox 1645 2210 1742 2268; x_wconf 88' lang='lat' dir='ltr'>et.....</span> 
     </span>
     <span class='ocr_line' id='line_1_67' title="bbox 946 2302 1742 2380; baseline 0.006 -20"><span class='ocrx_word' id='word_1_332' title='bbox 946 2302 1100 2376; x_wconf 84' lang='lat' dir='ltr'>Agriensi</span> <span class='ocrx_word' id='word_1_333' title='bbox 1115 2303 1291 2380; x_wconf 83' lang='lat' dir='ltr'>episcopis,</span> <span class='ocrx_word' id='word_1_334' title='bbox 1320 2303 1461 2366; x_wconf 89' lang='lat' dir='ltr'>salutem</span> <span class='ocrx_word' id='word_1_335' title='bbox 1473 2305 1506 2365; x_wconf 90' lang='lat' dir='ltr'>et</span> <span class='ocrx_word' id='word_1_336' title='bbox 1518 2305 1742 2380; x_wconf 77' lang='lat' dir='ltr'>apostolicam</span> 
     </span>
     <span class='ocr_line' id='line_1_68' title="bbox 947 2398 1221 2461; baseline 0.011 -3"><span class='ocrx_word' id='word_1_337' title='bbox 947 2398 1221 2461; x_wconf 90' lang='lat' dir='ltr'>benedictionem.</span> 
     </span>
    </p>

    <p class='ocr_par' dir='ltr' id='par_1_23' title="bbox 943 2497 1747 5489">
     <span class='ocr_line' id='line_1_69' title="bbox 994 2497 1744 2574; baseline 0.007 -18"><span class='ocrx_word' id='word_1_338' title='bbox 994 2497 1127 2557; x_wconf 88' lang='lat' dir='ltr'>Duabus</span> <span class='ocrx_word' id='word_1_339' title='bbox 1160 2497 1452 2574; x_wconf 89' lang='lat' dir='ltr'>postulationibus,</span> <span class='ocrx_word' id='word_1_340' title='bbox 1485 2515 1550 2560; x_wconf 87' lang='lat' dir='ltr'>una</span> <span class='ocrx_word' id='word_1_341' title='bbox 1587 2499 1744 2561; x_wconf 89' lang='lat' dir='ltr'>videlicet</span> 
     </span>
     <span class='ocr_line' id='line_1_70' title="bbox 947 2595 1740 2669; baseline 0.003 -14"><span class='ocrx_word' id='word_1_342' title='bbox 947 2595 987 2656; x_wconf 91' lang='lat' dir='ltr'>de</span> <span class='ocrx_word' id='word_1_343' title='bbox 1019 2595 1203 2657; x_wconf 88' lang='grc'><strong>6666161111</strong></span> <span class='ocrx_word' id='word_1_344' title='bbox 1241 2595 1344 2657; x_wconf 88' lang='grc'><strong>116116</strong></span> <span class='ocrx_word' id='word_1_345' title='bbox 1379 2598 1493 2658; x_wconf 87' lang='grc'><strong>666116</strong></span> <span class='ocrx_word' id='word_1_346' title='bbox 1525 2598 1740 2669; x_wconf 75' lang='grc'><strong>0666616661,</strong></span> 
     </span>
     <span class='ocr_line' id='line_1_71' title="bbox 947 2691 1743 2772; baseline 0.003 -19"><span class='ocrx_word' id='word_1_347' title='bbox 947 2691 1075 2772; x_wconf 88' lang='lat' dir='ltr'>reliqua</span> <span class='ocrx_word' id='word_1_348' title='bbox 1110 2707 1190 2755; x_wconf 92' lang='lat' dir='ltr'>vero</span> <span class='ocrx_word' id='word_1_349' title='bbox 1221 2693 1261 2754; x_wconf 90' lang='lat' dir='ltr'>de</span> <span class='ocrx_word' id='word_1_350' title='bbox 1292 2693 1475 2755; x_wconf 88' lang='lat' dir='ltr'>venerabili</span> <span class='ocrx_word' id='word_1_351' title='bbox 1498 2693 1600 2756; x_wconf 86' lang='grc'><strong>116116</strong></span> <span class='ocrx_word' id='word_1_352' title='bbox 1629 2695 1743 2756; x_wconf 87' lang='grc'><strong>666116</strong></span> 
     </span>
     <span class='ocr_line' id='line_1_72' title="bbox 947 2790 1744 2867; baseline 0.004 -17"><span class='ocrx_word' id='word_1_353' title='bbox 947 2790 1120 2862; x_wconf 88' lang='grc' dir='ltr'><strong>Ν11116661,</strong></span> <span class='ocrx_word' id='word_1_354' title='bbox 1162 2790 1339 2867; x_wconf 88' lang='grc'><strong>661666616,</strong></span> <span class='ocrx_word' id='word_1_355' title='bbox 1372 2791 1407 2851; x_wconf 92' lang='grc'>16</span> <span class='ocrx_word' id='word_1_356' title='bbox 1434 2791 1653 2866; x_wconf 81' lang='lat' dir='ltr'>strigoniensi</span> <span class='ocrx_word' id='word_1_357' title='bbox 1687 2808 1744 2853; x_wconf 91' lang='lat' dir='ltr'>ec-</span> 
     </span>
     <span class='ocr_line' id='line_1_73' title="bbox 947 2887 1744 2966; baseline 0.003 -18"><span class='ocrx_word' id='word_1_358' title='bbox 947 2887 1049 2948; x_wconf 90' lang='lat' dir='ltr'>clesia</span> <span class='ocrx_word' id='word_1_359' title='bbox 1074 2887 1261 2960; x_wconf 87' lang='lat' dir='ltr'>celebratis,</span> <span class='ocrx_word' id='word_1_360' title='bbox 1288 2905 1389 2966; x_wconf 88' lang='lat' dir='ltr'>quum</span> <span class='ocrx_word' id='word_1_361' title='bbox 1404 2889 1529 2949; x_wconf 90' lang='lat' dir='ltr'>nullam</span> <span class='ocrx_word' id='word_1_362' title='bbox 1555 2891 1744 2950; x_wconf 84' lang='grc'><strong>66166116-</strong></span> 
     </span>
     <span class='ocr_line' id='line_1_74' title="bbox 946 2985 1742 3058; baseline 0.008 -14"><span class='ocrx_word' id='word_1_363' title='bbox 946 2985 1135 3046; x_wconf 89' lang='lat' dir='ltr'>venerimus</span> <span class='ocrx_word' id='word_1_364' title='bbox 1172 3001 1246 3047; x_wconf 90' lang='lat' dir='ltr'>esse</span> <span class='ocrx_word' id='word_1_365' title='bbox 1282 2987 1487 3058; x_wconf 88' lang='lat' dir='ltr'>eanonicam,</span> <span class='ocrx_word' id='word_1_366' title='bbox 1530 2987 1562 3048; x_wconf 90' lang='lat' dir='ltr'>et</span> <span class='ocrx_word' id='word_1_367' title='bbox 1588 2987 1623 3047; x_wconf 94' lang='lat' dir='ltr'>in</span> <span class='ocrx_word' id='word_1_368' title='bbox 1649 2989 1742 3050; x_wconf 91' lang='lat' dir='ltr'>tanta</span> 
     </span>
     <span class='ocr_line' id='line_1_75' title="bbox 947 3083 1740 3160; baseline 0.005 -18"><span class='ocrx_word' id='word_1_369' title='bbox 947 3083 1210 3144; x_wconf 89' lang='lat' dir='ltr'>contradictione</span> <span class='ocrx_word' id='word_1_370' title='bbox 1227 3098 1293 3144; x_wconf 93' lang='lat' dir='ltr'>non</span> <span class='ocrx_word' id='word_1_371' title='bbox 1318 3083 1528 3146; x_wconf 88' lang='lat' dir='ltr'>consueverit</span> <span class='ocrx_word' id='word_1_372' title='bbox 1550 3084 1740 3160; x_wconf 88' lang='grc'><strong>6661616116,</strong></span> 
     </span>
     <span class='ocr_line' id='line_1_76' title="bbox 947 3172 1744 3260; baseline 0.006 -21"><span class='ocrx_word' id='word_1_373' title='bbox 947 3195 1031 3257; x_wconf 84' lang='lat' dir='ltr'>quae,</span> <span class='ocrx_word' id='word_1_374' title='bbox 1052 3179 1079 3240; x_wconf 94' lang='grc'>61</span> <span class='ocrx_word' id='word_1_375' title='bbox 1105 3181 1206 3242; x_wconf 88' lang='grc'><strong>611616</strong></span> <span class='ocrx_word' id='word_1_376' title='bbox 1227 3181 1437 3242; x_wconf 90' lang='lat' dir='ltr'>concorditer</span> <span class='ocrx_word' id='word_1_377' title='bbox 1456 3172 1559 3253; x_wconf 81' lang='lat' dir='ltr'>fieret,</span> <span class='ocrx_word' id='word_1_378' title='bbox 1577 3183 1651 3260; x_wconf 92' lang='lat' dir='ltr'>plus</span> <span class='ocrx_word' id='word_1_379' title='bbox 1664 3199 1744 3259; x_wconf 89' lang='lat' dir='ltr'>gra-</span> 
     </span>
     <span class='ocr_line' id='line_1_77' title="bbox 946 3278 1743 3358; baseline 0.004 -19"><span class='ocrx_word' id='word_1_380' title='bbox 946 3278 1038 3351; x_wconf 90' lang='lat' dir='ltr'>tiam,</span> <span class='ocrx_word' id='word_1_381' title='bbox 1074 3295 1172 3358; x_wconf 89' lang='lat' dir='ltr'>quam</span> <span class='ocrx_word' id='word_1_382' title='bbox 1193 3282 1251 3355; x_wconf 90' lang='lat' dir='ltr'>jus</span> <span class='ocrx_word' id='word_1_383' title='bbox 1288 3279 1440 3356; x_wconf 85' lang='lat' dir='ltr'>requirit,</span> <span class='ocrx_word' id='word_1_384' title='bbox 1477 3280 1626 3355; x_wconf 87' lang='lat' dir='ltr'>admitti;</span> <span class='ocrx_word' id='word_1_385' title='bbox 1654 3295 1743 3342; x_wconf 91' lang='lat' dir='ltr'>neu-</span> 
     </span>
     <span class='ocr_line' id='line_1_78' title="bbox 947 3375 1747 3440; baseline 0.004 -3"><span class='ocrx_word' id='word_1_386' title='bbox 947 3377 1032 3437; x_wconf 83' lang='lat' dir='ltr'>tram</span> <span class='ocrx_word' id='word_1_387' title='bbox 1054 3375 1094 3437; x_wconf 92' lang='lat' dir='ltr'>de</span> <span class='ocrx_word' id='word_1_388' title='bbox 1121 3375 1261 3438; x_wconf 82' lang='lat' dir='ltr'>fratrum</span> <span class='ocrx_word' id='word_1_389' title='bbox 1284 3379 1472 3438; x_wconf 88' lang='lat' dir='ltr'>nostrorum</span> <span class='ocrx_word' id='word_1_390' title='bbox 1488 3379 1629 3440; x_wconf 90' lang='lat' dir='ltr'>consilio</span> <span class='ocrx_word' id='word_1_391' title='bbox 1645 3379 1747 3440; x_wconf 84' lang='lat' dir='ltr'>duxi-</span> 
     </span>
     <span class='ocr_line' id='line_1_79' title="bbox 947 3473 1742 3537; baseline 0.005 -4"><span class='ocrx_word' id='word_1_392' title='bbox 947 3491 1019 3534; x_wconf 90' lang='lat' dir='ltr'>mus</span> <span class='ocrx_word' id='word_1_393' title='bbox 1035 3473 1284 3536; x_wconf 86' lang='lat' dir='ltr'>admittendum.</span> <span class='ocrx_word' id='word_1_394' title='bbox 1298 3475 1327 3536; x_wconf 94' lang='lat' dir='ltr'>N</span> <span class='ocrx_word' id='word_1_395' title='bbox 1331 3491 1367 3535; x_wconf 89' lang='lat' dir='ltr'>os</span> <span class='ocrx_word' id='word_1_396' title='bbox 1381 3476 1491 3535; x_wconf 89' lang='lat' dir='ltr'>autem</span> <span class='ocrx_word' id='word_1_397' title='bbox 1510 3475 1668 3537; x_wconf 84' lang='lat' dir='ltr'>iacientes</span> <span class='ocrx_word' id='word_1_398' title='bbox 1681 3492 1742 3537; x_wconf 91' lang='lat' dir='ltr'>ca-</span> 
     </span>
     <span class='ocr_line' id='line_1_80' title="bbox 946 3571 1744 3647; baseline 0.006 -17"><span class='ocrx_word' id='word_1_399' title='bbox 946 3571 1052 3646; x_wconf 91' lang='lat' dir='ltr'>pitulo</span> <span class='ocrx_word' id='word_1_400' title='bbox 1072 3571 1292 3646; x_wconf 80' lang='lat' dir='ltr'>strigoniensi</span> <span class='ocrx_word' id='word_1_401' title='bbox 1317 3572 1381 3632; x_wconf 91' lang='lat' dir='ltr'>bac</span> <span class='ocrx_word' id='word_1_402' title='bbox 1402 3571 1476 3632; x_wconf 90' lang='lat' dir='ltr'>vice</span> <span class='ocrx_word' id='word_1_403' title='bbox 1494 3573 1648 3647; x_wconf 85' lang='grc'><strong>61611616,</strong></span> <span class='ocrx_word' id='word_1_404' title='bbox 1665 3573 1744 3635; x_wconf 87' lang='grc'><strong>11661</strong></span> 
     </span>
     <span class='ocr_line' id='line_1_81' title="bbox 947 3667 1740 3746; baseline 0.004 -18"><span class='ocrx_word' id='word_1_405' title='bbox 947 3667 987 3728; x_wconf 93' lang='lat' dir='ltr'>de</span> <span class='ocrx_word' id='word_1_406' title='bbox 998 3669 1084 3743; x_wconf 88' lang='lat' dir='ltr'>jnris</span> <span class='ocrx_word' id='word_1_407' title='bbox 1098 3669 1241 3742; x_wconf 88' lang='lat' dir='ltr'>rigorea</span> <span class='ocrx_word' id='word_1_408' title='bbox 1257 3668 1352 3730; x_wconf 89' lang='lat' dir='ltr'>nobis</span> <span class='ocrx_word' id='word_1_409' title='bbox 1368 3669 1467 3730; x_wconf 88' lang='lat' dir='ltr'>aliter</span> <span class='ocrx_word' id='word_1_410' title='bbox 1481 3669 1554 3729; x_wconf 85' lang='lat' dir='ltr'>lieri</span> <span class='ocrx_word' id='word_1_411' title='bbox 1568 3671 1740 3746; x_wconf 90' lang='lat' dir='ltr'>potuisset,</span> 
     </span>
     <span class='ocr_line' id='line_1_82' title="bbox 947 3765 1742 3837; baseline 0.005 -13"><span class='ocrx_word' id='word_1_412' title='bbox 947 3765 1197 3826; x_wconf 88' lang='lat' dir='ltr'>universitatem</span> <span class='ocrx_word' id='word_1_413' title='bbox 1214 3782 1330 3826; x_wconf 90' lang='lat' dir='ltr'>eornm</span> <span class='ocrx_word' id='word_1_414' title='bbox 1345 3782 1528 3837; x_wconf 88' lang='lat' dir='ltr'>monemus,</span> <span class='ocrx_word' id='word_1_415' title='bbox 1546 3768 1676 3829; x_wconf 89' lang='lat' dir='ltr'>nostras</span> <span class='ocrx_word' id='word_1_416' title='bbox 1693 3769 1742 3828; x_wconf 90' lang='grc'>616</span> 
     </span>
     <span class='ocr_line' id='line_1_83' title="bbox 946 3862 1742 3937; baseline 0.006 -15"><span class='ocrx_word' id='word_1_417' title='bbox 946 3862 1061 3924; x_wconf 89' lang='lat' dir='ltr'>dantes</span> <span class='ocrx_word' id='word_1_418' title='bbox 1075 3862 1248 3925; x_wconf 89' lang='grc'><strong>1111616616</strong></span> <span class='ocrx_word' id='word_1_419' title='bbox 1260 3863 1436 3937; x_wconf 88' lang='lat' dir='ltr'>mandatis,</span> <span class='ocrx_word' id='word_1_420' title='bbox 1446 3867 1482 3926; x_wconf 88' lang='lat' dir='ltr'>ut</span> <span class='ocrx_word' id='word_1_421' title='bbox 1493 3865 1581 3926; x_wconf 83' lang='lat' dir='ltr'>inira</span> <span class='ocrx_word' id='word_1_422' title='bbox 1594 3880 1742 3927; x_wconf 90' lang='lat' dir='ltr'>mensem</span> 
     </span>
     <span class='ocr_line' id='line_1_84' title="bbox 945 3961 1743 4038; baseline 0.005 -17"><span class='ocrx_word' id='word_1_423' title='bbox 945 3962 1020 4036; x_wconf 89' lang='lat' dir='ltr'>pest</span> <span class='ocrx_word' id='word_1_424' title='bbox 1043 3961 1289 4038; x_wconf 88' lang='lat' dir='ltr'>susceptionem</span> <span class='ocrx_word' id='word_1_425' title='bbox 1312 3977 1439 4034; x_wconf 89' lang='grc'><strong>661616,</strong></span> <span class='ocrx_word' id='word_1_426' title='bbox 1464 3965 1568 4024; x_wconf 88' lang='lat' dir='ltr'>Deum</span> <span class='ocrx_word' id='word_1_427' title='bbox 1590 3963 1743 4026; x_wconf 85' lang='lat' dir='ltr'>babendo</span> 
     </span>
     <span class='ocr_line' id='line_1_85' title="bbox 945 4058 1743 4139; baseline 0.004 -19"><span class='ocrx_word' id='word_1_428' title='bbox 945 4074 1014 4135; x_wconf 81' lang='lat' dir='ltr'>prae</span> <span class='ocrx_word' id='word_1_429' title='bbox 1050 4059 1167 4132; x_wconf 89' lang='lat' dir='ltr'>oculis,</span> <span class='ocrx_word' id='word_1_430' title='bbox 1201 4058 1235 4119; x_wconf 94' lang='lat' dir='ltr'>in</span> <span class='ocrx_word' id='word_1_431' title='bbox 1265 4074 1443 4136; x_wconf 88' lang='lat' dir='ltr'>personam</span> <span class='ocrx_word' id='word_1_432' title='bbox 1474 4060 1639 4134; x_wconf 91' lang='lat' dir='ltr'>idoneam,</span> <span class='ocrx_word' id='word_1_433' title='bbox 1668 4077 1743 4139; x_wconf 85' lang='lat' dir='ltr'>quae</span> 
     </span>
     <span class='ocr_line' id='line_1_86' title="bbox 945 4157 1743 4235; baseline 0.004 -18"><span class='ocrx_word' id='word_1_434' title='bbox 945 4157 1508 4232; x_wconf 87' lang='grc'><strong>16616666616616661161166611,</strong></span> <span class='ocrx_word' id='word_1_435' title='bbox 1526 4174 1585 4235; x_wconf 88' lang='grc'>661</span> <span class='ocrx_word' id='word_1_436' title='bbox 1604 4159 1743 4221; x_wconf 87' lang='grc'><strong>6166116-</strong></span> 
     </span>
     <span class='ocr_line' id='line_1_87' title="bbox 946 4255 1743 4331; baseline 0.004 -17"><span class='ocrx_word' id='word_1_437' title='bbox 946 4270 1021 4315; x_wconf 90' lang='lat' dir='ltr'>nem</span> <span class='ocrx_word' id='word_1_438' title='bbox 1043 4269 1102 4316; x_wconf 89' lang='lat' dir='ltr'>seu</span> <span class='ocrx_word' id='word_1_439' title='bbox 1118 4255 1376 4331; x_wconf 86' lang='lat' dir='ltr'>postulationem</span> <span class='ocrx_word' id='word_1_440' title='bbox 1394 4255 1533 4317; x_wconf 90' lang='lat' dir='ltr'>liberam</span> <span class='ocrx_word' id='word_1_441' title='bbox 1554 4257 1743 4319; x_wconf 89' lang='grc'><strong>61666661-</strong></span> 
     </span>
     <span class='ocr_line' id='line_1_88' title="bbox 945 4353 1738 4430; baseline 0.003 -16"><span class='ocrx_word' id='word_1_442' title='bbox 945 4367 1029 4424; x_wconf 90' lang='lat' dir='ltr'>cam,</span> <span class='ocrx_word' id='word_1_443' title='bbox 1042 4353 1231 4429; x_wconf 87' lang='lat' dir='ltr'>jnramento</span> <span class='ocrx_word' id='word_1_444' title='bbox 1243 4353 1389 4429; x_wconf 85' lang='lat' dir='ltr'>quolibet</span> <span class='ocrx_word' id='word_1_445' title='bbox 1400 4353 1477 4414; x_wconf 92' lang='lat' dir='ltr'>binc</span> <span class='ocrx_word' id='word_1_446' title='bbox 1491 4354 1568 4414; x_wconf 91' lang='lat' dir='ltr'>inde</span> <span class='ocrx_word' id='word_1_447' title='bbox 1579 4353 1738 4430; x_wconf 87' lang='grc'><strong>616661116,</strong></span> 
     </span>
     <span class='ocr_line' id='line_1_89' title="bbox 944 4449 1740 4526; baseline 0.001 -16"><span class='ocrx_word' id='word_1_448' title='bbox 944 4465 1004 4526; x_wconf 90' lang='grc'>661</span> <span class='ocrx_word' id='word_1_449' title='bbox 1029 4451 1114 4526; x_wconf 88' lang='lat' dir='ltr'>quod</span> <span class='ocrx_word' id='word_1_450' title='bbox 1139 4449 1244 4511; x_wconf 90' lang='lat' dir='ltr'>libera</span> <span class='ocrx_word' id='word_1_451' title='bbox 1272 4450 1476 4526; x_wconf 85' lang='lat' dir='ltr'>impediatur</span> <span class='ocrx_word' id='word_1_452' title='bbox 1508 4451 1642 4522; x_wconf 91' lang='lat' dir='ltr'>electio,</span> <span class='ocrx_word' id='word_1_453' title='bbox 1674 4467 1740 4512; x_wconf 94' lang='lat' dir='ltr'>non</span> 
     </span>
     <span class='ocr_line' id='line_1_90' title="bbox 945 4548 1741 4624; baseline 0.003 -16"><span class='ocrx_word' id='word_1_454' title='bbox 945 4548 1106 4619; x_wconf 90' lang='lat' dir='ltr'>obstante,</span> <span class='ocrx_word' id='word_1_455' title='bbox 1125 4549 1251 4620; x_wconf 90' lang='lat' dir='ltr'>curent,</span> <span class='ocrx_word' id='word_1_456' title='bbox 1277 4548 1431 4609; x_wconf 90' lang='lat' dir='ltr'>invocata</span> <span class='ocrx_word' id='word_1_457' title='bbox 1460 4549 1604 4624; x_wconf 85' lang='lat' dir='ltr'>Spiritus</span> <span class='ocrx_word' id='word_1_458' title='bbox 1626 4549 1741 4612; x_wconf 88' lang='lat' dir='ltr'>Sancti</span> 
     </span>
     <span class='ocr_line' id='line_1_91' title="bbox 944 4646 1742 4722; baseline 0.005 -16"><span class='ocrx_word' id='word_1_459' title='bbox 944 4647 1062 4722; x_wconf 89' lang='lat' dir='ltr'>gratia,</span> <span class='ocrx_word' id='word_1_460' title='bbox 1082 4647 1272 4717; x_wconf 91' lang='lat' dir='ltr'>convenire,</span> <span class='ocrx_word' id='word_1_461' title='bbox 1301 4646 1347 4706; x_wconf 90' lang='lat' dir='ltr'>ita</span> <span class='ocrx_word' id='word_1_462' title='bbox 1366 4646 1452 4722; x_wconf 90' lang='lat' dir='ltr'>quod</span> <span class='ocrx_word' id='word_1_463' title='bbox 1483 4663 1549 4707; x_wconf 92' lang='lat' dir='ltr'>non</span> <span class='ocrx_word' id='word_1_464' title='bbox 1566 4647 1742 4710; x_wconf 90' lang='lat' dir='ltr'>videamur</span> 
     </span>
     <span class='ocr_line' id='line_1_92' title="bbox 945 4743 1740 4820; baseline 0.004 -16"><span class='ocrx_word' id='word_1_465' title='bbox 945 4744 993 4804; x_wconf 89' lang='lat' dir='ltr'>eis</span> <span class='ocrx_word' id='word_1_466' title='bbox 1017 4744 1052 4804; x_wconf 93' lang='lat' dir='ltr'>in</span> <span class='ocrx_word' id='word_1_467' title='bbox 1074 4743 1304 4820; x_wconf 88' lang='lat' dir='ltr'>praejudicium</span> <span class='ocrx_word' id='word_1_468' title='bbox 1327 4743 1568 4818; x_wconf 79' lang='lat' dir='ltr'>strigoniensis</span> <span class='ocrx_word' id='word_1_469' title='bbox 1589 4746 1740 4808; x_wconf 80' lang='lat' dir='ltr'>ecclesiae</span> 
     </span>
     <span class='ocr_line' id='line_1_93' title="bbox 945 4840 1739 4925; baseline 0.004 -24"><span class='ocrx_word' id='word_1_470' title='bbox 945 4840 1118 4914; x_wconf 90' lang='lat' dir='ltr'>detulisse;</span> <span class='ocrx_word' id='word_1_471' title='bbox 1143 4855 1252 4917; x_wconf 86' lang='lat' dir='ltr'>neque</span> <span class='ocrx_word' id='word_1_472' title='bbox 1268 4840 1443 4918; x_wconf 87' lang='lat' dir='ltr'>providere</span> <span class='ocrx_word' id='word_1_473' title='bbox 1459 4858 1618 4925; x_wconf 84' lang='lat' dir='ltr'>cogamur</span> <span class='ocrx_word' id='word_1_474' title='bbox 1632 4843 1739 4904; x_wconf 90' lang='lat' dir='ltr'>eidem</span> 
     </span>
     <span class='ocr_line' id='line_1_94' title="bbox 945 4938 1740 5015; baseline 0.004 -16"><span class='ocrx_word' id='word_1_475' title='bbox 945 4938 1094 5000; x_wconf 82' lang='lat' dir='ltr'>ecolesiae</span> <span class='ocrx_word' id='word_1_476' title='bbox 1109 4954 1168 5014; x_wconf 89' lang='lat' dir='ltr'>per</span> <span class='ocrx_word' id='word_1_477' title='bbox 1181 4953 1243 4999; x_wconf 93' lang='lat' dir='ltr'>nos</span> <span class='ocrx_word' id='word_1_478' title='bbox 1256 4939 1356 5015; x_wconf 88' lang='lat' dir='ltr'>ipsos.</span> <span class='ocrx_word' id='word_1_479' title='bbox 1371 4939 1533 5010; x_wconf 88' lang='lat' dir='ltr'>Quocirca</span> <span class='ocrx_word' id='word_1_480' title='bbox 1552 4939 1740 5002; x_wconf 80' lang='lat' dir='ltr'>fraternita-</span> 
     </span>
     <span class='ocr_line' id='line_1_95' title="bbox 944 5037 1738 5115; baseline 0 -17"><span class='ocrx_word' id='word_1_481' title='bbox 944 5037 1009 5098; x_wconf 91' lang='lat' dir='ltr'>tem</span> <span class='ocrx_word' id='word_1_482' title='bbox 1023 5037 1166 5098; x_wconf 88' lang='lat' dir='ltr'>vestram</span> <span class='ocrx_word' id='word_1_483' title='bbox 1191 5051 1373 5108; x_wconf 82' lang='lat' dir='ltr'>munemne,</span> <span class='ocrx_word' id='word_1_484' title='bbox 1394 5039 1556 5115; x_wconf 89' lang='lat' dir='ltr'>quatenus</span> <span class='ocrx_word' id='word_1_485' title='bbox 1573 5051 1738 5114; x_wconf 88' lang='lat' dir='ltr'>persona-</span> 
     </span>
     <span class='ocr_line' id='line_1_96' title="bbox 944 5133 1739 5211; baseline 0.003 -19"><span class='ocrx_word' id='word_1_486' title='bbox 944 5135 1020 5195; x_wconf 88' lang='lat' dir='ltr'>liter</span> <span class='ocrx_word' id='word_1_487' title='bbox 1035 5133 1229 5194; x_wconf 88' lang='lat' dir='ltr'>accedentes</span> <span class='ocrx_word' id='word_1_488' title='bbox 1244 5134 1285 5194; x_wconf 92' lang='lat' dir='ltr'>ad</span> <span class='ocrx_word' id='word_1_489' title='bbox 1302 5133 1421 5205; x_wconf 91' lang='lat' dir='ltr'>locum,</span> <span class='ocrx_word' id='word_1_490' title='bbox 1434 5149 1490 5195; x_wconf 89' lang='lat' dir='ltr'>eos</span> <span class='ocrx_word' id='word_1_491' title='bbox 1501 5135 1542 5194; x_wconf 90' lang='lat' dir='ltr'>ad</span> <span class='ocrx_word' id='word_1_492' title='bbox 1557 5134 1589 5194; x_wconf 91' lang='lat' dir='ltr'>id</span> <span class='ocrx_word' id='word_1_493' title='bbox 1601 5133 1739 5211; x_wconf 87' lang='lat' dir='ltr'>diligen·</span> 
     </span>
     <span class='ocr_line' id='line_1_97' title="bbox 943 5232 1737 5310; baseline 0.001 -17"><span class='ocrx_word' id='word_1_494' title='bbox 943 5233 1009 5294; x_wconf 92' lang='lat' dir='ltr'>tius</span> <span class='ocrx_word' id='word_1_495' title='bbox 1025 5247 1170 5298; x_wconf 90' lang='lat' dir='ltr'>monere,</span> <span class='ocrx_word' id='word_1_496' title='bbox 1188 5247 1227 5292; x_wconf 93' lang='lat' dir='ltr'>ac</span> <span class='ocrx_word' id='word_1_497' title='bbox 1238 5232 1396 5294; x_wconf 89' lang='lat' dir='ltr'>inducere</span> <span class='ocrx_word' id='word_1_498' title='bbox 1410 5233 1605 5310; x_wconf 89' lang='lat' dir='ltr'>procuretis.</span> <span class='ocrx_word' id='word_1_499' title='bbox 1619 5233 1737 5295; x_wconf 89' lang='lat' dir='ltr'>Datum</span> 
     </span>
     <span class='ocr_line' id='line_1_98' title="bbox 945 5329 1739 5408; baseline 0.003 -18"><span class='ocrx_word' id='word_1_500' title='bbox 945 5330 1110 5398; x_wconf 85' lang='lat' dir='ltr'>Laterani,</span> <span class='ocrx_word' id='word_1_501' title='bbox 1128 5331 1203 5392; x_wconf 82' lang='lat' dir='ltr'>XVl</span> <span class='ocrx_word' id='word_1_502' title='bbox 1230 5329 1392 5391; x_wconf 85' lang='lat' dir='ltr'>kalendas</span> <span class='ocrx_word' id='word_1_503' title='bbox 1411 5329 1540 5406; x_wconf 84' lang='lat' dir='ltr'>aprilis,</span> <span class='ocrx_word' id='word_1_504' title='bbox 1561 5331 1739 5408; x_wconf 81' lang='lat' dir='ltr'>pontifica-</span> 
     </span>
     <span class='ocr_line' id='line_1_99' title="bbox 944 5427 1337 5489; baseline -0.005 0"><span class='ocrx_word' id='word_1_505' title='bbox 944 5430 997 5489; x_wconf 89' lang='lat' dir='ltr'>tus</span> <span class='ocrx_word' id='word_1_506' title='bbox 1014 5427 1119 5489; x_wconf 88' lang='lat' dir='ltr'>nostri</span> <span class='ocrx_word' id='word_1_507' title='bbox 1136 5443 1223 5488; x_wconf 91' lang='lat' dir='ltr'>anuo</span> <span class='ocrx_word' id='word_1_508' title='bbox 1237 5443 1337 5489; x_wconf 88' lang='lat' dir='ltr'>none.</span> 
     </span>
    </p>
   </div>
   <div class='ocr_carea' id='block_1_23' title="bbox 0 0 2014 6320">
    <p class='ocr_par' dir='ltr' id='par_1_24' title="bbox 0 0 2014 6320">
     <span class='ocr_line' id='line_1_100' title="bbox 0 0 2014 6320; baseline 0 2"><span class='ocrx_word' id='word_1_509' title='bbox 0 0 2014 6320; x_wconf 95' lang='lat' dir='ltr'> </span> 
     </span>
    </p>
   </div>
  </div>
 </body>
</html>
