<?xml version="1.0" encoding="UTF-8"?>
<!DOCTYPE html PUBLIC "-//W3C//DTD XHTML 1.0 Transitional//EN"
    "http://www.w3.org/TR/xhtml1/DTD/xhtml1-transitional.dtd">
<html xmlns="http://www.w3.org/1999/xhtml" xml:lang="en" lang="en">
 <head>
  <title>
</title>
<meta http-equiv="Content-Type" content="text/html;charset=utf-8" />
  <meta name='ocr-system' content='tesseract 3.04.00' />
  <meta name='ocr-capabilities' content='ocr_page ocr_carea ocr_par ocr_line ocrx_word'/>
</head>
<body>
  <div class='ocr_page' id='page_1' title='image "./mediiaevibiblio06bottgoog_0426.png"; bbox 0 0 4018 6320; ppageno 0'>
   <div class='ocr_carea' id='block_1_1' title="bbox 103 345 1751 408">
    <p class='ocr_par' dir='ltr' id='par_1_1' title="bbox 103 345 1751 408">
     <span class='ocr_line' id='line_1_1' title="bbox 103 345 1751 408; baseline -0.001 -2"><span class='ocrx_word' id='word_1_1' title='bbox 103 347 169 408; x_wconf 83' lang='lat'><strong>821</strong></span> <span class='ocrx_word' id='word_1_2' title='bbox 229 385 235 394; x_wconf 81' lang='lat'>-</span> <span class='ocrx_word' id='word_1_3' title='bbox 725 345 956 406; x_wconf 82' lang='lat' dir='ltr'><strong>EPISTOLAE.</strong></span> <span class='ocrx_word' id='word_1_4' title='bbox 979 345 1057 404; x_wconf 79' lang='lat' dir='ltr'><strong>Ina.</strong></span> <span class='ocrx_word' id='word_1_5' title='bbox 1081 345 1135 406; x_wconf 80' lang='lat' dir='ltr'><strong>IX.</strong></span> <span class='ocrx_word' id='word_1_6' title='bbox 1691 345 1751 404; x_wconf 58' lang='lat'><strong>822</strong></span> 
     </span>
    </p>
   </div>
   <div class='ocr_carea' id='block_1_2' title="bbox 102 502 1752 1264">
    <p class='ocr_par' dir='ltr' id='par_1_2' title="bbox 102 502 1752 1264">
     <span class='ocr_line' id='line_1_2' title="bbox 103 502 1750 585; baseline -0.002 -16"><span class='ocrx_word' id='word_1_7' title='bbox 103 507 211 569; x_wconf 86' lang='lat' dir='ltr'><strong>tolioa</strong></span> <span class='ocrx_word' id='word_1_8' title='bbox 225 506 285 569; x_wconf 86' lang='lat' dir='ltr'><strong>tihi</strong></span> <span class='ocrx_word' id='word_1_9' title='bbox 293 507 414 584; x_wconf 84' lang='lat' dir='ltr'><strong>scripta</strong></span> <span class='ocrx_word' id='word_1_10' title='bbox 424 506 563 570; x_wconf 82' lang='lat' dir='ltr'><strong>tirmiter</strong></span> <span class='ocrx_word' id='word_1_11' title='bbox 572 505 795 585; x_wconf 78' lang='lat' dir='ltr'><strong>praecipiendo</strong></span> <span class='ocrx_word' id='word_1_12' title='bbox 807 521 904 566; x_wconf 86' lang='lat' dir='ltr'><strong>man·</strong></span> <span class='ocrx_word' id='word_1_13' title='bbox 956 506 1073 566; x_wconf 82' lang='lat' dir='ltr'>nentes</span> <span class='ocrx_word' id='word_1_14' title='bbox 1093 503 1262 579; x_wconf 83' lang='lat' dir='ltr'><strong>negotium</strong></span> <span class='ocrx_word' id='word_1_15' title='bbox 1281 502 1496 564; x_wconf 86' lang='lat' dir='ltr'><strong>memoratum</strong></span> <span class='ocrx_word' id='word_1_16' title='bbox 1517 503 1620 576; x_wconf 86' lang='lat' dir='ltr'><strong>vobis,</strong></span> <span class='ocrx_word' id='word_1_17' title='bbox 1637 503 1694 581; x_wconf 86' lang='lat' dir='ltr'><strong>qui</strong></span> <span class='ocrx_word' id='word_1_18' title='bbox 1709 505 1750 566; x_wconf 92' lang='lat' dir='ltr'><strong>de</strong></span> 
     </span>
     <span class='ocr_line' id='line_1_3' title="bbox 104 600 1749 681; baseline -0.001 -17"><span class='ocrx_word' id='word_1_19' title='bbox 104 605 241 672; x_wconf 88' lang='lat' dir='ltr'><strong>damus,</strong></span> <span class='ocrx_word' id='word_1_20' title='bbox 256 606 417 681; x_wconf 88' lang='lat' dir='ltr'><strong>qnatenus</strong></span> <span class='ocrx_word' id='word_1_21' title='bbox 433 605 555 668; x_wconf 89' lang='lat' dir='ltr'><strong>dictum</strong></span> <span class='ocrx_word' id='word_1_22' title='bbox 572 608 608 665; x_wconf 92' lang='lat' dir='ltr'><strong>P.</strong></span> <span class='ocrx_word' id='word_1_23' title='bbox 635 605 671 664; x_wconf 94' lang='lat' dir='ltr'><strong>in</strong></span> <span class='ocrx_word' id='word_1_24' title='bbox 693 604 775 664; x_wconf 80' lang='lat' dir='ltr'><strong>sesto</strong></span> <span class='ocrx_word' id='word_1_25' title='bbox 792 606 825 664; x_wconf 81' lang='lat' dir='ltr'><strong>S.</strong></span> <span class='ocrx_word' id='word_1_26' title='bbox 839 604 906 664; x_wconf 88' lang='lat' dir='ltr'><strong>Mi·</strong></span> <span class='ocrx_word' id='word_1_27' title='bbox 957 601 1040 677; x_wconf 84' lang='lat' dir='ltr'><strong>ipso,</strong></span> <span class='ocrx_word' id='word_1_28' title='bbox 1055 601 1088 662; x_wconf 92' lang='lat' dir='ltr'><strong>et</strong></span> <span class='ocrx_word' id='word_1_29' title='bbox 1102 604 1174 677; x_wconf 83' lang='lat' dir='ltr'><strong>ejus</strong></span> <span class='ocrx_word' id='word_1_30' title='bbox 1190 600 1450 662; x_wconf 80' lang='lat' dir='ltr'><strong>circumstantiis</strong></span> <span class='ocrx_word' id='word_1_31' title='bbox 1466 600 1632 662; x_wconf 86' lang='lat' dir='ltr'><strong>universis</strong></span> <span class='ocrx_word' id='word_1_32' title='bbox 1645 601 1749 662; x_wconf 89' lang='lat' dir='ltr'><strong>intel-</strong></span> 
     </span>
     <span class='ocr_line' id='line_1_4' title="bbox 103 696 1750 778; baseline -0.002 -16"><span class='ocrx_word' id='word_1_33' title='bbox 103 702 241 762; x_wconf 89' lang='lat' dir='ltr'><strong>chaelis</strong></span> <span class='ocrx_word' id='word_1_34' title='bbox 266 703 428 778; x_wconf 78' lang='lat' dir='ltr'><strong>proximo,</strong></span> <span class='ocrx_word' id='word_1_35' title='bbox 450 702 535 778; x_wconf 79' lang='lat' dir='ltr'><strong>qrmd</strong></span> <span class='ocrx_word' id='word_1_36' title='bbox 562 702 626 762; x_wconf 90' lang='lat' dir='ltr'><strong>sihi</strong></span> <span class='ocrx_word' id='word_1_37' title='bbox 654 703 727 762; x_wconf 90' lang='lat' dir='ltr'><strong>ate</strong></span> <span class='ocrx_word' id='word_1_38' title='bbox 751 701 904 762; x_wconf 75' lang='lat' dir='ltr'><strong>volumus</strong></span> <span class='ocrx_word' id='word_1_39' title='bbox 958 699 1062 773; x_wconf 79' lang='lat' dir='ltr'><strong>ligere</strong></span> <span class='ocrx_word' id='word_1_40' title='bbox 1076 697 1224 774; x_wconf 89' lang='lat' dir='ltr'><strong>poteritis</strong></span> <span class='ocrx_word' id='word_1_41' title='bbox 1239 697 1368 774; x_wconf 84' lang='lat' dir='ltr'><strong>plenius</strong></span> <span class='ocrx_word' id='word_1_42' title='bbox 1385 698 1569 768; x_wconf 82' lang='lat' dir='ltr'><strong>veritatem,</strong></span> <span class='ocrx_word' id='word_1_43' title='bbox 1595 696 1750 760; x_wconf 77' lang='lat' dir='ltr'><strong>duximus</strong></span> 
     </span>
     <span class='ocr_line' id='line_1_5' title="bbox 102 795 1751 875; baseline -0.002 -15"><span class='ocrx_word' id='word_1_44' title='bbox 102 799 290 860; x_wconf 89' lang='lat' dir='ltr'><strong>terminum</strong></span> <span class='ocrx_word' id='word_1_45' title='bbox 306 799 563 875; x_wconf 89' lang='lat' dir='ltr'><strong>peremptorium</strong></span> <span class='ocrx_word' id='word_1_46' title='bbox 576 799 755 874; x_wconf 82' lang='lat' dir='ltr'><strong>assignari,</strong></span> <span class='ocrx_word' id='word_1_47' title='bbox 769 799 809 859; x_wconf 91' lang='lat' dir='ltr'><strong>ad</strong></span> <span class='ocrx_word' id='word_1_48' title='bbox 821 811 903 858; x_wconf 89' lang='lat' dir='ltr'><strong>nos·</strong></span> <span class='ocrx_word' id='word_1_49' title='bbox 959 795 1227 857; x_wconf 90' lang='lat' dir='ltr'><strong>committendum</strong></span> <span class='ocrx_word' id='word_1_50' title='bbox 1276 795 1469 868; x_wconf 90' lang='lat' dir='ltr'><strong>discretioni</strong></span> <span class='ocrx_word' id='word_1_51' title='bbox 1513 798 1644 864; x_wconf 87' lang='lat' dir='ltr'><strong>vestrae,</strong></span> <span class='ocrx_word' id='word_1_52' title='bbox 1691 811 1751 872; x_wconf 91' lang='lat' dir='ltr'><strong>per</strong></span> 
     </span>
     <span class='ocr_line' id='line_1_6' title="bbox 102 893 1749 971; baseline -0.001 -15"><span class='ocrx_word' id='word_1_53' title='bbox 102 897 198 956; x_wconf 88' lang='lat' dir='ltr'><strong>tram</strong></span> <span class='ocrx_word' id='word_1_54' title='bbox 214 895 902 971; x_wconf 85' lang='lat' dir='ltr'><strong>laciaspersonaliterrenirepraesentiam,</strong></span> <span class='ocrx_word' id='word_1_55' title='bbox 958 893 1148 970; x_wconf 87' lang='lat' dir='ltr'><strong>Apostolica</strong></span> <span class='ocrx_word' id='word_1_56' title='bbox 1185 893 1308 970; x_wconf 82' lang='lat' dir='ltr'><strong>scripta</strong></span> <span class='ocrx_word' id='word_1_57' title='bbox 1343 894 1549 965; x_wconf 88' lang='lat' dir='ltr'><strong>mandamus,</strong></span> <span class='ocrx_word' id='word_1_58' title='bbox 1587 893 1749 969; x_wconf 86' lang='lat' dir='ltr'><strong>quatenus</strong></span> 
     </span>
     <span class='ocr_line' id='line_1_7' title="bbox 103 989 1752 1070; baseline -0.001 -18"><span class='ocrx_word' id='word_1_59' title='bbox 103 993 264 1054; x_wconf 89' lang='lat' dir='ltr'><strong>eumdem</strong></span> <span class='ocrx_word' id='word_1_60' title='bbox 279 991 378 1064; x_wconf 89' lang='lat' dir='ltr'><strong>adid,</strong></span> <span class='ocrx_word' id='word_1_61' title='bbox 402 992 431 1052; x_wconf 89' lang='lat' dir='ltr'><strong>si</strong></span> <span class='ocrx_word' id='word_1_62' title='bbox 457 1007 592 1054; x_wconf 87' lang='lat' dir='ltr'><strong>necesse</strong></span> <span class='ocrx_word' id='word_1_63' title='bbox 615 992 726 1063; x_wconf 85' lang='lat' dir='ltr'><strong>inerit,</strong></span> <span class='ocrx_word' id='word_1_64' title='bbox 748 1007 807 1068; x_wconf 92' lang='lat' dir='ltr'><strong>per</strong></span> <span class='ocrx_word' id='word_1_65' title='bbox 827 1005 906 1052; x_wconf 88' lang='lat' dir='ltr'><strong>cen·</strong></span> <span class='ocrx_word' id='word_1_66' title='bbox 959 1007 1058 1066; x_wconf 90' lang='lat' dir='ltr'><strong>super</strong></span> <span class='ocrx_word' id='word_1_67' title='bbox 1073 991 1253 1070; x_wconf 81' lang='lat' dir='ltr'><strong>praemissis</strong></span> <span class='ocrx_word' id='word_1_68' title='bbox 1274 990 1434 1067; x_wconf 88' lang='lat' dir='ltr'><strong>inquisita</strong></span> <span class='ocrx_word' id='word_1_69' title='bbox 1454 991 1645 1066; x_wconf 81' lang='lat' dir='ltr'><strong>diligentius</strong></span> <span class='ocrx_word' id='word_1_70' title='bbox 1660 989 1752 1050; x_wconf 83' lang='lat' dir='ltr'><strong>veri-</strong></span> 
     </span>
     <span class='ocr_line' id='line_1_8' title="bbox 102 1087 1751 1166; baseline -0.002 -17"><span class='ocrx_word' id='word_1_71' title='bbox 102 1106 224 1150; x_wconf 91' lang='lat' dir='ltr'><strong>suram</strong></span> <span class='ocrx_word' id='word_1_72' title='bbox 248 1090 519 1160; x_wconf 88' lang='lat' dir='ltr'><strong>ecclesiasticam,</strong></span> <span class='ocrx_word' id='word_1_73' title='bbox 536 1089 757 1166; x_wconf 82' lang='lat' dir='ltr'><strong>appellatione</strong></span> <span class='ocrx_word' id='word_1_74' title='bbox 772 1089 906 1166; x_wconf 88' lang='lat' dir='ltr'><strong>postpo-</strong></span> <span class='ocrx_word' id='word_1_75' title='bbox 958 1089 1036 1160; x_wconf 90' lang='lat' dir='ltr'><strong>tate,</strong></span> <span class='ocrx_word' id='word_1_76' title='bbox 1066 1104 1166 1164; x_wconf 89' lang='lat' dir='ltr'><strong>super</strong></span> <span class='ocrx_word' id='word_1_77' title='bbox 1195 1087 1346 1148; x_wconf 87' lang='lat' dir='ltr'><strong>hiscum</strong></span> <span class='ocrx_word' id='word_1_78' title='bbox 1374 1087 1525 1158; x_wconf 91' lang='lat' dir='ltr'><strong>oonsilio,</strong></span> <span class='ocrx_word' id='word_1_79' title='bbox 1550 1090 1583 1149; x_wconf 92' lang='lat' dir='ltr'><strong>et</strong></span> <span class='ocrx_word' id='word_1_80' title='bbox 1610 1103 1751 1148; x_wconf 90' lang='lat' dir='ltr'><strong>assensu</strong></span> 
     </span>
     <span class='ocr_line' id='line_1_9' title="bbox 104 1183 1752 1264; baseline -0.002 -17"><span class='ocrx_word' id='word_1_81' title='bbox 104 1188 190 1259; x_wconf 88' lang='lat' dir='ltr'><strong>sita,</strong></span> <span class='ocrx_word' id='word_1_82' title='bbox 207 1187 425 1264; x_wconf 88' lang='lat' dir='ltr'><strong>compellatis,</strong></span> <span class='ocrx_word' id='word_1_83' title='bbox 440 1187 531 1248; x_wconf 89' lang='lat' dir='ltr'><strong>omni</strong></span> <span class='ocrx_word' id='word_1_84' title='bbox 553 1187 766 1248; x_wconf 86' lang='lat' dir='ltr'><strong>alienationis</strong></span> <span class='ocrx_word' id='word_1_85' title='bbox 782 1201 905 1262; x_wconf 81' lang='lat' dir='ltr'><strong>genere</strong></span> <span class='ocrx_word' id='word_1_86' title='bbox 959 1186 1132 1246; x_wconf 89' lang='lat' dir='ltr'><strong>Remensis</strong></span> <span class='ocrx_word' id='word_1_87' title='bbox 1148 1184 1284 1261; x_wconf 87' lang='lat' dir='ltr'><strong>capituli</strong></span> <span class='ocrx_word' id='word_1_88' title='bbox 1300 1185 1464 1256; x_wconf 73' lang='lat' dir='ltr'><strong>statuatis</strong></span> <span class='ocrx_word' id='word_1_89' title='bbox 1479 1185 1564 1262; x_wconf 91' lang='lat' dir='ltr'><strong>quod</strong></span> <span class='ocrx_word' id='word_1_90' title='bbox 1585 1185 1705 1245; x_wconf 89' lang='lat' dir='ltr'><strong>honori</strong></span> <span class='ocrx_word' id='word_1_91' title='bbox 1719 1183 1752 1244; x_wconf 90' lang='lat' dir='ltr'><strong>et</strong></span> 
     </span>
    </p>
   </div>
   <div class='ocr_carea' id='block_1_3' title="bbox 103 1284 907 1834">
    <p class='ocr_par' dir='ltr' id='par_1_3' title="bbox 103 1284 907 1834">
     <span class='ocr_line' id='line_1_10' title="bbox 103 1284 906 1361; baseline -0.001 -16"><span class='ocrx_word' id='word_1_92' title='bbox 103 1285 219 1346; x_wconf 91' lang='lat' dir='ltr'><strong>eidem</strong></span> <span class='ocrx_word' id='word_1_93' title='bbox 235 1284 370 1345; x_wconf 87' lang='lat' dir='ltr'><strong>interim</strong></span> <span class='ocrx_word' id='word_1_94' title='bbox 391 1284 523 1361; x_wconf 89' lang='lat' dir='ltr'><strong>penitus</strong></span> <span class='ocrx_word' id='word_1_95' title='bbox 542 1284 729 1356; x_wconf 88' lang='lat' dir='ltr'><strong>interdicto,</strong></span> <span class='ocrx_word' id='word_1_96' title='bbox 757 1299 906 1361; x_wconf 81' lang='lat' dir='ltr'><strong>praecep-</strong></span> 
     </span>
     <span class='ocr_line' id='line_1_11' title="bbox 103 1381 907 1444; baseline -0.001 -1"><span class='ocrx_word' id='word_1_97' title='bbox 103 1384 181 1443; x_wconf 90' lang='lat' dir='ltr'><strong>tum</strong></span> <span class='ocrx_word' id='word_1_98' title='bbox 197 1383 348 1444; x_wconf 89' lang='lat' dir='ltr'><strong>nostrum</strong></span> <span class='ocrx_word' id='word_1_99' title='bbox 368 1382 484 1442; x_wconf 87' lang='lat' dir='ltr'><strong>saltem</strong></span> <span class='ocrx_word' id='word_1_100' title='bbox 500 1382 534 1442; x_wconf 95' lang='lat' dir='ltr'><strong>in</strong></span> <span class='ocrx_word' id='word_1_101' title='bbox 548 1381 610 1442; x_wconf 86' lang='lat' dir='ltr'><strong>lioc</strong></span> <span class='ocrx_word' id='word_1_102' title='bbox 624 1382 671 1444; x_wconf 87' lang='lat' dir='ltr'><strong>ita</strong></span> <span class='ocrx_word' id='word_1_103' title='bbox 681 1381 824 1443; x_wconf 88' lang='lat' dir='ltr'><strong>sollicite</strong></span> <span class='ocrx_word' id='word_1_104' title='bbox 843 1381 907 1442; x_wconf 89' lang='lat' dir='ltr'><strong>im-</strong></span> 
     </span>
     <span class='ocr_line' id='line_1_12' title="bbox 104 1478 907 1556; baseline 0.002 -18"><span class='ocrx_word' id='word_1_105' title='bbox 104 1480 274 1554; x_wconf 88' lang='lat' dir='ltr'><strong>pleturus,</strong></span> <span class='ocrx_word' id='word_1_106' title='bbox 289 1479 375 1556; x_wconf 88' lang='lat' dir='ltr'><strong>quod</strong></span> <span class='ocrx_word' id='word_1_107' title='bbox 391 1480 426 1539; x_wconf 94' lang='lat' dir='ltr'><strong>in</strong></span> <span class='ocrx_word' id='word_1_108' title='bbox 443 1481 475 1539; x_wconf 93' lang='lat' dir='ltr'><strong>te</strong></span> <span class='ocrx_word' id='word_1_109' title='bbox 499 1479 652 1540; x_wconf 83' lang='lat' dir='ltr'><strong>rideatur</strong></span> <span class='ocrx_word' id='word_1_110' title='bbox 679 1479 790 1556; x_wconf 88' lang='lat' dir='ltr'><strong>aliqua</strong></span> <span class='ocrx_word' id='word_1_111' title='bbox 805 1478 907 1540; x_wconf 87' lang='lat' dir='ltr'><strong>devo-</strong></span> 
     </span>
     <span class='ocr_line' id='line_1_13' title="bbox 103 1576 902 1640; baseline -0.001 -3"><span class='ocrx_word' id='word_1_112' title='bbox 103 1576 214 1640; x_wconf 88' lang='lat' dir='ltr'><strong>tionis</strong></span> <span class='ocrx_word' id='word_1_113' title='bbox 242 1577 275 1637; x_wconf 91' lang='lat' dir='ltr'><strong>et</strong></span> <span class='ocrx_word' id='word_1_114' title='bbox 300 1576 497 1638; x_wconf 79' lang='lat' dir='ltr'><strong>ohedIenuae</strong></span> <span class='ocrx_word' id='word_1_115' title='bbox 533 1576 713 1638; x_wconf 89' lang='lat' dir='ltr'><strong>scintillula</strong></span> <span class='ocrx_word' id='word_1_116' title='bbox 741 1576 902 1637; x_wconf 80' lang='lat' dir='ltr'><strong>relucere.</strong></span> 
     </span>
     <span class='ocr_line' id='line_1_14' title="bbox 106 1674 907 1751; baseline 0 -17"><span class='ocrx_word' id='word_1_117' title='bbox 106 1677 233 1734; x_wconf 88' lang='lat' dir='ltr'><strong>Datum</strong></span> <span class='ocrx_word' id='word_1_118' title='bbox 247 1674 412 1745; x_wconf 85' lang='lat' dir='ltr'><strong>Laterani,</strong></span> <span class='ocrx_word' id='word_1_119' title='bbox 429 1676 507 1734; x_wconf 88' lang='lat' dir='ltr'>XIII</span> <span class='ocrx_word' id='word_1_120' title='bbox 530 1674 597 1734; x_wconf 83' lang='lat' dir='ltr'><strong>kal.</strong></span> <span class='ocrx_word' id='word_1_121' title='bbox 624 1675 752 1750; x_wconf 85' lang='lat' dir='ltr'><strong>aprilis.</strong></span> <span class='ocrx_word' id='word_1_122' title='bbox 772 1674 907 1751; x_wconf 85' lang='lat' dir='ltr'><strong>pontifi-</strong></span> 
     </span>
     <span class='ocr_line' id='line_1_15' title="bbox 105 1773 541 1834; baseline 0 -2"><span class='ocrx_word' id='word_1_123' title='bbox 105 1773 207 1834; x_wconf 85' lang='lat' dir='ltr'><strong>catus</strong></span> <span class='ocrx_word' id='word_1_124' title='bbox 222 1773 328 1834; x_wconf 88' lang='lat' dir='ltr'><strong>nostrl</strong></span> <span class='ocrx_word' id='word_1_125' title='bbox 340 1788 429 1833; x_wconf 94' lang='lat' dir='ltr'><strong>anno</strong></span> <span class='ocrx_word' id='word_1_126' title='bbox 442 1787 541 1834; x_wconf 91' lang='lat' dir='ltr'><strong>nono.</strong></span> 
     </span>
    </p>
   </div>
   <div class='ocr_carea' id='block_1_4' title="bbox 958 1281 1753 1844">
    <p class='ocr_par' dir='ltr' id='par_1_4' title="bbox 958 1281 1753 1844">
     <span class='ocr_line' id='line_1_16' title="bbox 961 1281 1751 1360; baseline -0.003 -18"><span class='ocrx_word' id='word_1_127' title='bbox 961 1283 1094 1344; x_wconf 86' lang='lat' dir='ltr'><strong>utilitati</strong></span> <span class='ocrx_word' id='word_1_128' title='bbox 1115 1283 1262 1360; x_wconf 87' lang='lat' dir='ltr'><strong>ejusdem</strong></span> <span class='ocrx_word' id='word_1_129' title='bbox 1280 1283 1429 1343; x_wconf 88' lang='lat' dir='ltr'><strong>ecclesiae</strong></span> <span class='ocrx_word' id='word_1_130' title='bbox 1451 1281 1632 1344; x_wconf 90' lang='lat' dir='ltr'><strong>secundum</strong></span> <span class='ocrx_word' id='word_1_131' title='bbox 1647 1283 1751 1342; x_wconf 89' lang='lat' dir='ltr'><strong>Deum</strong></span> 
     </span>
     <span class='ocr_line' id='line_1_17' title="bbox 958 1379 1753 1456; baseline -0.004 -15"><span class='ocrx_word' id='word_1_132' title='bbox 958 1379 1119 1454; x_wconf 71' lang='lat' dir='ltr'><strong>videritis</strong></span> <span class='ocrx_word' id='word_1_133' title='bbox 1137 1380 1250 1441; x_wconf 86' lang='lat' dir='ltr'><strong>sisino</strong></span> <span class='ocrx_word' id='word_1_134' title='bbox 1266 1380 1422 1440; x_wconf 91' lang='lat' dir='ltr'><strong>scandalo</strong></span> <span class='ocrx_word' id='word_1_135' title='bbox 1439 1379 1511 1440; x_wconf 88' lang='lat' dir='ltr'><strong>lieri</strong></span> <span class='ocrx_word' id='word_1_136' title='bbox 1525 1380 1645 1456; x_wconf 88' lang='lat' dir='ltr'><strong>poterit</strong></span> <span class='ocrx_word' id='word_1_137' title='bbox 1655 1394 1753 1454; x_wconf 80' lang='lat' dir='ltr'><strong>expe·</strong></span> 
     </span>
     <span class='ocr_line' id='line_1_18' title="bbox 959 1475 1752 1554; baseline -0.003 -16"><span class='ocrx_word' id='word_1_138' title='bbox 959 1479 1041 1550; x_wconf 90' lang='lat' dir='ltr'><strong>dire,</strong></span> <span class='ocrx_word' id='word_1_139' title='bbox 1057 1477 1227 1549; x_wconf 71' lang='lat' dir='ltr'><strong>iacientes</strong></span> <span class='ocrx_word' id='word_1_140' title='bbox 1247 1478 1332 1554; x_wconf 84' lang='lat' dir='ltr'><strong>qnod</strong></span> <span class='ocrx_word' id='word_1_141' title='bbox 1348 1477 1532 1540; x_wconf 89' lang='lat' dir='ltr'><strong>statueritis</strong></span> <span class='ocrx_word' id='word_1_142' title='bbox 1554 1475 1752 1538; x_wconf 88' lang='lat' dir='ltr'><strong>auctoritate</strong></span> 
     </span>
     <span class='ocr_line' id='line_1_19' title="bbox 959 1573 1749 1652; baseline -0.004 -16"><span class='ocrx_word' id='word_1_143' title='bbox 959 1575 1160 1652; x_wconf 80' lang='lat' dir='ltr'><strong>apostolica,</strong></span> <span class='ocrx_word' id='word_1_144' title='bbox 1180 1574 1309 1638; x_wconf 87' lang='lat' dir='ltr'><strong>sublato</strong></span> <span class='ocrx_word' id='word_1_145' title='bbox 1321 1574 1552 1651; x_wconf 85' lang='lat' dir='ltr'><strong>appellationis</strong></span> <span class='ocrx_word' id='word_1_146' title='bbox 1569 1573 1749 1645; x_wconf 86' lang='lat' dir='ltr'><strong>obstaculo,</strong></span> 
     </span>
     <span class='ocr_line' id='line_1_20' title="bbox 960 1671 1750 1743; baseline -0.005 -10"><span class='ocrx_word' id='word_1_147' title='bbox 960 1673 1099 1734; x_wconf 83' lang='lat' dir='ltr'><strong>tirmiter</strong></span> <span class='ocrx_word' id='word_1_148' title='bbox 1112 1671 1293 1734; x_wconf 88' lang='lat' dir='ltr'><strong>observari.</strong></span> <span class='ocrx_word' id='word_1_149' title='bbox 1314 1672 1404 1743; x_wconf 87' lang='lat' dir='ltr'><strong>Quod</strong></span> <span class='ocrx_word' id='word_1_150' title='bbox 1418 1673 1525 1732; x_wconf 87' lang='lat' dir='ltr'><strong>sinon</strong></span> <span class='ocrx_word' id='word_1_151' title='bbox 1548 1687 1672 1742; x_wconf 89' lang='lat' dir='ltr'><strong>omnes,</strong></span> <span class='ocrx_word' id='word_1_152' title='bbox 1687 1671 1750 1730; x_wconf 90' lang='lat' dir='ltr'><strong>etc.</strong></span> 
     </span>
     <span class='ocr_line' id='line_1_21' title="bbox 960 1767 1749 1844; baseline -0.01 -10"><span class='ocrx_word' id='word_1_153' title='bbox 960 1773 1077 1834; x_wconf 90' lang='lat' dir='ltr'><strong>Datum</strong></span> <span class='ocrx_word' id='word_1_154' title='bbox 1107 1771 1274 1842; x_wconf 86' lang='lat' dir='ltr'><strong>Laterani,</strong></span> <span class='ocrx_word' id='word_1_155' title='bbox 1319 1772 1397 1830; x_wconf 83' lang='lat' dir='ltr'>XIII</span> <span class='ocrx_word' id='word_1_156' title='bbox 1428 1769 1588 1831; x_wconf 79' lang='lat' dir='ltr'><strong>kalendas</strong></span> <span class='ocrx_word' id='word_1_157' title='bbox 1621 1767 1749 1844; x_wconf 83' lang='lat' dir='ltr'><strong>aprilis,</strong></span> 
     </span>
    </p>
   </div>
   <div class='ocr_carea' id='block_1_5' title="bbox 869 1883 1168 1960">
    <p class='ocr_par' dir='ltr' id='par_1_5' title="bbox 869 1883 1168 1960">
     <span class='ocr_line' id='line_1_22' title="bbox 869 1883 1168 1960; baseline -0.01 -30"><span class='ocrx_word' id='word_1_158' title='bbox 869 1954 871 1960; x_wconf 20' lang='grc' dir='ltr'><strong><em>Α</em></strong></span> <span class='ocrx_word' id='word_1_159' title='bbox 960 1885 1049 1930; x_wconf 72' lang='lat' dir='ltr'><strong>alitio</strong></span> <span class='ocrx_word' id='word_1_160' title='bbox 1070 1883 1168 1930; x_wconf 89' lang='lat' dir='ltr'><strong>nono.</strong></span> 
     </span>
    </p>
   </div>
   <div class='ocr_carea' id='block_1_6' title="bbox 463 2060 561 2146">
    <p class='ocr_par' dir='ltr' id='par_1_6' title="bbox 463 2060 561 2146">
     <span class='ocr_line' id='line_1_23' title="bbox 463 2060 561 2146; baseline -0.02 0"><span class='ocrx_word' id='word_1_161' title='bbox 463 2060 561 2146; x_wconf 83' lang='lat' dir='ltr'><strong>CXX</strong></span> 
     </span>
    </p>
   </div>
   <div class='ocr_carea' id='block_1_7' title="bbox 104 2221 905 2682">
    <p class='ocr_par' dir='ltr' id='par_1_7' title="bbox 104 2221 905 2476">
     <span class='ocr_line' id='line_1_24' title="bbox 104 2221 905 2295; baseline -0.004 -13"><span class='ocrx_word' id='word_1_162' title='bbox 104 2223 161 2282; x_wconf 79' lang='lat' dir='ltr'><strong>Ad</strong></span> <span class='ocrx_word' id='word_1_163' title='bbox 175 2223 469 2295; x_wconf 81' lang='lat' dir='ltr'><strong>arenicplscopum</strong></span> <span class='ocrx_word' id='word_1_164' title='bbox 493 2224 730 2292; x_wconf 80' lang='lat' dir='ltr'><strong>thcmcnscm,</strong></span> <span class='ocrx_word' id='word_1_165' title='bbox 752 2221 905 2282; x_wconf 78' lang='lat' dir='ltr'><strong>conulem</strong></span> 
     </span>
     <span class='ocr_line' id='line_1_25' title="bbox 146 2319 905 2390; baseline -0.001 -10"><span class='ocrx_word' id='word_1_166' title='bbox 146 2321 186 2380; x_wconf 83' lang='lat' dir='ltr'><strong>S.</strong></span> <span class='ocrx_word' id='word_1_167' title='bbox 202 2321 345 2390; x_wconf 72' lang='lat' dir='ltr'><strong>It&#39;tcosit,</strong></span> <span class='ocrx_word' id='word_1_168' title='bbox 368 2319 400 2380; x_wconf 82' lang='lat' dir='ltr'><strong>ct</strong></span> <span class='ocrx_word' id='word_1_169' title='bbox 424 2321 704 2380; x_wconf 78' lang='lat' dir='ltr'><strong>orolridioconunt</strong></span> <span class='ocrx_word' id='word_1_170' title='bbox 732 2322 905 2380; x_wconf 73' lang='lat' dir='ltr'><strong>illiceren-</strong></span> 
     </span>
     <span class='ocr_line' id='line_1_26' title="bbox 145 2431 237 2476; baseline -0.022 0"><span class='ocrx_word' id='word_1_171' title='bbox 145 2431 237 2476; x_wconf 68' lang='lat' dir='ltr'><strong>serit.</strong></span> 
     </span>
    </p>

    <p class='ocr_par' dir='ltr' id='par_1_8' title="bbox 130 2493 882 2682">
     <span class='ocr_line' id='line_1_27' title="bbox 390 2493 625 2550; baseline -0.009 -1"><span class='ocrx_word' id='word_1_172' title='bbox 390 2493 426 2550; x_wconf 73' lang='grc'>10</span> <span class='ocrx_word' id='word_1_173' title='bbox 442 2493 534 2550; x_wconf 86' lang='lat' dir='ltr'><strong>martii</strong></span> <span class='ocrx_word' id='word_1_174' title='bbox 548 2493 625 2550; x_wconf 74' lang='lat' dir='ltr'><strong>lara.</strong></span> 
     </span>
     <span class='ocr_line' id='line_1_28' title="bbox 130 2617 882 2682; baseline 0 -16"><span class='ocrx_word' id='word_1_175' title='bbox 130 2618 260 2680; x_wconf 79' lang='lat' dir='ltr'><strong>[Regest.,</strong></span> <span class='ocrx_word' id='word_1_176' title='bbox 276 2617 320 2668; x_wconf 90' lang='lat' dir='ltr'><strong>lib.</strong></span> <span class='ocrx_word' id='word_1_177' title='bbox 335 2617 379 2676; x_wconf 85' lang='lat' dir='ltr'><strong>IX,</strong></span> <span class='ocrx_word' id='word_1_178' title='bbox 393 2617 459 2682; x_wconf 86' lang='lat' dir='ltr'><strong>epist</strong></span> <span class='ocrx_word' id='word_1_179' title='bbox 469 2617 523 2668; x_wconf 77' lang='lat' dir='ltr'><strong>ala.</strong></span> <span class='ocrx_word' id='word_1_180' title='bbox 538 2618 592 2668; x_wconf 82' lang='lat' dir='ltr'><strong>llas.</strong></span> <span class='ocrx_word' id='word_1_181' title='bbox 608 2620 643 2668; x_wconf 86' lang='lat' dir='ltr'><strong>La</strong></span> <span class='ocrx_word' id='word_1_182' title='bbox 653 2619 730 2668; x_wconf 90' lang='lat' dir='ltr'><strong>Porte</strong></span> <span class='ocrx_word' id='word_1_183' title='bbox 740 2617 775 2670; x_wconf 88' lang='lat' dir='ltr'><strong>du</strong></span> <span class='ocrx_word' id='word_1_184' title='bbox 788 2617 882 2682; x_wconf 73' lang='lat' dir='ltr'><strong>Tacit]</strong></span> 
     </span>
    </p>
   </div>
   <div class='ocr_carea' id='block_1_8' title="bbox 103 2741 906 3066">
    <p class='ocr_par' dir='ltr' id='par_1_9' title="bbox 103 2741 906 3066">
     <span class='ocr_line' id='line_1_29' title="bbox 103 2741 906 2815; baseline 0 -15"><span class='ocrx_word' id='word_1_185' title='bbox 103 2741 227 2800; x_wconf 84' lang='lat' dir='ltr'><strong>llandat</strong></span> <span class='ocrx_word' id='word_1_186' title='bbox 246 2742 289 2800; x_wconf 86' lang='lat' dir='ltr'><strong>eis</strong></span> <span class='ocrx_word' id='word_1_187' title='bbox 307 2751 340 2800; x_wconf 89' lang='lat' dir='ltr'><strong>ut</strong></span> <span class='ocrx_word' id='word_1_188' title='bbox 353 2758 439 2815; x_wconf 89' lang='lat' dir='ltr'><strong>super</strong></span> <span class='ocrx_word' id='word_1_189' title='bbox 451 2744 582 2815; x_wconf 84' lang='lat' dir='ltr'><strong>querelas</strong></span> <span class='ocrx_word' id='word_1_190' title='bbox 596 2744 712 2815; x_wconf 82' lang='lat' dir='ltr'><strong>capituli</strong></span> <span class='ocrx_word' id='word_1_191' title='bbox 727 2745 838 2802; x_wconf 78' lang='lat' dir='ltr'><strong>Sanctae</strong></span> <span class='ocrx_word' id='word_1_192' title='bbox 851 2745 906 2801; x_wconf 90' lang='lat' dir='ltr'><strong>Nu-</strong></span> 
     </span>
     <span class='ocr_line' id='line_1_30' title="bbox 139 2830 905 2904; baseline 0 -16"><span class='ocrx_word' id='word_1_193' title='bbox 139 2830 233 2899; x_wconf 86' lang='lat' dir='ltr'><strong>tricis,</strong></span> <span class='ocrx_word' id='word_1_194' title='bbox 260 2833 308 2902; x_wconf 86' lang='lat' dir='ltr'><strong>qui</strong></span> <span class='ocrx_word' id='word_1_195' title='bbox 338 2831 375 2890; x_wconf 89' lang='lat' dir='ltr'><strong>de</strong></span> <span class='ocrx_word' id='word_1_196' title='bbox 404 2831 637 2898; x_wconf 87' lang='lat' dir='ltr'><strong>incommoditate</strong></span> <span class='ocrx_word' id='word_1_197' title='bbox 671 2833 743 2888; x_wconf 89' lang='lat' dir='ltr'><strong>situs</strong></span> <span class='ocrx_word' id='word_1_198' title='bbox 779 2833 905 2904; x_wconf 82' lang='lat' dir='ltr'><strong>Ipsorum</strong></span> 
     </span>
     <span class='ocr_line' id='line_1_31' title="bbox 139 2919 903 2996; baseline 0.003 -20"><span class='ocrx_word' id='word_1_199' title='bbox 139 2920 267 2990; x_wconf 77' lang='lat' dir='ltr'><strong>ecclesio</strong></span> <span class='ocrx_word' id='word_1_200' title='bbox 285 2921 485 2996; x_wconf 83' lang='lat' dir='ltr'><strong>querebantur,</strong></span> <span class='ocrx_word' id='word_1_201' title='bbox 501 2919 576 2994; x_wconf 90' lang='lat' dir='ltr'><strong>quod</strong></span> <span class='ocrx_word' id='word_1_202' title='bbox 584 2920 691 2995; x_wconf 84' lang='lat' dir='ltr'><strong>justum</strong></span> <span class='ocrx_word' id='word_1_203' title='bbox 705 2921 797 2978; x_wconf 87' lang='lat' dir='ltr'><strong>visum</strong></span> <span class='ocrx_word' id='word_1_204' title='bbox 811 2919 903 2990; x_wconf 83' lang='lat' dir='ltr'><strong>suerit,</strong></span> 
     </span>
     <span class='ocr_line' id='line_1_32' title="bbox 141 3015 282 3066; baseline 0 0"><span class='ocrx_word' id='word_1_205' title='bbox 141 3015 282 3066; x_wconf 83' lang='lat' dir='ltr'><strong>statuant.</strong></span> 
     </span>
    </p>
   </div>
   <div class='ocr_carea' id='block_1_9' title="bbox 103 3135 906 4188">
    <p class='ocr_par' dir='ltr' id='par_1_10' title="bbox 103 3135 906 3587">
     <span class='ocr_line' id='line_1_33' title="bbox 146 3135 901 3213; baseline 0.001 -18"><span class='ocrx_word' id='word_1_206' title='bbox 146 3135 901 3213; x_wconf 79' lang='lat' dir='ltr'><strong>liononinsepiscopus,servusservorumllei,</strong></span> 
     </span>
     <span class='ocr_line' id='line_1_34' title="bbox 103 3233 903 3309; baseline 0 -15"><span class='ocrx_word' id='word_1_207' title='bbox 103 3233 296 3294; x_wconf 85' lang='lat' dir='ltr'><strong>venerabili</strong></span> <span class='ocrx_word' id='word_1_208' title='bbox 310 3233 443 3294; x_wconf 79' lang='lat' dir='ltr'><strong>fratri...</strong></span> <span class='ocrx_word' id='word_1_209' title='bbox 460 3233 710 3309; x_wconf 82' lang='lat' dir='ltr'><strong>archiepiscopo</strong></span> <span class='ocrx_word' id='word_1_210' title='bbox 726 3235 759 3294; x_wconf 88' lang='lat' dir='ltr'><strong>et</strong></span> <span class='ocrx_word' id='word_1_211' title='bbox 773 3233 903 3295; x_wconf 88' lang='lat' dir='ltr'><strong>dilectis</strong></span> 
     </span>
     <span class='ocr_line' id='line_1_35' title="bbox 104 3329 906 3402; baseline 0.002 -12"><span class='ocrx_word' id='word_1_212' title='bbox 104 3330 226 3390; x_wconf 89' lang='lat' dir='ltr'><strong>liliis...</strong></span> <span class='ocrx_word' id='word_1_213' title='bbox 256 3329 366 3392; x_wconf 84' lang='lat' dir='ltr'><strong>abbati</strong></span> <span class='ocrx_word' id='word_1_214' title='bbox 395 3329 507 3391; x_wconf 87' lang='lat' dir='ltr'><strong>Sancti</strong></span> <span class='ocrx_word' id='word_1_215' title='bbox 531 3330 674 3402; x_wconf 92' lang='lat' dir='ltr'><strong>Nicasii,</strong></span> <span class='ocrx_word' id='word_1_216' title='bbox 698 3331 766 3392; x_wconf 90' lang='lat' dir='ltr'><strong>et...</strong></span> <span class='ocrx_word' id='word_1_217' title='bbox 793 3331 906 3392; x_wconf 90' lang='lat' dir='ltr'><strong>archi-</strong></span> 
     </span>
     <span class='ocr_line' id='line_1_36' title="bbox 104 3427 905 3504; baseline 0.004 -17"><span class='ocrx_word' id='word_1_218' title='bbox 104 3429 251 3489; x_wconf 89' lang='lat' dir='ltr'><strong>diacono</strong></span> <span class='ocrx_word' id='word_1_219' title='bbox 267 3427 457 3499; x_wconf 88' lang='lat' dir='ltr'><strong>Rhemensi‚</strong></span> <span class='ocrx_word' id='word_1_220' title='bbox 475 3428 664 3488; x_wconf 88' lang='lat' dir='ltr'><strong>salutemet</strong></span> <span class='ocrx_word' id='word_1_221' title='bbox 682 3428 905 3504; x_wconf 79' lang='lat' dir='ltr'><strong>apostolicam</strong></span> 
     </span>
     <span class='ocr_line' id='line_1_37' title="bbox 106 3525 387 3587; baseline 0 -1"><span class='ocrx_word' id='word_1_222' title='bbox 106 3525 387 3587; x_wconf 87' lang='lat' dir='ltr'><strong>benedictionem.</strong></span> 
     </span>
    </p>

    <p class='ocr_par' dir='ltr' id='par_1_11' title="bbox 105 3623 906 4188">
     <span class='ocr_line' id='line_1_38' title="bbox 151 3623 905 3701; baseline 0.001 -17"><span class='ocrx_word' id='word_1_223' title='bbox 151 3623 427 3699; x_wconf 78' lang='lat' dir='ltr'><strong>significantibus</strong></span> <span class='ocrx_word' id='word_1_224' title='bbox 466 3623 596 3685; x_wconf 89' lang='lat' dir='ltr'><strong>dilectis</strong></span> <span class='ocrx_word' id='word_1_225' title='bbox 636 3623 715 3684; x_wconf 85' lang='lat' dir='ltr'><strong>tiliis</strong></span> <span class='ocrx_word' id='word_1_226' title='bbox 760 3625 905 3701; x_wconf 90' lang='lat' dir='ltr'><strong>capitulo</strong></span> 
     </span>
     <span class='ocr_line' id='line_1_39' title="bbox 106 3721 905 3783; baseline -0.003 0"><span class='ocrx_word' id='word_1_227' title='bbox 106 3724 242 3783; x_wconf 81' lang='lat' dir='ltr'><strong>Sanctae</strong></span> <span class='ocrx_word' id='word_1_228' title='bbox 257 3721 407 3782; x_wconf 88' lang='lat' dir='ltr'><strong>Nutricis</strong></span> <span class='ocrx_word' id='word_1_229' title='bbox 437 3721 634 3782; x_wconf 86' lang='lat' dir='ltr'><strong>Rhemensis</strong></span> <span class='ocrx_word' id='word_1_230' title='bbox 659 3736 719 3781; x_wconf 93' lang='lat' dir='ltr'><strong>nos</strong></span> <span class='ocrx_word' id='word_1_231' title='bbox 745 3723 905 3783; x_wconf 91' lang='lat' dir='ltr'><strong>noveritis</strong></span> 
     </span>
     <span class='ocr_line' id='line_1_40' title="bbox 105 3818 904 3896; baseline -0.003 -16"><span class='ocrx_word' id='word_1_232' title='bbox 105 3819 290 3895; x_wconf 89' lang='lat' dir='ltr'><strong>acceplsse,</strong></span> <span class='ocrx_word' id='word_1_233' title='bbox 324 3819 409 3895; x_wconf 88' lang='lat' dir='ltr'><strong>quod</strong></span> <span class='ocrx_word' id='word_1_234' title='bbox 439 3819 532 3880; x_wconf 91' lang='lat' dir='ltr'><strong>locus</strong></span> <span class='ocrx_word' id='word_1_235' title='bbox 557 3819 592 3878; x_wconf 92' lang='lat' dir='ltr'><strong>in</strong></span> <span class='ocrx_word' id='word_1_236' title='bbox 620 3835 684 3896; x_wconf 90' lang='lat' dir='ltr'><strong>quo</strong></span> <span class='ocrx_word' id='word_1_237' title='bbox 715 3818 904 3880; x_wconf 91' lang='lat' dir='ltr'><strong>eorumdem</strong></span> 
     </span>
     <span class='ocr_line' id='line_1_41' title="bbox 105 3916 906 3979; baseline -0.002 -1"><span class='ocrx_word' id='word_1_238' title='bbox 105 3916 253 3978; x_wconf 88' lang='lat' dir='ltr'><strong>ecclesia</strong></span> <span class='ocrx_word' id='word_1_239' title='bbox 267 3917 398 3977; x_wconf 88' lang='lat' dir='ltr'><strong>noviter</strong></span> <span class='ocrx_word' id='word_1_240' title='bbox 423 3919 473 3979; x_wconf 91' lang='lat' dir='ltr'><strong>est</strong></span> <span class='ocrx_word' id='word_1_241' title='bbox 494 3916 631 3977; x_wconf 84' lang='lat' dir='ltr'><strong>lundata</strong></span> <span class='ocrx_word' id='word_1_242' title='bbox 653 3916 824 3978; x_wconf 85' lang='lat' dir='ltr'><strong>acivitate</strong></span> <span class='ocrx_word' id='word_1_243' title='bbox 839 3919 906 3978; x_wconf 89' lang='lat' dir='ltr'><strong>Re-</strong></span> 
     </span>
     <span class='ocr_line' id='line_1_42' title="bbox 105 4014 904 4092; baseline -0.001 -17"><span class='ocrx_word' id='word_1_244' title='bbox 105 4015 217 4076; x_wconf 89' lang='lat' dir='ltr'><strong>mensi</strong></span> <span class='ocrx_word' id='word_1_245' title='bbox 233 4014 434 4092; x_wconf 83' lang='lat' dir='ltr'><strong>usqueadeo</strong></span> <span class='ocrx_word' id='word_1_246' title='bbox 458 4016 508 4075; x_wconf 88' lang='lat' dir='ltr'><strong>est</strong></span> <span class='ocrx_word' id='word_1_247' title='bbox 530 4016 687 4085; x_wconf 90' lang='lat' dir='ltr'><strong>remotus,</strong></span> <span class='ocrx_word' id='word_1_248' title='bbox 710 4029 816 4090; x_wconf 88' lang='lat' dir='ltr'><strong>neque</strong></span> <span class='ocrx_word' id='word_1_249' title='bbox 832 4014 904 4090; x_wconf 92' lang='lat' dir='ltr'><strong>ipso</strong></span> 
     </span>
     <span class='ocr_line' id='line_1_43' title="bbox 106 4111 906 4188; baseline -0.001 -15"><span class='ocrx_word' id='word_1_250' title='bbox 106 4111 256 4173; x_wconf 86' lang='lat' dir='ltr'><strong>naturali</strong></span> <span class='ocrx_word' id='word_1_251' title='bbox 272 4112 337 4172; x_wconf 90' lang='lat' dir='ltr'><strong>situ</strong></span> <span class='ocrx_word' id='word_1_252' title='bbox 353 4111 393 4172; x_wconf 88' lang='lat' dir='ltr'><strong>ad</strong></span> <span class='ocrx_word' id='word_1_253' title='bbox 417 4111 674 4172; x_wconf 91' lang='lat' dir='ltr'><strong>construendum</strong></span> <span class='ocrx_word' id='word_1_254' title='bbox 690 4113 821 4188; x_wconf 91' lang='lat' dir='ltr'><strong>ineptus</strong></span> <span class='ocrx_word' id='word_1_255' title='bbox 846 4128 906 4188; x_wconf 92' lang='lat' dir='ltr'><strong>pa-</strong></span> 
     </span>
    </p>
   </div>
   <div class='ocr_carea' id='block_1_10' title="bbox 1296 2039 1417 2124">
    <p class='ocr_par' dir='ltr' id='par_1_12' title="bbox 1296 2039 1417 2124">
     <span class='ocr_line' id='line_1_44' title="bbox 1296 2039 1417 2124; baseline 0 0"><span class='ocrx_word' id='word_1_256' title='bbox 1296 2039 1417 2124; x_wconf 83' lang='lat' dir='ltr'>CXXI</span> 
     </span>
    </p>
   </div>
   <div class='ocr_carea' id='block_1_11' title="bbox 1090 2181 1618 2254">
    <p class='ocr_par' dir='ltr' id='par_1_13' title="bbox 1090 2181 1618 2254">
     <span class='ocr_line' id='line_1_45' title="bbox 1090 2181 1618 2254; baseline -0.006 -13"><span class='ocrx_word' id='word_1_257' title='bbox 1090 2182 1142 2241; x_wconf 84' lang='lat' dir='ltr'><strong>Ad</strong></span> <span class='ocrx_word' id='word_1_258' title='bbox 1158 2181 1352 2254; x_wconf 78' lang='lat' dir='ltr'><strong>episcopum</strong></span> <span class='ocrx_word' id='word_1_259' title='bbox 1367 2181 1618 2240; x_wconf 82' lang='lat' dir='ltr'><strong>Pictovenscm.</strong></span> 
     </span>
    </p>
   </div>
   <div class='ocr_carea' id='block_1_12' title="bbox 977 2311 1738 2492">
    <p class='ocr_par' dir='ltr' id='par_1_14' title="bbox 977 2311 1738 2492">
     <span class='ocr_line' id='line_1_46' title="bbox 1236 2311 1473 2372; baseline 0.008 -4"><span class='ocrx_word' id='word_1_260' title='bbox 1236 2313 1270 2368; x_wconf 68' lang='lat'><strong>20</strong></span> <span class='ocrx_word' id='word_1_261' title='bbox 1281 2312 1374 2370; x_wconf 82' lang='lat' dir='ltr'><strong>martii</strong></span> <span class='ocrx_word' id='word_1_262' title='bbox 1395 2311 1473 2372; x_wconf 71' lang='lat' dir='ltr'><strong>laia.</strong></span> 
     </span>
     <span class='ocr_line' id='line_1_47' title="bbox 977 2423 1738 2492; baseline -0.007 -15"><span class='ocrx_word' id='word_1_263' title='bbox 977 2427 1096 2490; x_wconf 79' lang='lat' dir='ltr'><strong>[chcst.,</strong></span> <span class='ocrx_word' id='word_1_264' title='bbox 1116 2425 1161 2476; x_wconf 85' lang='grc'>1111,</span> <span class='ocrx_word' id='word_1_265' title='bbox 1172 2427 1215 2485; x_wconf 81' lang='lat' dir='ltr'><strong>ix,</strong></span> <span class='ocrx_word' id='word_1_266' title='bbox 1226 2426 1301 2492; x_wconf 87' lang='lat' dir='ltr'><strong>epist.</strong></span> <span class='ocrx_word' id='word_1_267' title='bbox 1315 2427 1369 2476; x_wconf 79' lang='lat' dir='ltr'><strong>aad.</strong></span> <span class='ocrx_word' id='word_1_268' title='bbox 1384 2428 1439 2478; x_wconf 81' lang='lat' dir='ltr'><strong>llas.</strong></span> <span class='ocrx_word' id='word_1_269' title='bbox 1454 2427 1490 2477; x_wconf 89' lang='lat' dir='ltr'><strong>La</strong></span> <span class='ocrx_word' id='word_1_270' title='bbox 1501 2426 1577 2476; x_wconf 79' lang='lat' dir='ltr'><strong>Poste</strong></span> <span class='ocrx_word' id='word_1_271' title='bbox 1596 2423 1738 2487; x_wconf 76' lang='lat' dir='ltr'><strong>aerleii]</strong></span> 
     </span>
    </p>
   </div>
   <div class='ocr_carea' id='block_1_13' title="bbox 960 2540 1753 2704">
    <p class='ocr_par' dir='ltr' id='par_1_15' title="bbox 960 2540 1753 2704">
     <span class='ocr_line' id='line_1_48' title="bbox 960 2540 1753 2615; baseline -0.003 -15"><span class='ocrx_word' id='word_1_272' title='bbox 960 2544 1038 2600; x_wconf 86' lang='lat' dir='ltr'><strong>Facit</strong></span> <span class='ocrx_word' id='word_1_273' title='bbox 1048 2543 1075 2600; x_wconf 88' lang='lat' dir='ltr'><strong>oi</strong></span> <span class='ocrx_word' id='word_1_274' title='bbox 1083 2543 1244 2615; x_wconf 86' lang='lat' dir='ltr'><strong>specialiter</strong></span> <span class='ocrx_word' id='word_1_275' title='bbox 1255 2550 1423 2615; x_wconf 83' lang='lat' dir='ltr'><strong>potestatem</strong></span> <span class='ocrx_word' id='word_1_276' title='bbox 1433 2540 1753 2600; x_wconf 83' lang='lat' dir='ltr'><strong>excessussubditorum</strong></span> 
     </span>
     <span class='ocr_line' id='line_1_49' title="bbox 1202 2630 1509 2704; baseline -0.02 -14"><span class='ocrx_word' id='word_1_277' title='bbox 1202 2645 1318 2690; x_wconf 85' lang='lat' dir='ltr'><strong>suorum</strong></span> <span class='ocrx_word' id='word_1_278' title='bbox 1336 2630 1509 2704; x_wconf 83' lang='lat' dir='ltr'><strong>corrigendi.</strong></span> 
     </span>
    </p>
   </div>
   <div class='ocr_carea' id='block_1_14' title="bbox 959 2746 1770 4193">
    <p class='ocr_par' dir='ltr' id='par_1_16' title="bbox 960 2746 1754 2924">
     <span class='ocr_line' id='line_1_50' title="bbox 999 2746 1754 2822; baseline -0.008 -11"><span class='ocrx_word' id='word_1_279' title='bbox 999 2750 1178 2822; x_wconf 88' lang='lat' dir='ltr'><strong>Honorius,</strong></span> <span class='ocrx_word' id='word_1_280' title='bbox 1199 2751 1273 2821; x_wconf 85' lang='lat' dir='ltr'><strong>etc,</strong></span> <span class='ocrx_word' id='word_1_281' title='bbox 1297 2748 1481 2812; x_wconf 83' lang='lat' dir='ltr'><strong>venerabili</strong></span> <span class='ocrx_word' id='word_1_282' title='bbox 1503 2747 1635 2808; x_wconf 78' lang='lat' dir='ltr'><strong>fratri...</strong></span> <span class='ocrx_word' id='word_1_283' title='bbox 1661 2746 1754 2822; x_wconf 86' lang='lat' dir='ltr'><strong>epis-</strong></span> 
     </span>
     <span class='ocr_line' id='line_1_51' title="bbox 960 2847 1498 2924; baseline -0.007 -15"><span class='ocrx_word' id='word_1_284' title='bbox 960 2864 1041 2924; x_wconf 91' lang='lat' dir='ltr'><strong>copo</strong></span> <span class='ocrx_word' id='word_1_285' title='bbox 1056 2849 1255 2917; x_wconf 77' lang='lat' dir='ltr'><strong>pictavensi,</strong></span> <span class='ocrx_word' id='word_1_286' title='bbox 1270 2848 1422 2918; x_wconf 89' lang='lat' dir='ltr'><strong>salutem,</strong></span> <span class='ocrx_word' id='word_1_287' title='bbox 1437 2847 1498 2908; x_wconf 90' lang='lat' dir='ltr'><strong>eto.</strong></span> 
     </span>
    </p>

    <p class='ocr_par' dir='ltr' id='par_1_17' title="bbox 959 2940 1770 4193">
     <span class='ocr_line' id='line_1_52' title="bbox 1000 2940 1753 3020; baseline -0.007 -13"><span class='ocrx_word' id='word_1_288' title='bbox 1000 2946 1092 3006; x_wconf 87' lang='lat' dir='ltr'><strong>Licet</strong></span> <span class='ocrx_word' id='word_1_289' title='bbox 1124 2945 1166 3006; x_wconf 91' lang='lat' dir='ltr'><strong>ad</strong></span> <span class='ocrx_word' id='word_1_290' title='bbox 1186 2945 1418 3020; x_wconf 87' lang='lat' dir='ltr'><strong>corrigendum</strong></span> <span class='ocrx_word' id='word_1_291' title='bbox 1446 2943 1651 3004; x_wconf 87' lang='lat' dir='ltr'><strong>subditorum</strong></span> <span class='ocrx_word' id='word_1_292' title='bbox 1673 2940 1753 3002; x_wconf 90' lang='lat' dir='ltr'><strong>tuo·-</strong></span> 
     </span>
     <span class='ocr_line' id='line_1_53' title="bbox 959 3038 1754 3118; baseline -0.01 -13"><span class='ocrx_word' id='word_1_293' title='bbox 959 3061 1032 3105; x_wconf 90' lang='lat' dir='ltr'><strong>rum</strong></span> <span class='ocrx_word' id='word_1_294' title='bbox 1050 3059 1209 3104; x_wconf 84' lang='lat' dir='ltr'><strong>excessus</strong></span> <span class='ocrx_word' id='word_1_295' title='bbox 1224 3043 1423 3103; x_wconf 84' lang='lat' dir='ltr'><strong>anctoritate</strong></span> <span class='ocrx_word' id='word_1_296' title='bbox 1438 3041 1617 3118; x_wconf 90' lang='lat' dir='ltr'><strong>procedere</strong></span> <span class='ocrx_word' id='word_1_297' title='bbox 1639 3038 1754 3100; x_wconf 78' lang='lat' dir='ltr'><strong>valeas</strong></span> 
     </span>
     <span class='ocr_line' id='line_1_54' title="bbox 959 3136 1753 3217; baseline -0.008 -15"><span class='ocrx_word' id='word_1_298' title='bbox 959 3141 1137 3202; x_wconf 87' lang='lat' dir='ltr'><strong>ordinariae</strong></span> <span class='ocrx_word' id='word_1_299' title='bbox 1153 3141 1336 3217; x_wconf 90' lang='lat' dir='ltr'><strong>potestatis,</strong></span> <span class='ocrx_word' id='word_1_300' title='bbox 1352 3140 1388 3200; x_wconf 93' lang='lat' dir='ltr'><strong>ut</strong></span> <span class='ocrx_word' id='word_1_301' title='bbox 1401 3140 1524 3209; x_wconf 88' lang='lat' dir='ltr'><strong>tamen,</strong></span> <span class='ocrx_word' id='word_1_302' title='bbox 1544 3136 1753 3198; x_wconf 85' lang='lat' dir='ltr'><strong>auctoritatis</strong></span> 
     </span>
     <span class='ocr_line' id='line_1_55' title="bbox 960 3233 1756 3314; baseline -0.009 -14"><span class='ocrx_word' id='word_1_303' title='bbox 960 3240 1082 3300; x_wconf 89' lang='lat' dir='ltr'><strong>nostrae</strong></span> <span class='ocrx_word' id='word_1_304' title='bbox 1100 3239 1214 3314; x_wconf 79' lang='lat' dir='ltr'><strong>rigore</strong></span> <span class='ocrx_word' id='word_1_305' title='bbox 1228 3238 1394 3308; x_wconf 87' lang='lat' dir='ltr'><strong>suffultus,</strong></span> <span class='ocrx_word' id='word_1_306' title='bbox 1411 3237 1549 3297; x_wconf 86' lang='lat' dir='ltr'><strong>liberius</strong></span> <span class='ocrx_word' id='word_1_307' title='bbox 1564 3251 1621 3296; x_wconf 89' lang='lat' dir='ltr'><strong>eos</strong></span> <span class='ocrx_word' id='word_1_308' title='bbox 1648 3233 1756 3295; x_wconf 89' lang='lat' dir='ltr'><strong>corri-</strong></span> 
     </span>
     <span class='ocr_line' id='line_1_56' title="bbox 959 3331 1755 3414; baseline -0.009 -16"><span class='ocrx_word' id='word_1_309' title='bbox 959 3353 1037 3414; x_wconf 82' lang='lat' dir='ltr'><strong>gere</strong></span> <span class='ocrx_word' id='word_1_310' title='bbox 1046 3337 1295 3408; x_wconf 66' lang='lat' dir='ltr'><strong>taleasettuus</strong></span> <span class='ocrx_word' id='word_1_311' title='bbox 1305 3335 1512 3396; x_wconf 86' lang='lat' dir='ltr'><strong>reverentius</strong></span> <span class='ocrx_word' id='word_1_312' title='bbox 1521 3331 1755 3394; x_wconf 86' lang='lat' dir='ltr'><strong>observaretur</strong></span> 
     </span>
     <span class='ocr_line' id='line_1_57' title="bbox 959 3428 1754 3510; baseline -0.01 -14"><span class='ocrx_word' id='word_1_313' title='bbox 959 3437 994 3497; x_wconf 93' lang='lat' dir='ltr'><strong>in</strong></span> <span class='ocrx_word' id='word_1_314' title='bbox 1018 3434 1215 3510; x_wconf 77' lang='lat' dir='ltr'><strong>corrigendo</strong></span> <span class='ocrx_word' id='word_1_315' title='bbox 1239 3449 1427 3510; x_wconf 87' lang='lat' dir='ltr'><strong>processus,</strong></span> <span class='ocrx_word' id='word_1_316' title='bbox 1449 3449 1523 3492; x_wconf 85' lang='lat' dir='ltr'><strong>curn</strong></span> <span class='ocrx_word' id='word_1_317' title='bbox 1547 3432 1620 3508; x_wconf 91' lang='lat' dir='ltr'><strong>plns</strong></span> <span class='ocrx_word' id='word_1_318' title='bbox 1644 3428 1754 3492; x_wconf 92' lang='lat' dir='ltr'><strong>timeri</strong></span> 
     </span>
     <span class='ocr_line' id='line_1_58' title="bbox 960 3530 1755 3609; baseline -0.01 -15"><span class='ocrx_word' id='word_1_319' title='bbox 960 3533 1076 3603; x_wconf 89' lang='lat' dir='ltr'><strong>soleat,</strong></span> <span class='ocrx_word' id='word_1_320' title='bbox 1100 3531 1187 3609; x_wconf 83' lang='lat' dir='ltr'><strong>quod</strong></span> <span class='ocrx_word' id='word_1_321' title='bbox 1211 3531 1401 3608; x_wconf 90' lang='lat' dir='ltr'><strong>specialiter</strong></span> <span class='ocrx_word' id='word_1_322' title='bbox 1429 3530 1630 3605; x_wconf 84' lang='lat' dir='ltr'><strong>indulgetur,</strong></span> <span class='ocrx_word' id='word_1_323' title='bbox 1655 3542 1755 3604; x_wconf 90' lang='lat' dir='ltr'><strong>quam</strong></span> 
     </span>
     <span class='ocr_line' id='line_1_59' title="bbox 960 3625 1758 3707; baseline -0.009 -17"><span class='ocrx_word' id='word_1_324' title='bbox 960 3631 1044 3707; x_wconf 91' lang='lat' dir='ltr'><strong>quod</strong></span> <span class='ocrx_word' id='word_1_325' title='bbox 1059 3630 1166 3690; x_wconf 88' lang='lat' dir='ltr'><strong>edicto</strong></span> <span class='ocrx_word' id='word_1_326' title='bbox 1180 3629 1379 3689; x_wconf 89' lang='lat' dir='ltr'><strong>concludere</strong></span> <span class='ocrx_word' id='word_1_327' title='bbox 1392 3627 1552 3703; x_wconf 84' lang='lat' dir='ltr'><strong>generali,</strong></span> <span class='ocrx_word' id='word_1_328' title='bbox 1565 3641 1626 3686; x_wconf 91' lang='lat' dir='ltr'><strong>nos</strong></span> <span class='ocrx_word' id='word_1_329' title='bbox 1640 3625 1758 3685; x_wconf 82' lang='lat' dir='ltr'><strong>frater-</strong></span> 
     </span>
     <span class='ocr_line' id='line_1_60' title="bbox 959 3722 1770 3802; baseline -0.005 -14"><span class='ocrx_word' id='word_1_330' title='bbox 959 3728 1073 3789; x_wconf 89' lang='lat' dir='ltr'><strong>nitatis</strong></span> <span class='ocrx_word' id='word_1_331' title='bbox 1098 3727 1164 3788; x_wconf 86' lang='lat' dir='ltr'><strong>tuae</strong></span> <span class='ocrx_word' id='word_1_332' title='bbox 1190 3725 1343 3802; x_wconf 88' lang='lat' dir='ltr'><strong>precihus</strong></span> <span class='ocrx_word' id='word_1_333' title='bbox 1359 3724 1522 3796; x_wconf 90' lang='lat' dir='ltr'><strong>inclinati,</strong></span> <span class='ocrx_word' id='word_1_334' title='bbox 1540 3722 1770 3800; x_wconf 63' lang='lat' dir='ltr'><strong>praesentium*</strong></span> 
     </span>
     <span class='ocr_line' id='line_1_61' title="bbox 959 3814 1756 3893; baseline -0.006 -8"><span class='ocrx_word' id='word_1_335' title='bbox 959 3824 1019 3886; x_wconf 86' lang='lat' dir='ltr'><strong>tibi</strong></span> <span class='ocrx_word' id='word_1_336' title='bbox 1037 3825 1234 3884; x_wconf 87' lang='lat' dir='ltr'><strong>auctoritate</strong></span> <span class='ocrx_word' id='word_1_337' title='bbox 1251 3822 1475 3893; x_wconf 86' lang='lat' dir='ltr'><strong>concedimus,</strong></span> <span class='ocrx_word' id='word_1_338' title='bbox 1495 3822 1532 3882; x_wconf 88' lang='lat' dir='ltr'><strong>nt</strong></span> <span class='ocrx_word' id='word_1_339' title='bbox 1552 3835 1627 3880; x_wconf 91' lang='lat' dir='ltr'><strong>cum</strong></span> <span class='ocrx_word' id='word_1_340' title='bbox 1647 3814 1756 3880; x_wconf 86' lang='lat' dir='ltr'><strong>eccla-</strong></span> 
     </span>
     <span class='ocr_line' id='line_1_62' title="bbox 960 3917 1756 3998; baseline -0.006 -17"><span class='ocrx_word' id='word_1_341' title='bbox 960 3922 1084 3982; x_wconf 90' lang='lat' dir='ltr'><strong>slarum</strong></span> <span class='ocrx_word' id='word_1_342' title='bbox 1098 3921 1228 3998; x_wconf 88' lang='lat' dir='ltr'><strong>praelati</strong></span> <span class='ocrx_word' id='word_1_343' title='bbox 1242 3920 1282 3980; x_wconf 92' lang='lat' dir='ltr'><strong>ad</strong></span> <span class='ocrx_word' id='word_1_344' title='bbox 1299 3919 1532 3994; x_wconf 78' lang='lat' dir='ltr'><strong>corrigendum</strong></span> <span class='ocrx_word' id='word_1_345' title='bbox 1548 3917 1756 3978; x_wconf 88' lang='lat' dir='ltr'><strong>subditorum</strong></span> 
     </span>
     <span class='ocr_line' id='line_1_63' title="bbox 960 4013 1756 4080; baseline -0.008 -1"><span class='ocrx_word' id='word_1_346' title='bbox 960 4035 1116 4080; x_wconf 83' lang='lat' dir='ltr'><strong>excessus</strong></span> <span class='ocrx_word' id='word_1_347' title='bbox 1136 4019 1281 4078; x_wconf 83' lang='lat' dir='ltr'><strong>maxime</strong></span> <span class='ocrx_word' id='word_1_348' title='bbox 1303 4017 1500 4078; x_wconf 89' lang='lat' dir='ltr'><strong>clericorum</strong></span> <span class='ocrx_word' id='word_1_349' title='bbox 1522 4014 1663 4076; x_wconf 89' lang='lat' dir='ltr'><strong>debeant</strong></span> <span class='ocrx_word' id='word_1_350' title='bbox 1678 4013 1756 4074; x_wconf 93' lang='lat' dir='ltr'><strong>dili-</strong></span> 
     </span>
     <span class='ocr_line' id='line_1_64' title="bbox 959 4113 1755 4193; baseline -0.006 -16"><span class='ocrx_word' id='word_1_351' title='bbox 959 4120 1077 4193; x_wconf 84' lang='lat' dir='ltr'><strong>genter</strong></span> <span class='ocrx_word' id='word_1_352' title='bbox 1089 4115 1272 4188; x_wconf 78' lang='lat' dir='ltr'><strong>Intendere,</strong></span> <span class='ocrx_word' id='word_1_353' title='bbox 1289 4131 1331 4176; x_wconf 92' lang='lat' dir='ltr'><strong>ne</strong></span> <span class='ocrx_word' id='word_1_354' title='bbox 1346 4115 1483 4190; x_wconf 81' lang='lat' dir='ltr'><strong>sanguis</strong></span> <span class='ocrx_word' id='word_1_355' title='bbox 1494 4129 1610 4175; x_wconf 89' lang='lat' dir='ltr'><strong>eorum</strong></span> <span class='ocrx_word' id='word_1_356' title='bbox 1625 4113 1666 4173; x_wconf 91' lang='lat' dir='ltr'><strong>de</strong></span> <span class='ocrx_word' id='word_1_357' title='bbox 1684 4113 1755 4173; x_wconf 91' lang='lat' dir='ltr'><strong>suls</strong></span> 
     </span>
    </p>
   </div>
   <div class='ocr_carea' id='block_1_15' title="bbox 105 4207 1768 5558">
    <p class='ocr_par' dir='ltr' id='par_1_18' title="bbox 105 4207 1768 5558">
     <span class='ocr_line' id='line_1_65' title="bbox 105 4207 1752 4291; baseline -0.001 -20"><span class='ocrx_word' id='word_1_358' title='bbox 105 4211 203 4281; x_wconf 90' lang='lat' dir='ltr'><strong>riter,</strong></span> <span class='ocrx_word' id='word_1_359' title='bbox 225 4211 257 4272; x_wconf 90' lang='lat' dir='ltr'><strong>et</strong></span> <span class='ocrx_word' id='word_1_360' title='bbox 271 4211 442 4285; x_wconf 79' lang='lat' dir='ltr'><strong>angustus,</strong></span> <span class='ocrx_word' id='word_1_361' title='bbox 469 4212 505 4270; x_wconf 90' lang='lat' dir='ltr'><strong>ut</strong></span> <span class='ocrx_word' id='word_1_362' title='bbox 531 4209 666 4286; x_wconf 87' lang='lat' dir='ltr'><strong>propter</strong></span> <span class='ocrx_word' id='word_1_363' title='bbox 688 4209 907 4270; x_wconf 88' lang='lat' dir='ltr'><strong>incommodi·</strong></span> <span class='ocrx_word' id='word_1_364' title='bbox 960 4214 1113 4276; x_wconf 89' lang='lat' dir='ltr'><strong>manibus</strong></span> <span class='ocrx_word' id='word_1_365' title='bbox 1132 4215 1332 4291; x_wconf 85' lang='lat' dir='ltr'><strong>requiratur,</strong></span> <span class='ocrx_word' id='word_1_366' title='bbox 1354 4215 1388 4276; x_wconf 91' lang='lat' dir='ltr'><strong>et</strong></span> <span class='ocrx_word' id='word_1_367' title='bbox 1403 4207 1571 4290; x_wconf 86' lang='lat' dir='ltr'><strong>provideri</strong></span> <span class='ocrx_word' id='word_1_368' title='bbox 1587 4210 1752 4287; x_wconf 79' lang='lat' dir='ltr'><strong>expediat,</strong></span> 
     </span>
     <span class='ocr_line' id='line_1_66' title="bbox 106 4307 1754 4383; baseline -0.002 -14"><span class='ocrx_word' id='word_1_369' title='bbox 106 4310 194 4370; x_wconf 86' lang='lat' dir='ltr'><strong>tates</strong></span> <span class='ocrx_word' id='word_1_370' title='bbox 224 4307 413 4383; x_wconf 89' lang='lat' dir='ltr'><strong>hujusmodi</strong></span> <span class='ocrx_word' id='word_1_371' title='bbox 437 4322 523 4368; x_wconf 85' lang='lat' dir='ltr'><strong>nora</strong></span> <span class='ocrx_word' id='word_1_372' title='bbox 548 4307 652 4382; x_wconf 90' lang='lat' dir='ltr'><strong>ipsius</strong></span> <span class='ocrx_word' id='word_1_373' title='bbox 676 4308 826 4368; x_wconf 89' lang='lat' dir='ltr'><strong>ecclesiae</strong></span> <span class='ocrx_word' id='word_1_374' title='bbox 855 4308 907 4368; x_wconf 86' lang='lat' dir='ltr'><strong>fa·</strong></span> <span class='ocrx_word' id='word_1_375' title='bbox 960 4313 1047 4374; x_wconf 90' lang='lat' dir='ltr'><strong>unde</strong></span> <span class='ocrx_word' id='word_1_376' title='bbox 1060 4313 1277 4374; x_wconf 88' lang='lat' dir='ltr'><strong>correctionis</strong></span> <span class='ocrx_word' id='word_1_377' title='bbox 1297 4315 1330 4372; x_wconf 92' lang='lat' dir='ltr'><strong>et</strong></span> <span class='ocrx_word' id='word_1_378' title='bbox 1348 4309 1596 4372; x_wconf 82' lang='lat' dir='ltr'><strong>reformationis</strong></span> <span class='ocrx_word' id='word_1_379' title='bbox 1607 4307 1754 4368; x_wconf 83' lang='lat' dir='ltr'><strong>officium</strong></span> 
     </span>
     <span class='ocr_line' id='line_1_67' title="bbox 105 4399 1756 4481; baseline -0.004 -15"><span class='ocrx_word' id='word_1_380' title='bbox 105 4406 201 4466; x_wconf 90' lang='lat' dir='ltr'><strong>hrica</strong></span> <span class='ocrx_word' id='word_1_381' title='bbox 218 4405 350 4475; x_wconf 86' lang='lat' dir='ltr'><strong>nedum,</strong></span> <span class='ocrx_word' id='word_1_382' title='bbox 375 4405 460 4481; x_wconf 86' lang='lat' dir='ltr'><strong>quod</strong></span> <span class='ocrx_word' id='word_1_383' title='bbox 473 4405 584 4465; x_wconf 80' lang='lat' dir='ltr'><strong>ualeat</strong></span> <span class='ocrx_word' id='word_1_384' title='bbox 597 4404 762 4481; x_wconf 91' lang='lat' dir='ltr'><strong>ampliari,</strong></span> <span class='ocrx_word' id='word_1_385' title='bbox 776 4405 831 4465; x_wconf 90' lang='lat' dir='ltr'><strong>sed</strong></span> <span class='ocrx_word' id='word_1_386' title='bbox 847 4405 906 4466; x_wconf 78' lang='lat' dir='ltr'><strong>rix</strong></span> <span class='ocrx_word' id='word_1_387' title='bbox 959 4409 1069 4470; x_wconf 83' lang='lat' dir='ltr'><strong>valeat</strong></span> <span class='ocrx_word' id='word_1_388' title='bbox 1081 4408 1249 4469; x_wconf 87' lang='lat' dir='ltr'><strong>elticaoius</strong></span> <span class='ocrx_word' id='word_1_389' title='bbox 1265 4406 1428 4476; x_wconf 79' lang='lat' dir='ltr'><strong>exerceri,</strong></span> <span class='ocrx_word' id='word_1_390' title='bbox 1444 4421 1509 4464; x_wconf 93' lang='lat' dir='ltr'><strong>non</strong></span> <span class='ocrx_word' id='word_1_391' title='bbox 1526 4402 1676 4464; x_wconf 88' lang='lat' dir='ltr'><strong>obstante</strong></span> <span class='ocrx_word' id='word_1_392' title='bbox 1691 4399 1756 4460; x_wconf 86' lang='lat' dir='ltr'><strong>fri·-</strong></span> 
     </span>
     <span class='ocr_line' id='line_1_68' title="bbox 106 4498 1756 4582; baseline -0.004 -18"><span class='ocrx_word' id='word_1_393' title='bbox 106 4505 210 4564; x_wconf 91' lang='lat' dir='ltr'><strong>etiam</strong></span> <span class='ocrx_word' id='word_1_394' title='bbox 223 4502 307 4562; x_wconf 85' lang='lat' dir='ltr'><strong>hene</strong></span> <span class='ocrx_word' id='word_1_395' title='bbox 327 4504 431 4578; x_wconf 87' lang='lat' dir='ltr'><strong>coepta</strong></span> <span class='ocrx_word' id='word_1_396' title='bbox 447 4517 530 4578; x_wconf 91' lang='lat' dir='ltr'><strong>pene</strong></span> <span class='ocrx_word' id='word_1_397' title='bbox 552 4503 683 4578; x_wconf 90' lang='lat' dir='ltr'><strong>penitus</strong></span> <span class='ocrx_word' id='word_1_398' title='bbox 698 4503 904 4578; x_wconf 75' lang='lat' dir='ltr'><strong>negligatur,</strong></span> <span class='ocrx_word' id='word_1_399' title='bbox 959 4506 1044 4567; x_wconf 84' lang='lat' dir='ltr'><strong>rolae</strong></span> <span class='ocrx_word' id='word_1_400' title='bbox 1062 4505 1295 4582; x_wconf 90' lang='lat' dir='ltr'><strong>appellationis</strong></span> <span class='ocrx_word' id='word_1_401' title='bbox 1311 4504 1440 4580; x_wconf 86' lang='lat' dir='ltr'><strong>objectu</strong></span> <span class='ocrx_word' id='word_1_402' title='bbox 1456 4517 1553 4578; x_wconf 85' lang='lat' dir='ltr'><strong>qnam</strong></span> <span class='ocrx_word' id='word_1_403' title='bbox 1571 4515 1660 4576; x_wconf 88' lang='lat' dir='ltr'><strong>saepe</strong></span> <span class='ocrx_word' id='word_1_404' title='bbox 1675 4498 1756 4558; x_wconf 92' lang='lat' dir='ltr'><strong>sub·</strong></span> 
     </span>
     <span class='ocr_line' id='line_1_69' title="bbox 106 4597 1768 4681; baseline -0.003 -19"><span class='ocrx_word' id='word_1_405' title='bbox 106 4599 350 4679; x_wconf 85' lang='lat' dir='ltr'><strong>propterquod</strong></span> <span class='ocrx_word' id='word_1_406' title='bbox 378 4600 539 4675; x_wconf 81' lang='lat' dir='ltr'><strong>contingit</strong></span> <span class='ocrx_word' id='word_1_407' title='bbox 562 4600 738 4672; x_wconf 90' lang='lat' dir='ltr'><strong>interdum,</strong></span> <span class='ocrx_word' id='word_1_408' title='bbox 767 4602 803 4662; x_wconf 91' lang='lat' dir='ltr'><strong>ut</strong></span> <span class='ocrx_word' id='word_1_409' title='bbox 828 4601 904 4660; x_wconf 90' lang='lat' dir='ltr'><strong>dum</strong></span> <span class='ocrx_word' id='word_1_410' title='bbox 956 4605 1048 4681; x_wconf 89' lang='lat' dir='ltr'><strong>jecti,</strong></span> <span class='ocrx_word' id='word_1_411' title='bbox 1064 4605 1100 4664; x_wconf 92' lang='lat' dir='ltr'><strong>ut</strong></span> <span class='ocrx_word' id='word_1_412' title='bbox 1114 4602 1354 4664; x_wconf 86' lang='lat' dir='ltr'><strong>correctionem</strong></span> <span class='ocrx_word' id='word_1_413' title='bbox 1366 4600 1500 4660; x_wconf 83' lang='lat' dir='ltr'><strong>valeant</strong></span> <span class='ocrx_word' id='word_1_414' title='bbox 1512 4597 1659 4669; x_wconf 90' lang='lat' dir='ltr'><strong>eludere,</strong></span> <span class='ocrx_word' id='word_1_415' title='bbox 1673 4611 1768 4678; x_wconf 16' lang='lat' dir='ltr'><strong>praa-¹</strong></span> 
     </span>
     <span class='ocr_line' id='line_1_70' title="bbox 106 4695 1755 4775; baseline -0.003 -16"><span class='ocrx_word' id='word_1_416' title='bbox 106 4697 904 4774; x_wconf 87' lang='lat' dir='ltr'><strong>clericidecivitateillucpropterlooidistantiam</strong></span> <span class='ocrx_word' id='word_1_417' title='bbox 960 4703 1102 4762; x_wconf 88' lang='lat' dir='ltr'><strong>latorum</strong></span> <span class='ocrx_word' id='word_1_418' title='bbox 1126 4701 1240 4760; x_wconf 88' lang='lat' dir='ltr'><strong>contra</strong></span> <span class='ocrx_word' id='word_1_419' title='bbox 1265 4698 1477 4775; x_wconf 87' lang='lat' dir='ltr'><strong>disciplinam</strong></span> <span class='ocrx_word' id='word_1_420' title='bbox 1493 4695 1755 4758; x_wconf 87' lang='lat' dir='ltr'><strong>ecclesiasticam</strong></span> 
     </span>
     <span class='ocr_line' id='line_1_71' title="bbox 107 4793 1755 4875; baseline -0.002 -18"><span class='ocrx_word' id='word_1_421' title='bbox 107 4795 280 4857; x_wconf 89' lang='lat' dir='ltr'><strong>commode</strong></span> <span class='ocrx_word' id='word_1_422' title='bbox 313 4793 479 4872; x_wconf 88' lang='lat' dir='ltr'><strong>nequeant</strong></span> <span class='ocrx_word' id='word_1_423' title='bbox 511 4795 702 4865; x_wconf 85' lang='lat' dir='ltr'><strong>convenire,</strong></span> <span class='ocrx_word' id='word_1_424' title='bbox 730 4795 807 4870; x_wconf 90' lang='lat' dir='ltr'><strong>quia</strong></span> <span class='ocrx_word' id='word_1_425' title='bbox 843 4811 905 4856; x_wconf 92' lang='lat' dir='ltr'><strong>nec</strong></span> <span class='ocrx_word' id='word_1_426' title='bbox 959 4799 1187 4875; x_wconf 90' lang='lat' dir='ltr'><strong>interponunt,</strong></span> <span class='ocrx_word' id='word_1_427' title='bbox 1201 4797 1304 4857; x_wconf 87' lang='lat' dir='ltr'><strong>libere</strong></span> <span class='ocrx_word' id='word_1_428' title='bbox 1319 4796 1499 4872; x_wconf 83' lang='lat' dir='ltr'><strong>corrigere,</strong></span> <span class='ocrx_word' id='word_1_429' title='bbox 1517 4811 1556 4856; x_wconf 91' lang='lat' dir='ltr'><strong>ac</strong></span> <span class='ocrx_word' id='word_1_430' title='bbox 1572 4795 1755 4855; x_wconf 79' lang='lat' dir='ltr'><strong>reformare</strong></span> 
     </span>
     <span class='ocr_line' id='line_1_72' title="bbox 107 4891 1753 4972; baseline -0.001 -20"><span class='ocrx_word' id='word_1_431' title='bbox 107 4895 249 4970; x_wconf 86' lang='lat' dir='ltr'><strong>possunt</strong></span> <span class='ocrx_word' id='word_1_432' title='bbox 263 4896 396 4970; x_wconf 88' lang='lat' dir='ltr'><strong>propter</strong></span> <span class='ocrx_word' id='word_1_433' title='bbox 417 4893 628 4952; x_wconf 90' lang='lat' dir='ltr'><strong>mansionum</strong></span> <span class='ocrx_word' id='word_1_434' title='bbox 644 4891 807 4952; x_wconf 88' lang='lat' dir='ltr'><strong>delectum</strong></span> <span class='ocrx_word' id='word_1_435' title='bbox 822 4891 905 4953; x_wconf 86' lang='lat' dir='ltr'><strong>inihi</strong></span> <span class='ocrx_word' id='word_1_436' title='bbox 958 4898 1084 4968; x_wconf 84' lang='lat' dir='ltr'><strong>valeas,</strong></span> <span class='ocrx_word' id='word_1_437' title='bbox 1114 4911 1187 4972; x_wconf 83' lang='lat' dir='ltr'><strong>qnae</strong></span> <span class='ocrx_word' id='word_1_438' title='bbox 1214 4895 1302 4955; x_wconf 92' lang='lat' dir='ltr'><strong>circa</strong></span> <span class='ocrx_word' id='word_1_439' title='bbox 1325 4893 1492 4972; x_wconf 86' lang='lat' dir='ltr'><strong>praelatos,</strong></span> <span class='ocrx_word' id='word_1_440' title='bbox 1519 4894 1552 4953; x_wconf 90' lang='lat' dir='ltr'><strong>et</strong></span> <span class='ocrx_word' id='word_1_441' title='bbox 1576 4891 1753 4967; x_wconf 88' lang='lat' dir='ltr'><strong>subjectos,</strong></span> 
     </span>
     <span class='ocr_line' id='line_1_73' title="bbox 108 4987 1753 5068; baseline -0.003 -16"><span class='ocrx_word' id='word_1_442' title='bbox 108 5007 257 5066; x_wconf 84' lang='lat' dir='ltr'><strong>congrue</strong></span> <span class='ocrx_word' id='word_1_443' title='bbox 272 4987 539 5061; x_wconf 55' lang='lat' dir='ltr'><strong>residererlocus</strong></span> <span class='ocrx_word' id='word_1_444' title='bbox 559 4989 630 5064; x_wconf 90' lang='lat' dir='ltr'><strong>ipse</strong></span> <span class='ocrx_word' id='word_1_445' title='bbox 643 4989 754 5050; x_wconf 86' lang='lat' dir='ltr'><strong>debito</strong></span> <span class='ocrx_word' id='word_1_446' title='bbox 769 4991 906 5052; x_wconf 90' lang='lat' dir='ltr'><strong>servitio</strong></span> <span class='ocrx_word' id='word_1_447' title='bbox 960 4996 1030 5055; x_wconf 84' lang='lat' dir='ltr'><strong>siue</strong></span> <span class='ocrx_word' id='word_1_448' title='bbox 1042 4990 1481 5068; x_wconf 83' lang='lat' dir='ltr'><strong>religiososdioecesanotihi</strong></span> <span class='ocrx_word' id='word_1_449' title='bbox 1488 4993 1565 5067; x_wconf 82' lang='lat' dir='ltr'><strong>juro</strong></span> <span class='ocrx_word' id='word_1_450' title='bbox 1576 4988 1753 5064; x_wconf 88' lang='lat' dir='ltr'><strong>subjectos,</strong></span> 
     </span>
     <span class='ocr_line' id='line_1_74' title="bbox 108 5085 1755 5163; baseline -0.002 -15"><span class='ocrx_word' id='word_1_451' title='bbox 108 5089 337 5150; x_wconf 66' lang='lat' dir='ltr'><strong>(letraudatur.</strong></span> <span class='ocrx_word' id='word_1_452' title='bbox 355 5090 464 5158; x_wconf 86' lang='lat' dir='ltr'><strong>Quare</strong></span> <span class='ocrx_word' id='word_1_453' title='bbox 489 5103 507 5146; x_wconf 88' lang='lat' dir='ltr'><strong>a</strong></span> <span class='ocrx_word' id='word_1_454' title='bbox 525 5087 620 5146; x_wconf 90' lang='lat' dir='ltr'><strong>nobis</strong></span> <span class='ocrx_word' id='word_1_455' title='bbox 636 5086 806 5148; x_wconf 85' lang='lat' dir='ltr'><strong>humiliter</strong></span> <span class='ocrx_word' id='word_1_456' title='bbox 828 5103 906 5163; x_wconf 90' lang='lat' dir='ltr'><strong>pos-</strong></span> <span class='ocrx_word' id='word_1_457' title='bbox 960 5091 1180 5152; x_wconf 90' lang='lat' dir='ltr'><strong>correctionis</strong></span> <span class='ocrx_word' id='word_1_458' title='bbox 1195 5091 1228 5151; x_wconf 91' lang='lat' dir='ltr'><strong>et</strong></span> <span class='ocrx_word' id='word_1_459' title='bbox 1240 5087 1485 5150; x_wconf 78' lang='lat' dir='ltr'><strong>reformationis</strong></span> <span class='ocrx_word' id='word_1_460' title='bbox 1495 5087 1603 5148; x_wconf 84' lang='lat' dir='ltr'><strong>oldcio</strong></span> <span class='ocrx_word' id='word_1_461' title='bbox 1619 5085 1755 5145; x_wconf 86' lang='lat' dir='ltr'><strong>noveris</strong></span> 
     </span>
     <span class='ocr_line' id='line_1_75' title="bbox 109 5183 1754 5264; baseline -0.004 -16"><span class='ocrx_word' id='word_1_462' title='bbox 109 5188 271 5258; x_wconf 86' lang='lat' dir='ltr'><strong>tutabant,</strong></span> <span class='ocrx_word' id='word_1_463' title='bbox 284 5188 320 5247; x_wconf 92' lang='lat' dir='ltr'><strong>ut</strong></span> <span class='ocrx_word' id='word_1_464' title='bbox 334 5202 407 5247; x_wconf 88' lang='lat' dir='ltr'><strong>curn</strong></span> <span class='ocrx_word' id='word_1_465' title='bbox 429 5185 717 5261; x_wconf 87' lang='lat' dir='ltr'><strong>ecclesiamipsam</strong></span> <span class='ocrx_word' id='word_1_466' title='bbox 735 5187 907 5262; x_wconf 81' lang='lat' dir='ltr'><strong>expediret</strong></span> <span class='ocrx_word' id='word_1_467' title='bbox 959 5190 1121 5264; x_wconf 84' lang='lat' dir='ltr'><strong>indigere,</strong></span> <span class='ocrx_word' id='word_1_468' title='bbox 1143 5189 1189 5249; x_wconf 89' lang='lat' dir='ltr'><strong>ita</strong></span> <span class='ocrx_word' id='word_1_469' title='bbox 1204 5189 1325 5258; x_wconf 91' lang='lat' dir='ltr'><strong>tamen,</strong></span> <span class='ocrx_word' id='word_1_470' title='bbox 1340 5187 1424 5263; x_wconf 88' lang='lat' dir='ltr'><strong>quod</strong></span> <span class='ocrx_word' id='word_1_471' title='bbox 1439 5186 1501 5246; x_wconf 90' lang='lat' dir='ltr'><strong>hoc</strong></span> <span class='ocrx_word' id='word_1_472' title='bbox 1528 5199 1593 5244; x_wconf 93' lang='lat' dir='ltr'><strong>non</strong></span> <span class='ocrx_word' id='word_1_473' title='bbox 1617 5183 1754 5258; x_wconf 89' lang='lat' dir='ltr'><strong>majoris</strong></span> 
     </span>
     <span class='ocr_line' id='line_1_76' title="bbox 109 5281 1756 5362; baseline -0.004 -16"><span class='ocrx_word' id='word_1_474' title='bbox 109 5287 219 5362; x_wconf 92' lang='lat' dir='ltr'><strong>potius</strong></span> <span class='ocrx_word' id='word_1_475' title='bbox 232 5286 273 5344; x_wconf 88' lang='lat' dir='ltr'><strong>ad</strong></span> <span class='ocrx_word' id='word_1_476' title='bbox 290 5285 399 5344; x_wconf 90' lang='lat' dir='ltr'><strong>locum</strong></span> <span class='ocrx_word' id='word_1_477' title='bbox 415 5285 522 5360; x_wconf 82' lang='lat' dir='ltr'><strong>magis</strong></span> <span class='ocrx_word' id='word_1_478' title='bbox 537 5283 704 5353; x_wconf 89' lang='lat' dir='ltr'><strong>idoneum,</strong></span> <span class='ocrx_word' id='word_1_479' title='bbox 724 5288 757 5344; x_wconf 91' lang='lat' dir='ltr'><strong>et</strong></span> <span class='ocrx_word' id='word_1_480' title='bbox 779 5284 906 5346; x_wconf 90' lang='lat' dir='ltr'><strong>civitati</strong></span> <span class='ocrx_word' id='word_1_481' title='bbox 961 5286 1171 5348; x_wconf 88' lang='lat' dir='ltr'><strong>auctoritatis</strong></span> <span class='ocrx_word' id='word_1_482' title='bbox 1195 5285 1360 5361; x_wconf 90' lang='lat' dir='ltr'><strong>cnpidine,</strong></span> <span class='ocrx_word' id='word_1_483' title='bbox 1376 5283 1432 5344; x_wconf 90' lang='lat' dir='ltr'><strong>sed</strong></span> <span class='ocrx_word' id='word_1_484' title='bbox 1443 5282 1514 5343; x_wconf 91' lang='lat' dir='ltr'><strong>zelo</strong></span> <span class='ocrx_word' id='word_1_485' title='bbox 1529 5281 1675 5342; x_wconf 82' lang='lat' dir='ltr'><strong>videaris</strong></span> <span class='ocrx_word' id='word_1_486' title='bbox 1686 5283 1756 5357; x_wconf 88' lang='lat' dir='ltr'><strong>jus·</strong></span> 
     </span>
     <span class='ocr_line' id='line_1_77' title="bbox 108 5379 1754 5460; baseline -0.004 -16"><span class='ocrx_word' id='word_1_487' title='bbox 108 5385 255 5444; x_wconf 86' lang='lat' dir='ltr'><strong>ricinum</strong></span> <span class='ocrx_word' id='word_1_488' title='bbox 268 5383 455 5452; x_wconf 78' lang='lat' dir='ltr'><strong>transferri,</strong></span> <span class='ocrx_word' id='word_1_489' title='bbox 467 5397 566 5458; x_wconf 89' lang='lat' dir='ltr'><strong>quam</strong></span> <span class='ocrx_word' id='word_1_490' title='bbox 582 5382 630 5441; x_wconf 91' lang='lat' dir='ltr'><strong>sic</strong></span> <span class='ocrx_word' id='word_1_491' title='bbox 646 5395 717 5442; x_wconf 89' lang='lat' dir='ltr'><strong>eam</strong></span> <span class='ocrx_word' id='word_1_492' title='bbox 730 5397 803 5441; x_wconf 92' lang='lat' dir='ltr'><strong>cum</strong></span> <span class='ocrx_word' id='word_1_493' title='bbox 814 5383 906 5444; x_wconf 91' lang='lat' dir='ltr'><strong>tanta</strong></span> <span class='ocrx_word' id='word_1_494' title='bbox 960 5385 1041 5446; x_wconf 81' lang='lat' dir='ltr'><strong>titiae</strong></span> <span class='ocrx_word' id='word_1_495' title='bbox 1055 5384 1254 5460; x_wconf 88' lang='lat' dir='ltr'><strong>postulasse.</strong></span> <span class='ocrx_word' id='word_1_496' title='bbox 1279 5382 1370 5443; x_wconf 88' lang='lat' dir='ltr'><strong>Nulli</strong></span> <span class='ocrx_word' id='word_1_497' title='bbox 1386 5397 1477 5455; x_wconf 78' lang='lat' dir='ltr'><strong>ergo,</strong></span> <span class='ocrx_word' id='word_1_498' title='bbox 1494 5381 1569 5450; x_wconf 80' lang='lat' dir='ltr'><strong>etc,</strong></span> <span class='ocrx_word' id='word_1_499' title='bbox 1587 5379 1673 5439; x_wconf 79' lang='lat' dir='ltr'><strong>liano</strong></span> <span class='ocrx_word' id='word_1_500' title='bbox 1693 5393 1754 5455; x_wconf 86' lang='lat' dir='ltr'><strong>pa-</strong></span> 
     </span>
     <span class='ocr_line' id='line_1_78' title="bbox 110 5475 1754 5558; baseline -0.003 -17"><span class='ocrx_word' id='word_1_501' title='bbox 110 5479 381 5542; x_wconf 87' lang='lat' dir='ltr'><strong>incommoditate</strong></span> <span class='ocrx_word' id='word_1_502' title='bbox 408 5480 564 5556; x_wconf 89' lang='lat' dir='ltr'><strong>relinqui,</strong></span> <span class='ocrx_word' id='word_1_503' title='bbox 597 5479 773 5554; x_wconf 79' lang='lat' dir='ltr'><strong>prouidere</strong></span> <span class='ocrx_word' id='word_1_504' title='bbox 806 5496 907 5556; x_wconf 90' lang='lat' dir='ltr'><strong>super</strong></span> <span class='ocrx_word' id='word_1_505' title='bbox 960 5483 1071 5558; x_wconf 78' lang='lat' dir='ltr'><strong>ginam</strong></span> <span class='ocrx_word' id='word_1_506' title='bbox 1104 5487 1225 5541; x_wconf 88' lang='lat' dir='ltr'><strong>nostrae</strong></span> <span class='ocrx_word' id='word_1_507' title='bbox 1255 5478 1493 5548; x_wconf 88' lang='lat' dir='ltr'><strong>concessionis,</strong></span> <span class='ocrx_word' id='word_1_508' title='bbox 1529 5479 1590 5538; x_wconf 90' lang='lat' dir='ltr'><strong>etc.</strong></span> <span class='ocrx_word' id='word_1_509' title='bbox 1615 5477 1650 5536; x_wconf 87' lang='lat' dir='ltr'><strong>Si</strong></span> <span class='ocrx_word' id='word_1_510' title='bbox 1679 5475 1754 5552; x_wconf 86' lang='lat' dir='ltr'><strong>quis</strong></span> 
     </span>
    </p>
   </div>
   <div class='ocr_carea' id='block_1_16' title="bbox 111 5573 1756 5755">
    <p class='ocr_par' dir='ltr' id='par_1_19' title="bbox 111 5573 1756 5755">
     <span class='ocr_line' id='line_1_79' title="bbox 111 5573 1756 5653; baseline -0.003 -16"><span class='ocrx_word' id='word_1_511' title='bbox 111 5579 173 5640; x_wconf 90' lang='lat' dir='ltr'><strong>hoc</strong></span> <span class='ocrx_word' id='word_1_512' title='bbox 189 5577 453 5640; x_wconf 88' lang='lat' dir='ltr'><strong>misericorditer</strong></span> <span class='ocrx_word' id='word_1_513' title='bbox 474 5577 698 5652; x_wconf 83' lang='lat' dir='ltr'><strong>dignaremur.</strong></span> <span class='ocrx_word' id='word_1_514' title='bbox 720 5579 788 5638; x_wconf 89' lang='lat' dir='ltr'><strong>Nos</strong></span> <span class='ocrx_word' id='word_1_515' title='bbox 803 5579 907 5653; x_wconf 85' lang='lat' dir='ltr'><strong>igitur</strong></span> <span class='ocrx_word' id='word_1_516' title='bbox 961 5583 1082 5651; x_wconf 90' lang='lat' dir='ltr'><strong>autem,</strong></span> <span class='ocrx_word' id='word_1_517' title='bbox 1100 5579 1163 5640; x_wconf 85' lang='lat' dir='ltr'><strong>etc.</strong></span> <span class='ocrx_word' id='word_1_518' title='bbox 1184 5582 1301 5640; x_wconf 90' lang='lat' dir='ltr'><strong>Datum</strong></span> <span class='ocrx_word' id='word_1_519' title='bbox 1319 5577 1485 5646; x_wconf 80' lang='lat' dir='ltr'><strong>Laterani,</strong></span> <span class='ocrx_word' id='word_1_520' title='bbox 1500 5577 1577 5636; x_wconf 88' lang='lat' dir='ltr'>XIII</span> <span class='ocrx_word' id='word_1_521' title='bbox 1594 5573 1756 5634; x_wconf 85' lang='lat' dir='ltr'><strong>kalendas</strong></span> 
     </span>
     <span class='ocr_line' id='line_1_80' title="bbox 111 5674 1747 5755; baseline 0.001 -21"><span class='ocrx_word' id='word_1_522' title='bbox 111 5678 150 5738; x_wconf 88' lang='lat' dir='ltr'><strong>de</strong></span> <span class='ocrx_word' id='word_1_523' title='bbox 166 5677 366 5738; x_wconf 84' lang='lat' dir='ltr'><strong>discretione</strong></span> <span class='ocrx_word' id='word_1_524' title='bbox 382 5675 490 5738; x_wconf 83' lang='lat' dir='ltr'><strong>restra</strong></span> <span class='ocrx_word' id='word_1_525' title='bbox 506 5676 635 5752; x_wconf 89' lang='lat' dir='ltr'><strong>plenam</strong></span> <span class='ocrx_word' id='word_1_526' title='bbox 652 5674 805 5736; x_wconf 90' lang='lat' dir='ltr'><strong>ilduciam</strong></span> <span class='ocrx_word' id='word_1_527' title='bbox 819 5676 907 5738; x_wconf 88' lang='lat' dir='ltr'><strong>obti-</strong></span> <span class='ocrx_word' id='word_1_528' title='bbox 961 5677 1090 5755; x_wconf 87' lang='lat' dir='ltr'><strong>aprilis,</strong></span> <span class='ocrx_word' id='word_1_529' title='bbox 1106 5691 1194 5738; x_wconf 90' lang='lat' dir='ltr'><strong>anno</strong></span> <span class='ocrx_word' id='word_1_530' title='bbox 1211 5691 1307 5737; x_wconf 92' lang='lat' dir='ltr'><strong>nono.</strong></span> <span class='ocrx_word' id='word_1_531' title='bbox 1743 5681 1747 5691; x_wconf 88' lang='lat'><em>&#39;</em></span> 
     </span>
    </p>
   </div>
   <div class='ocr_carea' id='block_1_17' title="bbox 0 0 2020 6320">
    <p class='ocr_par' dir='ltr' id='par_1_20' title="bbox 0 0 2020 6320">
     <span class='ocr_line' id='line_1_81' title="bbox 0 0 2020 6320; baseline 0 0"><span class='ocrx_word' id='word_1_532' title='bbox 0 0 2020 6320; x_wconf 95' lang='lat' dir='ltr'><strong> </strong></span> 
     </span>
    </p>
   </div>
  </div>
 </body>
</html>
