4002 6326
263 349 322 412 367
880 342 1058 406 HONORII
1079 343 1125 406 111
1145 345 1293 410 OPERA.
1840 349 1892 410 868

261 509 416 570 exactum
449 503 567 573 iuerat,
601 503 634 568 et
659 503 862 582 perceptum,
897 503 1053 568 dantes...
1109 503 1209 566 batur
1245 503 1537 570 archidiaconatus
1572 506 1781 570 Senonanses
1813 505 1892 570 dna·

261 603 373 666 abbati
396 605 429 664 S.
446 601 591 678 Crispini
621 603 759 680 majoris
786 603 1001 665 suessionen.
1022 601 1057 663 et
1109 601 1175 663 lem
1203 601 1328 664 habere
1358 603 1523 680 justitiam
1559 619 1626 666 non
1661 604 1767 682 potuit
1790 603 1895 682 hujus·

150 749 162 772 ,
263 703 336 778 ejus
349 701 487 776 collegis
499 701 696 776 pernostras
706 699 837 763 litteras
845 700 879 762 in
891 698 1056 762 mandatis
1110 699 1199 760 modi
1224 700 1384 776 quaestio;
1413 701 1486 773 sed,
1512 701 1646 764 utfinis
1674 700 1805 764 debitus
1835 703 1892 762 im-

261 801 299 861 ut
311 799 419 876 ipsum
443 797 605 860 canonica
628 796 835 860 districtione
860 812 1056 875 compesce·
1112 797 1264 872 ponatur,
1278 813 1412 860 causam
1432 798 1539 874 ipsam
1557 798 1651 860 robis
1665 798 1706 858 de
1724 797 1830 874 ipsius
1843 798 1894 860 ab·

262 899 348 967 rent,
367 895 395 956 si
418 894 572 956 mandato
596 896 710 956 nostro
734 898 950 972 praesumeret
976 909 1058 955 con·
1110 895 1208 968 batis,
1235 897 1267 956 et
1292 895 1518 973 procuratoris
1544 896 1684 958 alterius
1712 895 1818 974 partis
1845 911 1895 956 aa·

263 994 378 1054 tratre.
415 991 629 1054 Postmodum
671 1007 752 1055 vero
786 991 827 1054 ad
863 991 1056 1068 petitionem
1112 1007 1212 1053 sensu
1249 993 1405 1055 duximus
1441 993 1719 1055 committendam.
1760 992 1894 1072 Ideoque

263 1089 412 1165 ejusdem
428 1088 656 1151 archidiaconi
670 1089 915 1166 conquerentis
932 1087 1055 1165 quod...
1112 1089 1306 1153 discretioni
1329 1091 1449 1152 vestrae
1480 1106 1540 1168 per
1566 1090 1757 1168 apostolica
1781 1091 1896 1167 scripta

264 1187 605 1250 abbaseteonventus
625 1186 775 1264 praedicti
790 1187 1055 1264 procurationem
1112 1187 1317 1260 mandamus,
1338 1190 1501 1266 quatenus
1525 1188 1613 1252 inter
1638 1188 1778 1265 majoris
1797 1189 1897 1250 ecclo-

264 1299 410 1346 annuam
421 1283 614 1362 etquaedam
636 1283 704 1344 alia
722 1283 853 1346 ratione
873 1283 927 1344 sui
945 1282 1059 1344 archi·
1112 1285 1171 1346 siae
1188 1288 1353 1347 senonen.
1365 1286 1554 1358 canonicos,
1566 1286 1623 1363 qui
1643 1285 1768 1348 habere
1786 1285 1897 1348 debent

264 1382 460 1444 diaconatus
484 1381 526 1444 ad
553 1381 661 1458 ipsum
685 1381 869 1458 spectantia
900 1380 1058 1442 exhibere
1113 1383 1153 1444 de
1167 1383 1357 1460 hujusmodi
1383 1383 1625 1446 consuetudine
1652 1385 1806 1446 notitiam
1829 1384 1895 1460 ple·

264 1479 329 1540 sibi
345 1479 459 1541 eontra
468 1479 633 1557 justitiam
648 1477 867 1554 denegabant,
880 1478 987 1540 eidem
1005 1476 1060 1538 ab·
1112 1479 1251 1553 nierem,
1268 1481 1435 1556 superbis
1450 1481 1625 1543 veritatem
1636 1481 1779 1543 sollicite
1794 1481 1897 1558 inqui-

264 1576 334 1640 bati
351 1578 463 1639 Sancti
478 1577 633 1654 Crispini,
660 1580 693 1639 et
715 1576 854 1652 collegis
869 1578 942 1654 ejus
961 1573 1059 1636 dedi·
1113 1578 1208 1650 ratis,
1224 1577 1256 1640 et
1271 1577 1337 1640 nisi
1351 1578 1446 1642 robis
1467 1578 1555 1642 infra
1578 1580 1647 1642 tres
1672 1594 1804 1640 menses
1830 1579 1895 1657 post

266 1691 340 1737 mus
355 1675 390 1736 iu
405 1675 571 1737 mandatis
585 1676 621 1736 ut
633 1674 791 1737 audirent
800 1689 935 1736 cansam
948 1673 1061 1750 hujus·
1114 1675 1229 1753 primae
1258 1675 1426 1740 citationis
1457 1677 1612 1750 edictum,
1636 1675 1823 1740 constiterit
1843 1690 1894 1753 per

156 1818 165 1832 ,
267 1772 358 1835 modi
386 1776 419 1836 et
449 1773 513 1834 fine
545 1771 654 1834 debito
681 1771 917 1843 terminarent,
948 1785 1059 1832 coram
1113 1773 1245 1836 eosdem
1258 1773 1432 1852 praefatum
1445 1774 1717 1836 archidiaconum
1744 1774 1800 1836 rel
1814 1789 1896 1851 prae-

267 1871 386 1950 quibus
402 1871 497 1948 petiit
512 1870 895 1942 dictusarchidiaconus,
910 1870 1059 1946 utquam
1114 1871 1306 1933 decessores
1332 1871 1438 1949 ipsius
1461 1872 1501 1933 de
1517 1871 1653 1950 pacifice
1676 1871 1812 1935 obtenta
1826 1885 1899 1932 con-

266 1969 355 2030 idem
370 1970 608 2030 monasterium
637 1967 724 2028 intra
748 1969 853 2029 metas
873 1967 926 2028 sui
944 1965 1059 2027 archi·
1115 1968 1290 2030 suetudine
1305 1970 1572 2047 jurisdictionem
1596 1970 1742 2047 aliquam
1770 1969 1807 2030 in
1833 1970 1898 2045 ipso

267 2066 464 2128 diaconatus
492 2065 535 2127 sit
561 2066 673 2133 situm,
696 2064 726 2126 ei
750 2063 881 2141 praelati
907 2062 1009 2124 abhas
1029 2062 1061 2124 et
1114 2069 1329 2140 monasterio,
1344 2067 1398 2130 rel
1411 2068 1447 2128 in
1459 2067 1651 2146 hujusmodi
1670 2066 1816 2129 abbatiis
1828 2066 1901 2127 hao-

266 2163 424 2225 monachi
449 2161 621 2224 obedirent
645 2162 680 2222 iu
704 2161 768 2233 bis,
797 2177 871 2238 quae
896 2160 1063 2238 pertinent
1115 2167 1212 2228 tenus
1231 2165 1401 2237 habuisse,
1415 2164 1589 2244 praelatum
1604 2165 1843 2228 monasterium
1865 2161 1900 2224 ab

268 2261 310 2322 ad
313 2261 592 2338 jurisdictionem,
602 2260 842 2322 correctionem
856 2261 888 2321 et
901 2258 1062 2321 visitatio-
1115 2267 1187 2342 ejus
1196 2263 1356 2341 petitione
1366 2264 1497 2340 penitus
1507 2263 1699 2335 absolvatis,
1714 2263 1900 2340 perpetuum

268 2375 364 2430 nem,
393 2357 435 2419 ad
458 2361 535 2435 jus,
563 2359 599 2419 ut
624 2356 768 2431 dicebat,
793 2355 1063 2419 archidiaconale
1116 2376 1217 2440 super
1240 2361 1304 2423 hoc
1323 2359 1389 2438 ipsi
1403 2360 1641 2423 archidiacono
1662 2361 1833 2422 silentium
1845 2359 1900 2419 irn-

269 2456 468 2534 spectantes.
482 2455 651 2526 videlicet,
665 2454 903 2531 utcoramipso
919 2469 1062 2532 conque·
1117 2463 1289 2537 ponentes.
1319 2460 1354 2520 Si
1373 2475 1453 2522 vero
1480 2475 1541 2537 per
1563 2459 1697 2521 eosdem
1728 2456 1900 2519 canonicos

270 2552 730 2630 reuiibuereepoudeueubec
743 2552 982 2628 starentjuriet
992 2553 1062 2628 jus·
1117 2557 1212 2620 vobis
1227 2556 1415 2620 constiterit
1429 2557 1536 2634 ipsum
1551 2557 1839 2627 archidiaconum,
1854 2553 1900 2616 rel

269 2653 322 2714 tas
338 2653 410 2729 ejus
423 2652 604 2712 sententias
613 2650 846 2723 observarent;
857 2649 950 2711 citati
961 2649 1061 2711 ctiam
1118 2658 1191 2733 ejus
1215 2655 1478 2734 praedecessores
1497 2655 1538 2716 de
1558 2655 1607 2717 sic
1621 2654 1756 2718 obtenta
1770 2666 1902 2715 consuo·

270 2750 425 2812 venirent
439 2749 480 2810 ad
496 2751 568 2826 ejus
584 2747 805 2825 praesentiam,
829 2747 949 2825 atejus
964 2762 1062 2807 men·
1117 2753 1233 2816 tudine
1262 2753 1424 2815 hactenus
1453 2753 1611 2815 habuisse
1642 2750 1902 2830 jurisdictionem

208 2905 212 2912 .
270 2848 347 2910 duic
363 2846 513 2918 honeste,
539 2845 572 2908 ei
592 2845 679 2908 fecie
695 2844 876 2906 secuudum
904 2847 1008 2906 Deum
1022 2843 1063 2906 de
1117 2852 1265 2930 aliquam
1280 2851 1400 2930 inipso
1415 2851 1629 2924 monasterie,
1644 2850 1697 2912 vel
1710 2850 1747 2911 in
1761 2848 1840 2910 aliis
1854 2847 1901 2908 hu·

270 2946 477 3009 correctione
500 2959 698 3008 excessuum
712 2945 745 3006 ei
756 2943 844 3016 eliis,
861 2959 936 3021 quae
951 2942 1065 3004 euehi-
1114 2950 1263 3028 jusmodi
1275 2949 1429 3023 abbatiis,
1445 2965 1485 3011 aa
1498 2947 1671 3010 dumtaxat
1682 2946 1902 3026 adjudicantes

271 3044 403 3106 diaconi
419 3042 527 3105 solent
548 3043 581 3104 et
605 3041 744 3120 possunt
753 3040 998 3103 rationabiliter
1011 3039 1066 3102 in·
1118 3049 1272 3113 eidemin
1287 3047 1489 3111 monasterio
1504 3045 1696 3124 supradicto
1708 3061 1783 3124 qnae
1793 3046 1900 3124 ipsum,

270 3143 425 3220 iungere,
454 3139 601 3202 audituri
624 3140 667 3212 ei,
693 3139 786 3200 selue
810 3154 871 3199 euu
899 3139 1015 3216 regule
1033 3139 1065 3200 ei
1118 3148 1171 3209 rel
1185 3145 1448 3225 praedecessores
1473 3159 1551 3206 suos
1573 3143 1607 3204 in
1621 3143 1827 3206 monasterio
1840 3143 1902 3218 ipso

272 3238 404 3300 ubbeiie
420 3237 472 3298 eui
485 3235 660 3298 chedeuiie
674 3235 794 3308 debite,
808 3236 984 3298 eeuuuiuii·
1001 3238 1066 3298 Pe·
1119 3247 1172 3308 rel
1186 3245 1221 3306 in
1234 3245 1360 3308 eisdem
1375 3241 1517 3306 abbatiis
1530 3243 1717 3306 constiterit
1740 3241 1902 3310 habuisse,

271 3337 325 3400 tiit
339 3337 476 3412 insuper
487 3349 529 3394 ne
540 3334 580 3394 de
593 3334 712 3395 caetero
725 3332 873 3395 facerent
882 3333 1012 3411 aliquos
1025 3333 1065 3394 de
1120 3359 1221 3422 super
1233 3343 1310 3405 anis
1323 3345 1519 3422 perpetuum
1529 3341 1562 3404 01
1577 3341 1749 3402 silentium
1759 3339 1904 3416 impona.

274 3429 1067 3507 senonennanvaeopraetermissocoram...0rn-
1120 3445 1163 3506 ns
1185 3441 1400 3519 inpraedacas
1429 3441 1594 3513 omnious,
1617 3437 1747 3500 sublato
1759 3435 1905 3515 apperu-

273 3532 352 3595 cicli
367 3528 1067 3606 ὃθῐὶθῐὶθΰ·111011191Ῐὸ00ΡὶθθῑΝθῐὶῑΐθᾶθθθ
1120 3541 1221 3602 tionis
1244 3539 1413 3602 obstaculo
1428 3537 1629 3615 processuri.
1655 3535 1767 3596 Nullis
1793 3531 1904 3594 litteris

273 3645 353 3692 rens
376 3629 453 3690 illos
480 3627 573 3705 prius
591 3625 711 3688 debere
724 3625 903 3687 convenire
917 3625 977 3687 sub
994 3623 1066 3702 ipso
1120 3636 1336 3709 obstantibus,
1354 3635 1382 3698 si
1397 3652 1470 3714 quae
1482 3633 1698 3712 apparuerint
1718 3634 1841 3709 praeter
1858 3643 1905 3690 as.

273 3743 372 3806 qnam
393 3742 505 3788 00i³m
529 3723 666 3786 Officiuii
682 3723 850 3800 1183111010,
868 3721 1066 3801 Slessifllihus
1121 3745 1255 3799 sensum
1268 3735 1444 3814 partiuma
1460 3729 1743 3809 SedeApostolica
1754 3729 1906 3806 impetra·

272 3826 379 3904 ipsius
396 3822 639 3900 archiepiscopi
650 3821 683 3882 et
692 3821 863 3882 hominnm
877 3835 916 3882 ac
931 3820 1066 3881 familiae
1120 3837 1175 3896 ιω,
1193 3833 1283 3906 Quod
1297 3833 1326 3895 31
1341 3849 1407 3894 non
1423 3847 1549 3903 omnes,
1565 3831 1626 3892 eto.
1639 3829 1758 3890 Datum
1776 3824 1904 3902 signia,

274 3939 345 3985 suae
365 3921 475 3984 causis
500 3920 672 3981 dumtaxat
696 3918 854 3995 exceptis.
871 3918 943 3980 Lite
964 3917 1068 3994 igitur
1121 3935 1165 3994 vp
1176 3931 1249 3993 idus
1259 3931 1359 4008 junii,
1374 3929 1584 4007 pontificatus
1606 3926 1713 3989 nostri
1728 3941 1819 3988 anno
1835 3937 1905 3998 sep.

275 4035 376 4098 super
399 4017 582 4097 praemissis
602 4031 715 4079 coram
736 4016 883 4093 praetatis
899 4015 1068 4094 judicibus
1122 4030 1215 4091 timo,

274 4117 424 4194 legitime
438 4115 633 4185 contestata,
649 4110 872 4194 et'lpartibus]
884 4113 1007 4176 auditis
1026 4111 1067 4173 ab

276 4215 414 4286 eisdem,
425 4213 555 4291 judices
571 4211 611 4272 de
624 4211 913 4289 utriusquepartis
929 4225 1068 4272 assensu

276 4329 413 4376 oausam
428 4311 533 4389 ipsam
549 4308 589 4370 ad
611 4323 752 4370 examen
770 4307 996 4386 apostolicum
1007 4323 1067 4370 re·
1433 4277 1605 4366 CXLVII

275 4411 449 4474 miserunt.
467 4408 551 4486 Ipsis
562 4422 641 4483 ergo
653 4405 771 4469 abbate
783 4406 817 4468 et
832 4405 1069 4505 archidiacono
1183 4433 1234 4493 Aa
1247 4430 1451 4494 conventum
1465 4430 1613 4490 ecclcsiae
1625 4427 1659 4488 S·
1677 4427 1854 4488 mam,

275 4511 440 4571 innostra
467 4505 644 4585 praesentia
666 4503 864 4573 constitutis,
887 4503 1068 4565 venerabi·
1431 4557 1473 4618 Ξ,
1518 4559 1533 4572 ,,
1547 4559 1615 4616 ¹²23

199 4682 203 4700 Ι
276 4607 342 4670 lem
357 4607 493 4669 fratrem
502 4607 651 4666 nostrum
662 4605 699 4662 P.
710 4601 1069 4678 Albanen.episcopum
1413 4561 1535 4633 ΗΜ
1618 4601 1624 4615 ·

278 4715 328 4775 eis
343 4713 494 4774 dedimus
519 4710 715 4772 auditorem·
739 4711 909 4785 Quumque
921 4707 994 4785 ipso
1009 4724 1069 4769 ar„
1125 4687 1202 4752 [Piot
1215 4684 1356 4738 Cartalalre
1365 4682 1519 4746 del’abbaye
1530 4682 1560 4732 de
1572 4679 1736 4768 S.·Trond,l,
1746 4679 1801 4740 lla,
1810 4694 1836 4732 n.
1849 4671 1906 4737 lit]

161 4838 165 4854 ,
278 4812 476 4874 chidiflssono
509 4807 642 4869 interim
668 4821 822 4882 regresso
849 4806 890 4868 ad
922 4807 1068 4884 propria,
1124 4793 1238 4854 lnhibct
1265 4807 1301 4850 ne
1327 4806 1378 4864 pro
1397 4789 1600 4848 advocatorum
1623 4787 1789 4846 monasterii
1815 4784 1907 4888 delicto

279 4925 340 4972 suo
354 4908 490 4985 propter
508 4905 571 4966 1100
590 4905 804 4980 procuratore
821 4903 949 4977 relicto,
964 4905 1070 4968 dictus
1160 4883 1233 4941 villae
1243 4879 1279 4939 ad
1291 4882 1384 4955 ipsum
1392 4875 1907 4954 pertinentesinterdictoeoclearasnca

278 5002 744 5086 episcopusinspexissetacta
752 5001 871 5078 judicii
881 5002 1068 5078 diligenter,
1159 4977 1364 5046 mmmmm·
1888 5081 1895 5094 Ι

278 5110 312 5170 et
323 5109 391 5169 tam
404 5105 477 5180 ipsa
492 5117 589 5180 quarn
601 5115 652 5173 ea,
664 5115 737 5176 quae
750 5101 861 5176 partes
871 5101 1072 5162 curaverunt
1164 5095 1331 5158 Honorius
1342 5093 1527 5172 episcopus,
1540 5103 1836 5152 servasservorum
1843 5089 1905 5155 Der,

276 5217 464 5285 proponere
484 5214 595 5262 coram
622 5199 706 5275 ipso,
735 5197 832 5259 nobis
860 5199 893 5260 et
914 5197 1070 5260 iratribus
1125 5195 1254 5256 dilectis
1267 5193 1345 5254 tiliis
1360 5189 1536 5254 conventui
1549 5188 1698 5251 ecclesiae
1713 5185 1827 5248 Sancti
1839 5185 1909 5244 Tru·

279 5302 405 5366 nostris
418 5299 562 5361 fideliter
585 5295 765 5368 retulisset,
789 5310 851 5357 nos
865 5294 1070 5357 attendentes
1125 5284 1909 5363 donis,Leodiensisdioecesis,salutemethpos·

281 5392 1072 5470 ecclesiarumconsuetudinesessesuperarchi·
1124 5390 1258 5453 tolicam
1271 5385 1543 5448 benedictionem.

281 5500 496 5562 diaconorum
512 5493 746 5573 jurisdictione
770 5491 930 5562 diversas,
947 5506 1021 5552 cum
1037 5490 1071 5550 in
1166 5491 1271 5560 Quum
1292 5481 1552 5560 anobispetitur
1565 5479 1653 5559 quod
1671 5479 1799 5557 justum
1822 5472 1909 5538 estet

280 5600 438 5661 hocoasu
466 5591 672 5654 nesciremus
698 5587 982 5661 consuetudinem,
1006 5603 1071 5665 qua
1126 5585 1312 5655 honestum,
1326 5583 1395 5645 tam
1415 5581 1511 5657 vigor
1532 5577 1698 5657 aequitatis
1719 5591 1817 5654 quam
1837 5569 1908 5634 ordo

280 5682 316 5761 in
330 5691 471 5758 abbatiis
486 5689 613 5752 ordinis
628 5687 758 5768 praelati
778 5687 972 5750 monasterii
994 5687 1070 5748 ute·
1126 5684 1231 5761 exigit
1244 5679 1395 5751 rationis,
1413 5677 1491 5740 utid
1503 5692 1563 5756 per
1576 5673 1833 5738 sollicitudinem
1843 5667 1909 5732 olit-
