<?xml version="1.0" encoding="UTF-8"?>
<!DOCTYPE html PUBLIC "-//W3C//DTD XHTML 1.0 Transitional//EN"
    "http://www.w3.org/TR/xhtml1/DTD/xhtml1-transitional.dtd">
<html xmlns="http://www.w3.org/1999/xhtml" xml:lang="en" lang="en">
 <head>
  <title>
</title>
<meta http-equiv="Content-Type" content="text/html;charset=utf-8" />
  <meta name='ocr-system' content='tesseract 3.04.00' />
  <meta name='ocr-capabilities' content='ocr_page ocr_carea ocr_par ocr_line ocrx_word'/>
</head>
<body>
  <div class='ocr_page' id='page_1' title='image "./mediiaevibiblio06bottgoog/mediiaevibiblio06bottgoog_0408.png"; bbox 0 0 4018 6320; ppageno 0'>
   <div class='ocr_carea' id='block_1_1' title="bbox 722 358 1133 478">
    <p class='ocr_par' dir='ltr' id='par_1_1' title="bbox 722 358 1133 478">
     <span class='ocr_line' id='line_1_1' title="bbox 722 358 1133 478; baseline -0.005 -10"><span class='ocrx_word' id='word_1_1' title='bbox 722 407 952 478; x_wconf 72' lang='lat' dir='ltr'><strong>anismam.</strong></span> <span class='ocrx_word' id='word_1_2' title='bbox 976 358 1054 476; x_wconf 64' lang='lat' dir='ltr'><strong>ira.</strong></span> <span class='ocrx_word' id='word_1_3' title='bbox 1078 409 1133 468; x_wconf 81' lang='lat' dir='ltr'><strong>rx.</strong></span> 
     </span>
    </p>
   </div>
   <div class='ocr_carea' id='block_1_2' title="bbox 429 576 587 662">
    <p class='ocr_par' dir='ltr' id='par_1_2' title="bbox 429 576 587 662">
     <span class='ocr_line' id='line_1_2' title="bbox 429 576 587 662; baseline 0 0"><span class='ocrx_word' id='word_1_4' title='bbox 429 576 587 662; x_wconf 81' lang='lat' dir='ltr'><strong>Lxxlx</strong></span> 
     </span>
    </p>
   </div>
   <div class='ocr_carea' id='block_1_3' title="bbox 170 721 842 792">
    <p class='ocr_par' dir='ltr' id='par_1_3' title="bbox 170 721 842 792">
     <span class='ocr_line' id='line_1_3' title="bbox 170 721 842 792; baseline -0.012 -10"><span class='ocrx_word' id='word_1_5' title='bbox 170 723 221 782; x_wconf 78' lang='lat' dir='ltr'><strong>Act</strong></span> <span class='ocrx_word' id='word_1_6' title='bbox 240 721 461 788; x_wconf 75' lang='lat' dir='ltr'><strong>Lemovicum,</strong></span> <span class='ocrx_word' id='word_1_7' title='bbox 477 721 697 780; x_wconf 78' lang='lat' dir='ltr'><strong>Francorum</strong></span> <span class='ocrx_word' id='word_1_8' title='bbox 714 730 842 792; x_wconf 76' lang='lat' dir='ltr'><strong>repam.</strong></span> 
     </span>
    </p>
   </div>
   <div class='ocr_carea' id='block_1_4' title="bbox 365 846 644 905">
    <p class='ocr_par' dir='ltr' id='par_1_4' title="bbox 365 846 644 905">
     <span class='ocr_line' id='line_1_4' title="bbox 365 846 644 905; baseline 0 -1"><span class='ocrx_word' id='word_1_9' title='bbox 365 848 399 905; x_wconf 77' lang='lat' dir='ltr'><strong>lb</strong></span> <span class='ocrx_word' id='word_1_10' title='bbox 414 846 547 904; x_wconf 90' lang='lat' dir='ltr'><strong>icbruarii</strong></span> <span class='ocrx_word' id='word_1_11' title='bbox 567 847 644 904; x_wconf 68' lang='lat' dir='ltr'><strong>litt.</strong></span> 
     </span>
    </p>
   </div>
   <div class='ocr_carea' id='block_1_5' title="bbox 134 969 872 1115">
    <p class='ocr_par' dir='ltr' id='par_1_5' title="bbox 134 969 872 1115">
     <span class='ocr_line' id='line_1_5' title="bbox 134 969 872 1038; baseline -0.005 -14"><span class='ocrx_word' id='word_1_12' title='bbox 134 974 280 1038; x_wconf 85' lang='lat' dir='ltr'><strong>[Bouquet,</strong></span> <span class='ocrx_word' id='word_1_13' title='bbox 293 973 352 1024; x_wconf 81' lang='lat' dir='ltr'><strong>lieo.</strong></span> <span class='ocrx_word' id='word_1_14' title='bbox 364 972 408 1022; x_wconf 89' lang='lat' dir='ltr'><strong>des</strong></span> <span class='ocrx_word' id='word_1_15' title='bbox 419 971 494 1030; x_wconf 56' lang='lat' dir='ltr'><strong>iliata,</strong></span> <span class='ocrx_word' id='word_1_16' title='bbox 504 971 572 1030; x_wconf 84' lang='lat' dir='ltr'><strong>xlx,</strong></span> <span class='ocrx_word' id='word_1_17' title='bbox 582 971 641 1030; x_wconf 66' lang='lat' dir='ltr'><strong>lom</strong></span> <span class='ocrx_word' id='word_1_18' title='bbox 656 971 764 1033; x_wconf 64' lang='lat' dir='ltr'><strong>Regest„</strong></span> <span class='ocrx_word' id='word_1_19' title='bbox 775 969 872 1028; x_wconf 82' lang='lat' dir='ltr'><strong>libili,</strong></span> 
     </span>
     <span class='ocr_line' id='line_1_6' title="bbox 431 1049 589 1115; baseline -0.006 -15"><span class='ocrx_word' id='word_1_20' title='bbox 431 1050 504 1115; x_wconf 81' lang='lat' dir='ltr'><strong>epist.</strong></span> <span class='ocrx_word' id='word_1_21' title='bbox 522 1049 589 1115; x_wconf 73' lang='lat' dir='ltr'><strong>tls]</strong></span> 
     </span>
    </p>
   </div>
   <div class='ocr_carea' id='block_1_6' title="bbox 99 1155 902 1394">
    <p class='ocr_par' dir='ltr' id='par_1_6' title="bbox 99 1155 902 1394">
     <span class='ocr_line' id='line_1_7' title="bbox 99 1155 902 1232; baseline -0.006 -16"><span class='ocrx_word' id='word_1_22' title='bbox 99 1162 269 1218; x_wconf 88' lang='lat' dir='ltr'><strong>Romanum</strong></span> <span class='ocrx_word' id='word_1_23' title='bbox 295 1158 389 1216; x_wconf 80' lang='lat' dir='ltr'>Sancti</span> <span class='ocrx_word' id='word_1_24' title='bbox 415 1158 519 1232; x_wconf 80' lang='lat' dir='ltr'><strong>Augeli</strong></span> <span class='ocrx_word' id='word_1_25' title='bbox 547 1155 700 1214; x_wconf 89' lang='lat' dir='ltr'><strong>diaconum</strong></span> <span class='ocrx_word' id='word_1_26' title='bbox 716 1155 902 1226; x_wconf 75' lang='lat' dir='ltr'><strong>cardinalem,</strong></span> 
     </span>
     <span class='ocr_line' id='line_1_8' title="bbox 138 1244 900 1320; baseline -0.005 -16"><span class='ocrx_word' id='word_1_27' title='bbox 138 1249 176 1304; x_wconf 82' lang='lat' dir='ltr'><strong>A.</strong></span> <span class='ocrx_word' id='word_1_28' title='bbox 195 1249 224 1304; x_wconf 88' lang='lat' dir='ltr'><strong>S.</strong></span> <span class='ocrx_word' id='word_1_29' title='bbox 236 1248 375 1320; x_wconf 82' lang='lat' dir='ltr'><strong>legatum,</strong></span> <span class='ocrx_word' id='word_1_30' title='bbox 391 1246 522 1318; x_wconf 89' lang='lat' dir='ltr'><strong>impense</strong></span> <span class='ocrx_word' id='word_1_31' title='bbox 536 1244 720 1302; x_wconf 88' lang='lat' dir='ltr'><strong>commendat</strong></span> <span class='ocrx_word' id='word_1_32' title='bbox 732 1245 795 1318; x_wconf 83' lang='lat' dir='ltr'><strong>regi</strong></span> <span class='ocrx_word' id='word_1_33' title='bbox 809 1244 900 1303; x_wconf 86' lang='lat' dir='ltr'><strong>bodo·</strong></span> 
     </span>
     <span class='ocr_line' id='line_1_9' title="bbox 138 1335 373 1394; baseline 0.004 -2"><span class='ocrx_word' id='word_1_34' title='bbox 138 1337 208 1394; x_wconf 89' lang='lat' dir='ltr'><strong>vico</strong></span> <span class='ocrx_word' id='word_1_35' title='bbox 221 1335 373 1394; x_wconf 88' lang='lat' dir='ltr'><strong>Honorius.</strong></span> 
     </span>
    </p>
   </div>
   <div class='ocr_carea' id='block_1_7' title="bbox 96 1469 905 2226">
    <p class='ocr_par' dir='ltr' id='par_1_7' title="bbox 97 1469 904 1738">
     <span class='ocr_line' id='line_1_10' title="bbox 142 1469 903 1548; baseline -0.004 -16"><span class='ocrx_word' id='word_1_36' title='bbox 142 1472 314 1532; x_wconf 90' lang='lat' dir='ltr'><strong>Honorius</strong></span> <span class='ocrx_word' id='word_1_37' title='bbox 323 1469 763 1548; x_wconf 87' lang='lat' dir='ltr'><strong>episcopus..,carissimoin</strong></span> <span class='ocrx_word' id='word_1_38' title='bbox 773 1469 903 1530; x_wconf 83' lang='lat' dir='ltr'><strong>Christo</strong></span> 
     </span>
     <span class='ocr_line' id='line_1_11' title="bbox 98 1565 904 1643; baseline -0.001 -15"><span class='ocrx_word' id='word_1_39' title='bbox 98 1569 174 1629; x_wconf 84' lang='lat' dir='ltr'><strong>filio</strong></span> <span class='ocrx_word' id='word_1_40' title='bbox 191 1569 370 1640; x_wconf 86' lang='lat' dir='ltr'><strong>Ludovico,</strong></span> <span class='ocrx_word' id='word_1_41' title='bbox 387 1567 459 1643; x_wconf 81' lang='lat' dir='ltr'><strong>regi</strong></span> <span class='ocrx_word' id='word_1_42' title='bbox 476 1569 678 1628; x_wconf 83' lang='lat' dir='ltr'>Francorum</span> <span class='ocrx_word' id='word_1_43' title='bbox 697 1565 830 1638; x_wconf 81' lang='lat' dir='ltr'><strong>illustri,</strong></span> <span class='ocrx_word' id='word_1_44' title='bbox 848 1582 904 1627; x_wconf 91' lang='lat' dir='ltr'><strong>sa-</strong></span> 
     </span>
     <span class='ocr_line' id='line_1_12' title="bbox 97 1667 795 1738; baseline -0.007 -11"><span class='ocrx_word' id='word_1_45' title='bbox 97 1668 222 1738; x_wconf 89' lang='lat' dir='ltr'><strong>lutern,</strong></span> <span class='ocrx_word' id='word_1_46' title='bbox 240 1667 301 1727; x_wconf 89' lang='lat' dir='ltr'><strong>eto.</strong></span> <span class='ocrx_word' id='word_1_47' title='bbox 792 1717 795 1722; x_wconf 16' lang='grc' dir='ltr'><strong>Α</strong></span> 
     </span>
    </p>

    <p class='ocr_par' dir='ltr' id='par_1_8' title="bbox 96 1761 905 2226">
     <span class='ocr_line' id='line_1_13' title="bbox 140 1761 901 1832; baseline -0.003 -9"><span class='ocrx_word' id='word_1_48' title='bbox 140 1765 238 1825; x_wconf 88' lang='lat' dir='ltr'><strong>Inter</strong></span> <span class='ocrx_word' id='word_1_49' title='bbox 265 1764 402 1825; x_wconf 83' lang='lat' dir='ltr'><strong>caeteros</strong></span> <span class='ocrx_word' id='word_1_50' title='bbox 429 1761 550 1824; x_wconf 80' lang='lat' dir='ltr'><strong>fraires</strong></span> <span class='ocrx_word' id='word_1_51' title='bbox 584 1764 716 1823; x_wconf 88' lang='lat' dir='ltr'><strong>nostros</strong></span> <span class='ocrx_word' id='word_1_52' title='bbox 752 1762 901 1832; x_wconf 79' lang='lat' dir='ltr'><strong>dilectae,</strong></span> 
     </span>
     <span class='ocr_line' id='line_1_14' title="bbox 97 1859 902 1935; baseline -0.002 -13"><span class='ocrx_word' id='word_1_53' title='bbox 97 1863 195 1922; x_wconf 86' lang='lat' dir='ltr'><strong>tilius</strong></span> <span class='ocrx_word' id='word_1_54' title='bbox 220 1863 332 1924; x_wconf 90' lang='lat' dir='ltr'><strong>noster</strong></span> <span class='ocrx_word' id='word_1_55' title='bbox 352 1863 520 1922; x_wconf 84' lang='lat' dir='ltr'><strong>Romanus</strong></span> <span class='ocrx_word' id='word_1_56' title='bbox 545 1859 658 1922; x_wconf 87' lang='lat' dir='ltr'><strong>Sancti</strong></span> <span class='ocrx_word' id='word_1_57' title='bbox 680 1859 799 1935; x_wconf 75' lang='lat' dir='ltr'><strong>angeli</strong></span> <span class='ocrx_word' id='word_1_58' title='bbox 826 1861 902 1920; x_wconf 90' lang='lat' dir='ltr'><strong>dia-</strong></span> 
     </span>
     <span class='ocr_line' id='line_1_15' title="bbox 96 1957 903 2034; baseline -0.005 -14"><span class='ocrx_word' id='word_1_59' title='bbox 96 1975 210 2020; x_wconf 87' lang='lat' dir='ltr'><strong>conus</strong></span> <span class='ocrx_word' id='word_1_60' title='bbox 232 1959 426 2030; x_wconf 90' lang='lat' dir='ltr'><strong>cardinalis,</strong></span> <span class='ocrx_word' id='word_1_61' title='bbox 452 1959 612 2019; x_wconf 91' lang='lat' dir='ltr'><strong>bonorem</strong></span> <span class='ocrx_word' id='word_1_62' title='bbox 641 1960 735 2019; x_wconf 87' lang='lat' dir='ltr'><strong>tuum</strong></span> <span class='ocrx_word' id='word_1_63' title='bbox 764 1957 903 2034; x_wconf 89' lang='lat' dir='ltr'><strong>speciali</strong></span> 
     </span>
     <span class='ocr_line' id='line_1_16' title="bbox 97 2055 901 2132; baseline -0.005 -14"><span class='ocrx_word' id='word_1_64' title='bbox 97 2057 282 2118; x_wconf 85' lang='lat' dir='ltr'><strong>affectione</strong></span> <span class='ocrx_word' id='word_1_65' title='bbox 296 2057 431 2128; x_wconf 87' lang='lat' dir='ltr'><strong>zelatur,</strong></span> <span class='ocrx_word' id='word_1_66' title='bbox 449 2056 537 2116; x_wconf 88' lang='lat' dir='ltr'><strong>sicut</strong></span> <span class='ocrx_word' id='word_1_67' title='bbox 558 2057 591 2116; x_wconf 88' lang='lat' dir='ltr'><strong>et</strong></span> <span class='ocrx_word' id='word_1_68' title='bbox 610 2070 671 2116; x_wconf 89' lang='lat' dir='ltr'><strong>nos</strong></span> <span class='ocrx_word' id='word_1_69' title='bbox 694 2055 757 2132; x_wconf 92' lang='lat' dir='ltr'><strong>ipsi</strong></span> <span class='ocrx_word' id='word_1_70' title='bbox 780 2055 901 2116; x_wconf 90' lang='lat' dir='ltr'><strong>certis-</strong></span> 
     </span>
     <span class='ocr_line' id='line_1_17' title="bbox 98 2153 905 2226; baseline -0.004 -11"><span class='ocrx_word' id='word_1_71' title='bbox 98 2157 190 2216; x_wconf 89' lang='lat' dir='ltr'><strong>sime</strong></span> <span class='ocrx_word' id='word_1_72' title='bbox 215 2155 379 2226; x_wconf 84' lang='lat' dir='ltr'><strong>novimus,</strong></span> <span class='ocrx_word' id='word_1_73' title='bbox 397 2155 429 2215; x_wconf 88' lang='lat' dir='ltr'><strong>et</strong></span> <span class='ocrx_word' id='word_1_74' title='bbox 443 2153 557 2215; x_wconf 92' lang='lat' dir='ltr'><strong>nuncii</strong></span> <span class='ocrx_word' id='word_1_75' title='bbox 573 2153 621 2214; x_wconf 92' lang='lat' dir='ltr'><strong>tui</strong></span> <span class='ocrx_word' id='word_1_76' title='bbox 637 2153 715 2214; x_wconf 89' lang='lat' dir='ltr'><strong>sunl</strong></span> <span class='ocrx_word' id='word_1_77' title='bbox 728 2153 848 2213; x_wconf 89' lang='lat' dir='ltr'><strong>mullis</strong></span> <span class='ocrx_word' id='word_1_78' title='bbox 872 2153 905 2212; x_wconf 90' lang='lat' dir='ltr'><strong>et</strong></span> 
     </span>
    </p>
   </div>
   <div class='ocr_carea' id='block_1_8' title="bbox 98 2250 977 2328">
    <p class='ocr_par' dir='ltr' id='par_1_9' title="bbox 98 2250 977 2328">
     <span class='ocr_line' id='line_1_18' title="bbox 98 2250 977 2328; baseline -0.001 -16"><span class='ocrx_word' id='word_1_79' title='bbox 98 2251 317 2313; x_wconf 83' lang='lat' dir='ltr'><strong>evidentibus</strong></span> <span class='ocrx_word' id='word_1_80' title='bbox 357 2251 562 2327; x_wconf 82' lang='lat' dir='ltr'><strong>argumentis</strong></span> <span class='ocrx_word' id='word_1_81' title='bbox 598 2253 668 2328; x_wconf 90' lang='lat' dir='ltr'><strong>jam</strong></span> <span class='ocrx_word' id='word_1_82' title='bbox 713 2250 904 2326; x_wconf 83' lang='lat' dir='ltr'><strong>frequenter</strong></span> <span class='ocrx_word' id='word_1_83' title='bbox 975 2289 977 2294; x_wconf 32' lang='grc' dir='ltr'><strong><em>ι</em></strong></span> 
     </span>
    </p>
   </div>
   <div class='ocr_carea' id='block_1_9' title="bbox 97 2349 904 3680">
    <p class='ocr_par' dir='ltr' id='par_1_10' title="bbox 97 2349 904 3680">
     <span class='ocr_line' id='line_1_19' title="bbox 97 2349 903 2426; baseline -0.006 -15"><span class='ocrx_word' id='word_1_84' title='bbox 97 2351 248 2426; x_wconf 78' lang='lat' dir='ltr'><strong>experti.</strong></span> <span class='ocrx_word' id='word_1_85' title='bbox 265 2351 302 2409; x_wconf 92' lang='lat' dir='ltr'><strong>ln</strong></span> <span class='ocrx_word' id='word_1_86' title='bbox 315 2352 407 2410; x_wconf 89' lang='lat' dir='ltr'><strong>tuum</strong></span> <span class='ocrx_word' id='word_1_87' title='bbox 421 2349 524 2424; x_wconf 79' lang='lat' dir='ltr'><strong>igitur</strong></span> <span class='ocrx_word' id='word_1_88' title='bbox 537 2365 676 2424; x_wconf 87' lang='lat' dir='ltr'><strong>regnum</strong></span> <span class='ocrx_word' id='word_1_89' title='bbox 694 2349 726 2409; x_wconf 91' lang='lat' dir='ltr'><strong>et</strong></span> <span class='ocrx_word' id='word_1_90' title='bbox 741 2349 903 2409; x_wconf 90' lang='lat' dir='ltr'><strong>circums-</strong></span> 
     </span>
     <span class='ocr_line' id='line_1_20' title="bbox 98 2445 902 2523; baseline -0.004 -15"><span class='ocrx_word' id='word_1_91' title='bbox 98 2450 216 2508; x_wconf 89' lang='lat' dir='ltr'><strong>tantes</strong></span> <span class='ocrx_word' id='word_1_92' title='bbox 229 2449 338 2523; x_wconf 89' lang='lat' dir='ltr'><strong>partes</strong></span> <span class='ocrx_word' id='word_1_93' title='bbox 352 2447 507 2522; x_wconf 79' lang='lat' dir='ltr'><strong>legatum,</strong></span> <span class='ocrx_word' id='word_1_94' title='bbox 521 2448 659 2522; x_wconf 85' lang='lat' dir='ltr'><strong>urgente</strong></span> <span class='ocrx_word' id='word_1_95' title='bbox 671 2445 902 2522; x_wconf 80' lang='lat' dir='ltr'><strong>multiplicium</strong></span> 
     </span>
     <span class='ocr_line' id='line_1_21' title="bbox 100 2543 903 2621; baseline -0.002 -15"><span class='ocrx_word' id='word_1_96' title='bbox 100 2545 321 2621; x_wconf 81' lang='lat' dir='ltr'><strong>negotiorum</strong></span> <span class='ocrx_word' id='word_1_97' title='bbox 354 2545 563 2615; x_wconf 88' lang='lat' dir='ltr'><strong>necessitate,</strong></span> <span class='ocrx_word' id='word_1_98' title='bbox 600 2543 747 2613; x_wconf 85' lang='lat' dir='ltr'><strong>missuri,</strong></span> <span class='ocrx_word' id='word_1_99' title='bbox 780 2543 903 2605; x_wconf 90' lang='lat' dir='ltr'><strong>dictum</strong></span> 
     </span>
     <span class='ocr_line' id='line_1_22' title="bbox 98 2641 900 2718; baseline -0.005 -14"><span class='ocrx_word' id='word_1_100' title='bbox 98 2643 312 2704; x_wconf 85' lang='lat' dir='ltr'><strong>cardinalem</strong></span> <span class='ocrx_word' id='word_1_101' title='bbox 330 2642 410 2702; x_wconf 89' lang='lat' dir='ltr'><strong>illuc</strong></span> <span class='ocrx_word' id='word_1_102' title='bbox 433 2642 638 2718; x_wconf 82' lang='lat' dir='ltr'><strong>providimus</strong></span> <span class='ocrx_word' id='word_1_103' title='bbox 659 2641 900 2714; x_wconf 89' lang='lat' dir='ltr'><strong>destinandum,</strong></span> 
     </span>
     <span class='ocr_line' id='line_1_23' title="bbox 98 2739 904 2816; baseline 0 -16"><span class='ocrx_word' id='word_1_104' title='bbox 98 2743 137 2802; x_wconf 91' lang='lat' dir='ltr'><strong>ut</strong></span> <span class='ocrx_word' id='word_1_105' title='bbox 151 2742 190 2800; x_wconf 93' lang='lat' dir='ltr'><strong>in</strong></span> <span class='ocrx_word' id='word_1_106' title='bbox 205 2741 270 2801; x_wconf 92' lang='lat' dir='ltr'><strong>hoc</strong></span> <span class='ocrx_word' id='word_1_107' title='bbox 283 2753 413 2816; x_wconf 87' lang='lat' dir='ltr'><strong>quoqne</strong></span> <span class='ocrx_word' id='word_1_108' title='bbox 428 2755 610 2815; x_wconf 79' lang='lat' dir='ltr'><strong>cognoscas</strong></span> <span class='ocrx_word' id='word_1_109' title='bbox 626 2755 723 2816; x_wconf 89' lang='lat' dir='ltr'><strong>quam</strong></span> <span class='ocrx_word' id='word_1_110' title='bbox 736 2741 778 2800; x_wconf 88' lang='lat' dir='ltr'><strong>ad</strong></span> <span class='ocrx_word' id='word_1_111' title='bbox 793 2742 826 2801; x_wconf 92' lang='lat' dir='ltr'><strong>te</strong></span> <span class='ocrx_word' id='word_1_112' title='bbox 841 2739 904 2800; x_wconf 90' lang='lat' dir='ltr'><strong>ba-</strong></span> 
     </span>
     <span class='ocr_line' id='line_1_24' title="bbox 98 2835 903 2914; baseline -0.005 -14"><span class='ocrx_word' id='word_1_113' title='bbox 98 2839 244 2900; x_wconf 89' lang='lat' dir='ltr'><strong>beamus</strong></span> <span class='ocrx_word' id='word_1_114' title='bbox 280 2837 516 2898; x_wconf 89' lang='lat' dir='ltr'><strong>abundantiam</strong></span> <span class='ocrx_word' id='word_1_115' title='bbox 550 2835 710 2898; x_wconf 85' lang='lat' dir='ltr'><strong>caritatis.</strong></span> <span class='ocrx_word' id='word_1_116' title='bbox 761 2837 903 2914; x_wconf 88' lang='lat' dir='ltr'><strong>ideoque</strong></span> 
     </span>
     <span class='ocr_line' id='line_1_25' title="bbox 99 2921 904 3010; baseline -0.005 -12"><span class='ocrx_word' id='word_1_117' title='bbox 99 2935 327 2998; x_wconf 75' lang='lat' dir='ltr'><strong>Serenitatem</strong></span> <span class='ocrx_word' id='word_1_118' title='bbox 342 2921 433 2996; x_wconf 86' lang='lat' dir='ltr'><strong>tuam</strong></span> <span class='ocrx_word' id='word_1_119' title='bbox 446 2951 601 3010; x_wconf 77' lang='lat' dir='ltr'><strong>rogamus</strong></span> <span class='ocrx_word' id='word_1_120' title='bbox 614 2935 773 2996; x_wconf 88' lang='lat' dir='ltr'><strong>attentius</strong></span> <span class='ocrx_word' id='word_1_121' title='bbox 787 2937 819 2996; x_wconf 87' lang='lat' dir='ltr'><strong>et</strong></span> <span class='ocrx_word' id='word_1_122' title='bbox 828 2935 904 2995; x_wconf 90' lang='lat' dir='ltr'><strong>hor·</strong></span> 
     </span>
     <span class='ocr_line' id='line_1_26' title="bbox 98 3032 902 3109; baseline -0.004 -14"><span class='ocrx_word' id='word_1_123' title='bbox 98 3032 902 3109; x_wconf 81' lang='lat' dir='ltr'><strong>tamur,qnatenusipsumtamquamhpostolicae</strong></span> 
     </span>
     <span class='ocr_line' id='line_1_27' title="bbox 100 3129 902 3205; baseline -0.005 -13"><span class='ocrx_word' id='word_1_124' title='bbox 100 3132 202 3192; x_wconf 85' lang='lat' dir='ltr'><strong>Sedis</strong></span> <span class='ocrx_word' id='word_1_125' title='bbox 229 3129 386 3204; x_wconf 80' lang='lat' dir='ltr'><strong>legatum,</strong></span> <span class='ocrx_word' id='word_1_126' title='bbox 415 3129 515 3190; x_wconf 89' lang='lat' dir='ltr'><strong>immo</strong></span> <span class='ocrx_word' id='word_1_127' title='bbox 543 3129 656 3190; x_wconf 85' lang='lat' dir='ltr'><strong>verius</strong></span> <span class='ocrx_word' id='word_1_128' title='bbox 680 3145 741 3190; x_wconf 90' lang='lat' dir='ltr'><strong>nos</strong></span> <span class='ocrx_word' id='word_1_129' title='bbox 769 3129 902 3205; x_wconf 91' lang='lat' dir='ltr'><strong>inipso</strong></span> 
     </span>
     <span class='ocr_line' id='line_1_28' title="bbox 98 3227 901 3304; baseline -0.002 -16"><span class='ocrx_word' id='word_1_130' title='bbox 98 3241 227 3289; x_wconf 89' lang='lat' dir='ltr'><strong>sereno</strong></span> <span class='ocrx_word' id='word_1_131' title='bbox 239 3227 332 3288; x_wconf 83' lang='lat' dir='ltr'><strong>vultu</strong></span> <span class='ocrx_word' id='word_1_132' title='bbox 352 3227 507 3304; x_wconf 71' lang='lat' dir='ltr'><strong>recipias</strong></span> <span class='ocrx_word' id='word_1_133' title='bbox 527 3227 623 3303; x_wconf 86' lang='lat' dir='ltr'><strong>eique</strong></span> <span class='ocrx_word' id='word_1_134' title='bbox 641 3227 775 3302; x_wconf 80' lang='lat' dir='ltr'><strong>dignam</strong></span> <span class='ocrx_word' id='word_1_135' title='bbox 790 3227 901 3287; x_wconf 93' lang='lat' dir='ltr'><strong>hono-</strong></span> 
     </span>
     <span class='ocr_line' id='line_1_29' title="bbox 97 3323 903 3386; baseline -0.004 0"><span class='ocrx_word' id='word_1_136' title='bbox 97 3323 306 3386; x_wconf 79' lang='lat' dir='ltr'><strong>rificentiam</strong></span> <span class='ocrx_word' id='word_1_137' title='bbox 322 3323 483 3384; x_wconf 80' lang='lat' dir='ltr'><strong>exhibens</strong></span> <span class='ocrx_word' id='word_1_138' title='bbox 505 3326 538 3385; x_wconf 86' lang='lat' dir='ltr'><strong>ei</strong></span> <span class='ocrx_word' id='word_1_139' title='bbox 559 3341 578 3384; x_wconf 89' lang='lat' dir='ltr'><strong>a</strong></span> <span class='ocrx_word' id='word_1_140' title='bbox 598 3324 665 3386; x_wconf 84' lang='lat' dir='ltr'><strong>tuis</strong></span> <span class='ocrx_word' id='word_1_141' title='bbox 680 3323 807 3384; x_wconf 85' lang='lat' dir='ltr'><strong>iaciens</strong></span> <span class='ocrx_word' id='word_1_142' title='bbox 823 3323 903 3384; x_wconf 91' lang='lat' dir='ltr'><strong>suh-</strong></span> 
     </span>
     <span class='ocr_line' id='line_1_30' title="bbox 98 3421 903 3498; baseline -0.004 -14"><span class='ocrx_word' id='word_1_143' title='bbox 98 3423 183 3484; x_wconf 88' lang='lat' dir='ltr'><strong>ditis</strong></span> <span class='ocrx_word' id='word_1_144' title='bbox 210 3421 372 3492; x_wconf 84' lang='lat' dir='ltr'><strong>exhiberi,</strong></span> <span class='ocrx_word' id='word_1_145' title='bbox 395 3423 467 3498; x_wconf 89' lang='lat' dir='ltr'><strong>ejus</strong></span> <span class='ocrx_word' id='word_1_146' title='bbox 493 3421 682 3482; x_wconf 83' lang='lat' dir='ltr'><strong>salubribus</strong></span> <span class='ocrx_word' id='word_1_147' title='bbox 710 3422 845 3483; x_wconf 89' lang='lat' dir='ltr'><strong>monitis</strong></span> <span class='ocrx_word' id='word_1_148' title='bbox 872 3423 903 3482; x_wconf 92' lang='lat' dir='ltr'><strong>et</strong></span> 
     </span>
     <span class='ocr_line' id='line_1_31' title="bbox 99 3519 902 3595; baseline -0.005 -13"><span class='ocrx_word' id='word_1_149' title='bbox 99 3519 260 3582; x_wconf 88' lang='lat' dir='ltr'><strong>consiliis</strong></span> <span class='ocrx_word' id='word_1_150' title='bbox 273 3520 321 3580; x_wconf 92' lang='lat' dir='ltr'><strong>sic</strong></span> <span class='ocrx_word' id='word_1_151' title='bbox 333 3520 526 3580; x_wconf 83' lang='lat' dir='ltr'><strong>reverenter</strong></span> <span class='ocrx_word' id='word_1_152' title='bbox 538 3519 703 3591; x_wconf 90' lang='lat' dir='ltr'><strong>intendas,</strong></span> <span class='ocrx_word' id='word_1_153' title='bbox 715 3519 800 3595; x_wconf 86' lang='lat' dir='ltr'><strong>qnod</strong></span> <span class='ocrx_word' id='word_1_154' title='bbox 815 3519 902 3580; x_wconf 91' lang='lat' dir='ltr'><strong>idem</strong></span> 
     </span>
     <span class='ocr_line' id='line_1_32' title="bbox 100 3615 903 3680; baseline -0.005 0"><span class='ocrx_word' id='word_1_155' title='bbox 100 3621 134 3680; x_wconf 92' lang='lat' dir='ltr'><strong>in</strong></span> <span class='ocrx_word' id='word_1_156' title='bbox 166 3617 347 3678; x_wconf 89' lang='lat' dir='ltr'><strong>dilectione</strong></span> <span class='ocrx_word' id='word_1_157' title='bbox 367 3617 427 3677; x_wconf 88' lang='lat' dir='ltr'><strong>tua</strong></span> <span class='ocrx_word' id='word_1_158' title='bbox 448 3617 488 3677; x_wconf 93' lang='lat' dir='ltr'><strong>de</strong></span> <span class='ocrx_word' id='word_1_159' title='bbox 510 3617 564 3678; x_wconf 92' lang='lat' dir='ltr'><strong>die</strong></span> <span class='ocrx_word' id='word_1_160' title='bbox 585 3618 621 3677; x_wconf 90' lang='lat' dir='ltr'><strong>in</strong></span> <span class='ocrx_word' id='word_1_161' title='bbox 642 3615 730 3678; x_wconf 90' lang='lat' dir='ltr'><strong>diem</strong></span> <span class='ocrx_word' id='word_1_162' title='bbox 752 3633 903 3678; x_wconf 88' lang='lat' dir='ltr'><strong>crescere</strong></span> 
     </span>
    </p>
   </div>
   <div class='ocr_carea' id='block_1_10' title="bbox 99 3755 903 5796">
    <p class='ocr_par' dir='ltr' id='par_1_11' title="bbox 99 3755 903 4952">
     <span class='ocr_line' id='line_1_33' title="bbox 100 3755 903 3831; baseline -0.006 -13"><span class='ocrx_word' id='word_1_163' title='bbox 100 3761 264 3827; x_wconf 76' lang='lat' dir='ltr'><strong>rubuerint,</strong></span> <span class='ocrx_word' id='word_1_164' title='bbox 291 3774 344 3814; x_wconf 89' lang='lat' dir='ltr'><strong>noc</strong></span> <span class='ocrx_word' id='word_1_165' title='bbox 375 3763 504 3831; x_wconf 84' lang='lat' dir='ltr'><strong>treugam</strong></span> <span class='ocrx_word' id='word_1_166' title='bbox 530 3759 575 3814; x_wconf 85' lang='lat' dir='ltr'><strong>vel</strong></span> <span class='ocrx_word' id='word_1_167' title='bbox 604 3773 702 3830; x_wconf 84' lang='lat' dir='ltr'><strong>pacem</strong></span> <span class='ocrx_word' id='word_1_168' title='bbox 727 3757 844 3815; x_wconf 87' lang='lat' dir='ltr'><strong>iecerint</strong></span> <span class='ocrx_word' id='word_1_169' title='bbox 868 3755 903 3813; x_wconf 93' lang='lat' dir='ltr'><strong>ad</strong></span> 
     </span>
     <span class='ocr_line' id='line_1_34' title="bbox 100 3829 902 3902; baseline -0.005 -14"><span class='ocrx_word' id='word_1_170' title='bbox 100 3831 275 3889; x_wconf 88' lang='lat' dir='ltr'><strong>mandatnm</strong></span> <span class='ocrx_word' id='word_1_171' title='bbox 286 3829 352 3886; x_wconf 90' lang='lat' dir='ltr'><strong>dieti</strong></span> <span class='ocrx_word' id='word_1_172' title='bbox 366 3831 453 3902; x_wconf 84' lang='lat' dir='ltr'><strong>regis.</strong></span> <span class='ocrx_word' id='word_1_173' title='bbox 466 3829 535 3898; x_wconf 82' lang='lat' dir='ltr'><strong>Quia</strong></span> <span class='ocrx_word' id='word_1_174' title='bbox 548 3845 617 3886; x_wconf 87' lang='lat' dir='ltr'><strong>vero</strong></span> <span class='ocrx_word' id='word_1_175' title='bbox 628 3843 749 3901; x_wconf 82' lang='lat' dir='ltr'><strong>mgnum</strong></span> <span class='ocrx_word' id='word_1_176' title='bbox 765 3841 902 3901; x_wconf 74' lang='lat' dir='ltr'><strong>magnum</strong></span> 
     </span>
     <span class='ocr_line' id='line_1_35' title="bbox 99 3900 900 3974; baseline -0.007 -14"><span class='ocrx_word' id='word_1_177' title='bbox 99 3911 146 3960; x_wconf 88' lang='lat' dir='ltr'><strong>est</strong></span> <span class='ocrx_word' id='word_1_178' title='bbox 169 3910 198 3959; x_wconf 88' lang='lat' dir='ltr'><strong>et</strong></span> <span class='ocrx_word' id='word_1_179' title='bbox 220 3915 341 3974; x_wconf 82' lang='lat' dir='ltr'><strong>magnos</strong></span> <span class='ocrx_word' id='word_1_180' title='bbox 359 3909 491 3972; x_wconf 87' lang='lat' dir='ltr'><strong>sumptus</strong></span> <span class='ocrx_word' id='word_1_181' title='bbox 510 3900 599 3972; x_wconf 85' lang='lat' dir='ltr'><strong>exigit</strong></span> <span class='ocrx_word' id='word_1_182' title='bbox 617 3907 645 3958; x_wconf 89' lang='lat' dir='ltr'><strong>et</strong></span> <span class='ocrx_word' id='word_1_183' title='bbox 663 3913 815 3972; x_wconf 84' lang='lat' dir='ltr'><strong>expensas,</strong></span> <span class='ocrx_word' id='word_1_184' title='bbox 837 3914 900 3970; x_wconf 87' lang='lat' dir='ltr'><strong>pro·</strong></span> 
     </span>
     <span class='ocr_line' id='line_1_36' title="bbox 99 3970 903 4044; baseline -0.005 -14"><span class='ocrx_word' id='word_1_185' title='bbox 99 3975 254 4040; x_wconf 87' lang='lat' dir='ltr'><strong>misimus,</strong></span> <span class='ocrx_word' id='word_1_186' title='bbox 284 3985 365 4029; x_wconf 90' lang='lat' dir='ltr'><strong>sacro</strong></span> <span class='ocrx_word' id='word_1_187' title='bbox 407 3971 582 4044; x_wconf 80' lang='lat' dir='ltr'><strong>approbante</strong></span> <span class='ocrx_word' id='word_1_188' title='bbox 619 3972 740 4028; x_wconf 91' lang='lat' dir='ltr'><strong>concilio</strong></span> <span class='ocrx_word' id='word_1_189' title='bbox 773 3970 903 4028; x_wconf 88' lang='lat' dir='ltr'><strong>Biturlcls</strong></span> 
     </span>
     <span class='ocr_line' id='line_1_37' title="bbox 99 4041 902 4125; baseline -0.005 -24"><span class='ocrx_word' id='word_1_190' title='bbox 99 4050 302 4116; x_wconf 78' lang='lat' dir='ltr'><strong>congregato,</strong></span> <span class='ocrx_word' id='word_1_191' title='bbox 324 4042 417 4098; x_wconf 88' lang='lat' dir='ltr'><strong>cidem</strong></span> <span class='ocrx_word' id='word_1_192' title='bbox 442 4043 504 4125; x_wconf 76' lang='lat' dir='ltr'><strong>regi</strong></span> <span class='ocrx_word' id='word_1_193' title='bbox 528 4041 595 4098; x_wconf 89' lang='lat' dir='ltr'><strong>dare</strong></span> <span class='ocrx_word' id='word_1_194' title='bbox 614 4041 756 4098; x_wconf 87' lang='lat' dir='ltr'><strong>decimam</strong></span> <span class='ocrx_word' id='word_1_195' title='bbox 775 4041 902 4098; x_wconf 89' lang='lat' dir='ltr'><strong>omnium</strong></span> 
     </span>
     <span class='ocr_line' id='line_1_38' title="bbox 102 4112 903 4196; baseline -0.006 -25"><span class='ocrx_word' id='word_1_196' title='bbox 102 4121 297 4187; x_wconf 81' lang='lat' dir='ltr'><strong>proventuum</strong></span> <span class='ocrx_word' id='word_1_197' title='bbox 328 4113 589 4169; x_wconf 78' lang='lat' dir='ltr'><strong>ecclesiasticorum</strong></span> <span class='ocrx_word' id='word_1_198' title='bbox 617 4112 771 4196; x_wconf 71' lang='lat' dir='ltr'><strong>legationis</strong></span> <span class='ocrx_word' id='word_1_199' title='bbox 799 4118 903 4168; x_wconf 77' lang='lat' dir='ltr'><strong>nostrae</strong></span> 
     </span>
     <span class='ocr_line' id='line_1_39' title="bbox 101 4181 900 4310; baseline -0.006 -67"><span class='ocrx_word' id='word_1_200' title='bbox 101 4200 198 4257; x_wconf 86' lang='lat' dir='ltr'><strong>usque</strong></span> <span class='ocrx_word' id='word_1_201' title='bbox 220 4185 254 4240; x_wconf 89' lang='lat' dir='ltr'><strong>ad</strong></span> <span class='ocrx_word' id='word_1_202' title='bbox 269 4184 504 4310; x_wconf 36' lang='lat' dir='ltr'><strong>Quinquennium,</strong></span> <span class='ocrx_word' id='word_1_203' title='bbox 520 4185 543 4240; x_wconf 90' lang='lat' dir='ltr'><strong>si</strong></span> <span class='ocrx_word' id='word_1_204' title='bbox 562 4193 708 4256; x_wconf 80' lang='lat' dir='ltr'><strong>negotium</strong></span> <span class='ocrx_word' id='word_1_205' title='bbox 724 4191 832 4240; x_wconf 88' lang='lat' dir='ltr'><strong>tautum</strong></span> <span class='ocrx_word' id='word_1_206' title='bbox 849 4181 900 4240; x_wconf 92' lang='lat' dir='ltr'><strong>du·</strong></span> 
     </span>
     <span class='ocr_line' id='line_1_40' title="bbox 100 4249 903 4326; baseline -0.006 -13"><span class='ocrx_word' id='word_1_207' title='bbox 100 4249 272 4324; x_wconf 66' lang='lat' dir='ltr'><strong>retorride</strong></span> <span class='ocrx_word' id='word_1_208' title='bbox 293 4255 365 4311; x_wconf 86' lang='lat' dir='ltr'><strong>uelis</strong></span> <span class='ocrx_word' id='word_1_209' title='bbox 380 4255 514 4325; x_wconf 86' lang='lat' dir='ltr'><strong>expensis</strong></span> <span class='ocrx_word' id='word_1_210' title='bbox 531 4254 586 4310; x_wconf 89' lang='lat' dir='ltr'><strong>illis</strong></span> <span class='ocrx_word' id='word_1_211' title='bbox 600 4270 664 4326; x_wconf 79' lang='lat' dir='ltr'><strong>quas</strong></span> <span class='ocrx_word' id='word_1_212' title='bbox 682 4251 852 4325; x_wconf 89' lang='lat' dir='ltr'><strong>proveniunt</strong></span> <span class='ocrx_word' id='word_1_213' title='bbox 867 4269 903 4309; x_wconf 89' lang='lat' dir='ltr'><strong>ex</strong></span> 
     </span>
     <span class='ocr_line' id='line_1_41' title="bbox 101 4325 901 4397; baseline -0.006 -13"><span class='ocrx_word' id='word_1_214' title='bbox 101 4329 220 4384; x_wconf 88' lang='lat' dir='ltr'><strong>cultura</strong></span> <span class='ocrx_word' id='word_1_215' title='bbox 244 4325 390 4382; x_wconf 87' lang='lat' dir='ltr'><strong>vinearum</strong></span> <span class='ocrx_word' id='word_1_216' title='bbox 415 4333 443 4381; x_wconf 91' lang='lat' dir='ltr'><strong>et</strong></span> <span class='ocrx_word' id='word_1_217' title='bbox 467 4339 612 4397; x_wconf 83' lang='lat' dir='ltr'><strong>agrorum.</strong></span> <span class='ocrx_word' id='word_1_218' title='bbox 640 4325 786 4380; x_wconf 86' lang='lat' dir='ltr'><strong>Decimam</strong></span> <span class='ocrx_word' id='word_1_219' title='bbox 806 4332 901 4381; x_wconf 92' lang='lat' dir='ltr'><strong>autem</strong></span> 
     </span>
     <span class='ocr_line' id='line_1_42' title="bbox 103 4393 900 4468; baseline -0.005 -14"><span class='ocrx_word' id='word_1_220' title='bbox 103 4400 186 4455; x_wconf 90' lang='lat' dir='ltr'><strong>illam</strong></span> <span class='ocrx_word' id='word_1_221' title='bbox 208 4397 315 4468; x_wconf 76' lang='lat' dir='ltr'><strong>praelati</strong></span> <span class='ocrx_word' id='word_1_222' title='bbox 335 4411 392 4451; x_wconf 89' lang='lat' dir='ltr'><strong>nou</strong></span> <span class='ocrx_word' id='word_1_223' title='bbox 411 4394 532 4464; x_wconf 87' lang='lat' dir='ltr'><strong>solvent,</strong></span> <span class='ocrx_word' id='word_1_224' title='bbox 553 4409 607 4452; x_wconf 93' lang='lat' dir='ltr'><strong>neo</strong></span> <span class='ocrx_word' id='word_1_225' title='bbox 626 4395 720 4452; x_wconf 91' lang='lat' dir='ltr'><strong>clerici</strong></span> <span class='ocrx_word' id='word_1_226' title='bbox 739 4395 775 4450; x_wconf 91' lang='lat' dir='ltr'><strong>de</strong></span> <span class='ocrx_word' id='word_1_227' title='bbox 795 4393 900 4450; x_wconf 83' lang='lat' dir='ltr'><strong>tamilla</strong></span> 
     </span>
     <span class='ocr_line' id='line_1_43' title="bbox 102 4463 899 4539; baseline -0.005 -13"><span class='ocrx_word' id='word_1_228' title='bbox 102 4484 169 4535; x_wconf 89' lang='lat' dir='ltr'><strong>sua,</strong></span> <span class='ocrx_word' id='word_1_229' title='bbox 191 4469 239 4538; x_wconf 84' lang='lat' dir='ltr'><strong>qrri</strong></span> <span class='ocrx_word' id='word_1_230' title='bbox 260 4467 445 4539; x_wconf 84' lang='lat' dir='ltr'><strong>personaliter</strong></span> <span class='ocrx_word' id='word_1_231' title='bbox 464 4466 491 4521; x_wconf 92' lang='lat' dir='ltr'><strong>in</strong></span> <span class='ocrx_word' id='word_1_232' title='bbox 512 4463 567 4522; x_wconf 92' lang='lat' dir='ltr'><strong>hoc</strong></span> <span class='ocrx_word' id='word_1_233' title='bbox 587 4466 703 4537; x_wconf 84' lang='lat' dir='ltr'><strong>negotio</strong></span> <span class='ocrx_word' id='word_1_234' title='bbox 721 4465 899 4532; x_wconf 86' lang='lat' dir='ltr'><strong>laborabunt,</strong></span> 
     </span>
     <span class='ocr_line' id='line_1_44' title="bbox 102 4535 901 4608; baseline -0.008 -10"><span class='ocrx_word' id='word_1_235' title='bbox 102 4555 161 4598; x_wconf 89' lang='lat' dir='ltr'><strong>nec</strong></span> <span class='ocrx_word' id='word_1_236' title='bbox 177 4538 225 4595; x_wconf 89' lang='lat' dir='ltr'><strong>alii</strong></span> <span class='ocrx_word' id='word_1_237' title='bbox 242 4553 314 4608; x_wconf 82' lang='lat' dir='ltr'><strong>quos</strong></span> <span class='ocrx_word' id='word_1_238' title='bbox 328 4553 380 4593; x_wconf 90' lang='lat' dir='ltr'><strong>nos</strong></span> <span class='ocrx_word' id='word_1_239' title='bbox 395 4543 423 4592; x_wconf 92' lang='lat' dir='ltr'><strong>et</strong></span> <span class='ocrx_word' id='word_1_240' title='bbox 440 4551 489 4592; x_wconf 90' lang='lat' dir='ltr'><strong>rex</strong></span> <span class='ocrx_word' id='word_1_241' title='bbox 503 4535 654 4608; x_wconf 83' lang='lat' dir='ltr'><strong>praedictus</strong></span> <span class='ocrx_word' id='word_1_242' title='bbox 673 4536 847 4608; x_wconf 85' lang='lat' dir='ltr'><strong>elegerimus</strong></span> <span class='ocrx_word' id='word_1_243' title='bbox 866 4536 901 4592; x_wconf 90' lang='lat' dir='ltr'><strong>ad</strong></span> 
     </span>
     <span class='ocr_line' id='line_1_45' title="bbox 101 4606 899 4734; baseline -0.005 -68"><span class='ocrx_word' id='word_1_244' title='bbox 101 4609 295 4682; x_wconf 86' lang='lat' dir='ltr'><strong>personaliter</strong></span> <span class='ocrx_word' id='word_1_245' title='bbox 322 4606 505 4665; x_wconf 89' lang='lat' dir='ltr'><strong>laborandum</strong></span> <span class='ocrx_word' id='word_1_246' title='bbox 531 4608 559 4662; x_wconf 91' lang='lat' dir='ltr'><strong>in</strong></span> <span class='ocrx_word' id='word_1_247' title='bbox 586 4607 703 4734; x_wconf 42' lang='lat' dir='ltr'><strong>nefiano</strong></span> <span class='ocrx_word' id='word_1_248' title='bbox 727 4607 899 4678; x_wconf 89' lang='lat' dir='ltr'><strong>supradicto.</strong></span> 
     </span>
     <span class='ocr_line' id='line_1_46' title="bbox 102 4677 901 4748; baseline -0.008 -9"><span class='ocrx_word' id='word_1_249' title='bbox 102 4685 168 4739; x_wconf 88' lang='lat' dir='ltr'><strong>Fici</strong></span> <span class='ocrx_word' id='word_1_250' title='bbox 188 4687 282 4736; x_wconf 89' lang='lat' dir='ltr'><strong>autem</strong></span> <span class='ocrx_word' id='word_1_251' title='bbox 303 4681 406 4735; x_wconf 90' lang='lat' dir='ltr'><strong>solutio</strong></span> <span class='ocrx_word' id='word_1_252' title='bbox 424 4677 543 4734; x_wconf 72' lang='lat' dir='ltr'><strong>decimas</strong></span> <span class='ocrx_word' id='word_1_253' title='bbox 568 4677 625 4734; x_wconf 91' lang='lat' dir='ltr'><strong>duo</strong></span> <span class='ocrx_word' id='word_1_254' title='bbox 646 4692 679 4733; x_wconf 87' lang='lat' dir='ltr'><strong>na</strong></span> <span class='ocrx_word' id='word_1_255' title='bbox 702 4678 830 4734; x_wconf 87' lang='lat' dir='ltr'><strong>terminis</strong></span> <span class='ocrx_word' id='word_1_256' title='bbox 851 4693 901 4748; x_wconf 92' lang='lat' dir='ltr'><strong>per</strong></span> 
     </span>
     <span class='ocr_line' id='line_1_47' title="bbox 101 4747 902 4816; baseline -0.009 -6"><span class='ocrx_word' id='word_1_257' title='bbox 101 4765 225 4816; x_wconf 90' lang='lat' dir='ltr'><strong>annum,</strong></span> <span class='ocrx_word' id='word_1_258' title='bbox 242 4749 374 4806; x_wconf 84' lang='lat' dir='ltr'><strong>videlicet</strong></span> <span class='ocrx_word' id='word_1_259' title='bbox 393 4749 421 4804; x_wconf 90' lang='lat' dir='ltr'><strong>iu</strong></span> <span class='ocrx_word' id='word_1_260' title='bbox 443 4747 514 4805; x_wconf 86' lang='lat' dir='ltr'><strong>lesio</strong></span> <span class='ocrx_word' id='word_1_261' title='bbox 534 4748 667 4805; x_wconf 90' lang='lat' dir='ltr'><strong>Omnium</strong></span> <span class='ocrx_word' id='word_1_262' title='bbox 691 4749 858 4805; x_wconf 89' lang='lat' dir='ltr'><strong>Sanctorum</strong></span> <span class='ocrx_word' id='word_1_263' title='bbox 873 4756 902 4804; x_wconf 91' lang='lat' dir='ltr'><strong>ct</strong></span> 
     </span>
     <span class='ocr_line' id='line_1_48' title="bbox 102 4819 901 4891; baseline -0.004 -13"><span class='ocrx_word' id='word_1_264' title='bbox 102 4827 130 4880; x_wconf 89' lang='lat' dir='ltr'><strong>ia</strong></span> <span class='ocrx_word' id='word_1_265' title='bbox 163 4820 289 4888; x_wconf 85' lang='lat' dir='ltr'><strong>Pascha,</strong></span> <span class='ocrx_word' id='word_1_266' title='bbox 316 4829 343 4876; x_wconf 90' lang='lat' dir='ltr'><strong>ct</strong></span> <span class='ocrx_word' id='word_1_267' title='bbox 367 4819 464 4890; x_wconf 89' lang='lat' dir='ltr'><strong>incipit</strong></span> <span class='ocrx_word' id='word_1_268' title='bbox 490 4820 578 4891; x_wconf 91' lang='lat' dir='ltr'><strong>prima</strong></span> <span class='ocrx_word' id='word_1_269' title='bbox 603 4819 705 4876; x_wconf 86' lang='lat' dir='ltr'><strong>solutio</strong></span> <span class='ocrx_word' id='word_1_270' title='bbox 728 4820 758 4876; x_wconf 92' lang='lat' dir='ltr'><strong>in</strong></span> <span class='ocrx_word' id='word_1_271' title='bbox 784 4819 901 4876; x_wconf 89' lang='lat' dir='ltr'><strong>instanti</strong></span> 
     </span>
     <span class='ocr_line' id='line_1_49' title="bbox 103 4893 520 4952; baseline -0.014 -2"><span class='ocrx_word' id='word_1_272' title='bbox 103 4895 177 4952; x_wconf 83' lang='lat' dir='ltr'><strong>testo</strong></span> <span class='ocrx_word' id='word_1_273' title='bbox 193 4893 327 4948; x_wconf 88' lang='lat' dir='ltr'><strong>Omnium</strong></span> <span class='ocrx_word' id='word_1_274' title='bbox 341 4893 520 4948; x_wconf 88' lang='lat' dir='ltr'><strong>Sanctorum.</strong></span> 
     </span>
    </p>

    <p class='ocr_par' dir='ltr' id='par_1_12' title="bbox 102 4961 901 5796">
     <span class='ocr_line' id='line_1_50' title="bbox 142 4961 901 5033; baseline 0.003 -19"><span class='ocrx_word' id='word_1_275' title='bbox 142 4987 153 5014; x_wconf 82' lang='grc' dir='ltr'><strong>ι</strong></span> <span class='ocrx_word' id='word_1_276' title='bbox 180 4964 319 5030; x_wconf 83' lang='lat' dir='ltr'><strong>Quocirca</strong></span> <span class='ocrx_word' id='word_1_277' title='bbox 345 4961 545 5019; x_wconf 74' lang='lat' dir='ltr'><strong>paternitatem</strong></span> <span class='ocrx_word' id='word_1_278' title='bbox 567 4967 691 5017; x_wconf 89' lang='lat' dir='ltr'><strong>vestram</strong></span> <span class='ocrx_word' id='word_1_279' title='bbox 714 4975 850 5033; x_wconf 83' lang='lat' dir='ltr'><strong>rogamus</strong></span> <span class='ocrx_word' id='word_1_280' title='bbox 873 4967 901 5016; x_wconf 92' lang='lat' dir='ltr'><strong>et</strong></span> 
     </span>
     <span class='ocr_line' id='line_1_51' title="bbox 102 5030 900 5104; baseline -0.006 -12"><span class='ocrx_word' id='word_1_281' title='bbox 102 5049 258 5092; x_wconf 86' lang='lat' dir='ltr'><strong>ruorrrmos</strong></span> <span class='ocrx_word' id='word_1_282' title='bbox 286 5033 435 5100; x_wconf 85' lang='lat' dir='ltr'><strong>attentius,</strong></span> <span class='ocrx_word' id='word_1_283' title='bbox 470 5047 524 5104; x_wconf 86' lang='lat' dir='ltr'><strong>qua</strong></span> <span class='ocrx_word' id='word_1_284' title='bbox 557 5030 702 5104; x_wconf 81' lang='lat' dir='ltr'><strong>fungimur</strong></span> <span class='ocrx_word' id='word_1_285' title='bbox 735 5031 900 5088; x_wconf 87' lang='lat' dir='ltr'><strong>auctoritate</strong></span> 
     </span>
     <span class='ocr_line' id='line_1_52' title="bbox 102 5103 897 5175; baseline -0.005 -13"><span class='ocrx_word' id='word_1_286' title='bbox 102 5105 290 5172; x_wconf 88' lang='lat' dir='ltr'><strong>mandantes,</strong></span> <span class='ocrx_word' id='word_1_287' title='bbox 321 5110 471 5175; x_wconf 81' lang='lat' dir='ltr'><strong>quatenus,</strong></span> <span class='ocrx_word' id='word_1_288' title='bbox 502 5103 805 5160; x_wconf 87' lang='lat' dir='ltr'><strong>excommunicationis</strong></span> <span class='ocrx_word' id='word_1_289' title='bbox 832 5117 897 5158; x_wconf 90' lang='lat' dir='ltr'><strong>sen·</strong></span> 
     </span>
     <span class='ocr_line' id='line_1_53' title="bbox 102 5171 897 5246; baseline -0.006 -13"><span class='ocrx_word' id='word_1_290' title='bbox 102 5177 210 5234; x_wconf 82' lang='lat' dir='ltr'><strong>tentius</strong></span> <span class='ocrx_word' id='word_1_291' title='bbox 235 5171 386 5246; x_wconf 84' lang='lat' dir='ltr'><strong>praediclas</strong></span> <span class='ocrx_word' id='word_1_292' title='bbox 407 5189 456 5244; x_wconf 90' lang='lat' dir='ltr'><strong>per</strong></span> <span class='ocrx_word' id='word_1_293' title='bbox 479 5181 602 5230; x_wconf 88' lang='lat' dir='ltr'><strong>vestram</strong></span> <span class='ocrx_word' id='word_1_294' title='bbox 619 5173 794 5244; x_wconf 86' lang='lat' dir='ltr'><strong>provinciam</strong></span> <span class='ocrx_word' id='word_1_295' title='bbox 810 5171 897 5228; x_wconf 86' lang='lat' dir='ltr'><strong>deno-</strong></span> 
     </span>
     <span class='ocr_line' id='line_1_54' title="bbox 102 5243 900 5317; baseline -0.006 -13"><span class='ocrx_word' id='word_1_296' title='bbox 102 5248 208 5304; x_wconf 88' lang='lat' dir='ltr'><strong>minari</strong></span> <span class='ocrx_word' id='word_1_297' title='bbox 246 5246 357 5317; x_wconf 88' lang='lat' dir='ltr'><strong>publice</strong></span> <span class='ocrx_word' id='word_1_298' title='bbox 390 5243 545 5312; x_wconf 84' lang='lat' dir='ltr'><strong>facientes,</strong></span> <span class='ocrx_word' id='word_1_299' title='bbox 575 5245 693 5300; x_wconf 87' lang='lat' dir='ltr'><strong>verbum</strong></span> <span class='ocrx_word' id='word_1_300' title='bbox 725 5244 818 5300; x_wconf 92' lang='lat' dir='ltr'><strong>crocis</strong></span> <span class='ocrx_word' id='word_1_301' title='bbox 850 5259 900 5316; x_wconf 89' lang='lat' dir='ltr'><strong>per</strong></span> 
     </span>
     <span class='ocr_line' id='line_1_55' title="bbox 102 5314 896 5391; baseline -0.006 -15"><span class='ocrx_word' id='word_1_302' title='bbox 102 5331 244 5391; x_wconf 88' lang='lat' dir='ltr'><strong>personas</strong></span> <span class='ocrx_word' id='word_1_303' title='bbox 262 5315 399 5372; x_wconf 88' lang='lat' dir='ltr'><strong>discretas</strong></span> <span class='ocrx_word' id='word_1_304' title='bbox 415 5321 444 5371; x_wconf 88' lang='lat' dir='ltr'><strong>ct</strong></span> <span class='ocrx_word' id='word_1_305' title='bbox 460 5315 607 5380; x_wconf 80' lang='lat' dir='ltr'><strong>litteratae,</strong></span> <span class='ocrx_word' id='word_1_306' title='bbox 622 5329 675 5372; x_wconf 90' lang='lat' dir='ltr'><strong>nec</strong></span> <span class='ocrx_word' id='word_1_307' title='bbox 685 5314 814 5372; x_wconf 90' lang='lat' dir='ltr'><strong>ecclesiis</strong></span> <span class='ocrx_word' id='word_1_308' title='bbox 829 5329 896 5376; x_wconf 88' lang='lat' dir='ltr'><strong>one-</strong></span> 
     </span>
     <span class='ocr_line' id='line_1_56' title="bbox 102 5383 899 5457; baseline -0.005 -12"><span class='ocrx_word' id='word_1_309' title='bbox 102 5405 196 5456; x_wconf 87' lang='lat' dir='ltr'><strong>rosas,</strong></span> <span class='ocrx_word' id='word_1_310' title='bbox 214 5389 240 5442; x_wconf 90' lang='lat' dir='ltr'><strong>iu</strong></span> <span class='ocrx_word' id='word_1_311' title='bbox 264 5386 363 5444; x_wconf 85' lang='lat' dir='ltr'><strong>cadem</strong></span> <span class='ocrx_word' id='word_1_312' title='bbox 387 5384 532 5457; x_wconf 76' lang='lat' dir='ltr'><strong>praedicari</strong></span> <span class='ocrx_word' id='word_1_313' title='bbox 555 5383 666 5441; x_wconf 78' lang='lat' dir='ltr'><strong>faciatis</strong></span> <span class='ocrx_word' id='word_1_314' title='bbox 685 5402 690 5442; x_wconf 93' lang='lat'>:</span> <span class='ocrx_word' id='word_1_315' title='bbox 710 5385 899 5442; x_wconf 87' lang='lat' dir='ltr'><strong>concodentes</strong></span> 
     </span>
     <span class='ocr_line' id='line_1_57' title="bbox 102 5455 898 5528; baseline -0.005 -12"><span class='ocrx_word' id='word_1_316' title='bbox 102 5463 158 5517; x_wconf 91' lang='lat' dir='ltr'><strong>illis</strong></span> <span class='ocrx_word' id='word_1_317' title='bbox 173 5458 322 5516; x_wconf 84' lang='lat' dir='ltr'><strong>catholicis</strong></span> <span class='ocrx_word' id='word_1_318' title='bbox 335 5457 393 5528; x_wconf 85' lang='lat' dir='ltr'><strong>qui,</strong></span> <span class='ocrx_word' id='word_1_319' title='bbox 407 5457 499 5512; x_wconf 89' lang='lat' dir='ltr'><strong>crucis</strong></span> <span class='ocrx_word' id='word_1_320' title='bbox 515 5463 660 5528; x_wconf 90' lang='lat' dir='ltr'><strong>assumpto</strong></span> <span class='ocrx_word' id='word_1_321' title='bbox 675 5455 848 5522; x_wconf 90' lang='lat' dir='ltr'><strong>charactere,</strong></span> <span class='ocrx_word' id='word_1_322' title='bbox 864 5456 898 5512; x_wconf 94' lang='lat' dir='ltr'><strong>ad</strong></span> 
     </span>
     <span class='ocr_line' id='line_1_58' title="bbox 102 5526 898 5599; baseline -0.008 -11"><span class='ocrx_word' id='word_1_323' title='bbox 102 5531 305 5594; x_wconf 78' lang='lat' dir='ltr'><strong>exterminium</strong></span> <span class='ocrx_word' id='word_1_324' title='bbox 330 5526 496 5585; x_wconf 88' lang='lat' dir='ltr'><strong>eorumdem</strong></span> <span class='ocrx_word' id='word_1_325' title='bbox 527 5541 611 5599; x_wconf 87' lang='lat' dir='ltr'><strong>supra</strong></span> <span class='ocrx_word' id='word_1_326' title='bbox 641 5526 838 5583; x_wconf 76' lang='lat' dir='ltr'><strong>haereticorum</strong></span> <span class='ocrx_word' id='word_1_327' title='bbox 867 5541 898 5584; x_wconf 92' lang='lat' dir='ltr'><strong>se</strong></span> 
     </span>
     <span class='ocr_line' id='line_1_59' title="bbox 103 5595 896 5724; baseline -0.01 -64"><span class='ocrx_word' id='word_1_328' title='bbox 103 5597 290 5668; x_wconf 82' lang='lat' dir='ltr'><strong>accinxerint,</strong></span> <span class='ocrx_word' id='word_1_329' title='bbox 312 5607 340 5656; x_wconf 91' lang='lat' dir='ltr'><strong>et</strong></span> <span class='ocrx_word' id='word_1_330' title='bbox 359 5600 387 5656; x_wconf 92' lang='lat' dir='ltr'><strong>in</strong></span> <span class='ocrx_word' id='word_1_331' title='bbox 402 5599 534 5724; x_wconf 72' lang='lat' dir='ltr'><strong>personis</strong></span> <span class='ocrx_word' id='word_1_332' title='bbox 554 5598 675 5670; x_wconf 90' lang='lat' dir='ltr'><strong>propriis</strong></span> <span class='ocrx_word' id='word_1_333' title='bbox 699 5595 896 5666; x_wconf 84' lang='lat' dir='ltr'><strong>laboraverint,</strong></span> 
     </span>
     <span class='ocr_line' id='line_1_60' title="bbox 102 5667 894 5796; baseline -0.006 -68"><span class='ocrx_word' id='word_1_334' title='bbox 102 5683 129 5730; x_wconf 83' lang='lat' dir='ltr'><strong>et</strong></span> <span class='ocrx_word' id='word_1_335' title='bbox 142 5685 287 5744; x_wconf 83' lang='lat' dir='ltr'><strong>expensas</strong></span> <span class='ocrx_word' id='word_1_336' title='bbox 299 5667 399 5741; x_wconf 84' lang='lat' dir='ltr'><strong>[contu</strong></span> <span class='ocrx_word' id='word_1_337' title='bbox 413 5669 511 5741; x_wconf 71' lang='lat' dir='ltr'><strong>orintl,</strong></span> <span class='ocrx_word' id='word_1_338' title='bbox 524 5681 634 5725; x_wconf 90' lang='lat' dir='ltr'><strong>necnon</strong></span> <span class='ocrx_word' id='word_1_339' title='bbox 646 5676 674 5725; x_wconf 90' lang='lat' dir='ltr'><strong>et</strong></span> <span class='ocrx_word' id='word_1_340' title='bbox 685 5668 739 5724; x_wconf 92' lang='lat' dir='ltr'><strong>illis</strong></span> <span class='ocrx_word' id='word_1_341' title='bbox 751 5669 797 5796; x_wconf 57' lang='lat' dir='ltr'><strong>:lui</strong></span> <span class='ocrx_word' id='word_1_342' title='bbox 812 5667 894 5741; x_wconf 88' lang='lat' dir='ltr'><strong>[non]</strong></span> 
     </span>
    </p>
   </div>
   <div class='ocr_carea' id='block_1_11' title="bbox 102 5740 898 5817">
    <p class='ocr_par' dir='ltr' id='par_1_13' title="bbox 102 5740 898 5817">
     <span class='ocr_line' id='line_1_61' title="bbox 102 5740 898 5817; baseline -0.005 -17"><span class='ocrx_word' id='word_1_343' title='bbox 102 5747 130 5800; x_wconf 90' lang='lat' dir='ltr'><strong>iu</strong></span> <span class='ocrx_word' id='word_1_344' title='bbox 152 5741 283 5817; x_wconf 86' lang='lat' dir='ltr'><strong>personis</strong></span> <span class='ocrx_word' id='word_1_345' title='bbox 299 5741 420 5813; x_wconf 86' lang='lat' dir='ltr'><strong>propriis</strong></span> <span class='ocrx_word' id='word_1_346' title='bbox 434 5740 500 5796; x_wconf 90' lang='lat' dir='ltr'><strong>ilinc</strong></span> <span class='ocrx_word' id='word_1_347' title='bbox 514 5741 696 5802; x_wconf 83' lang='lat' dir='ltr'><strong>accesserint.</strong></span> <span class='ocrx_word' id='word_1_348' title='bbox 718 5753 748 5796; x_wconf 88' lang='lat' dir='ltr'><strong>se</strong></span> <span class='ocrx_word' id='word_1_349' title='bbox 790 5741 819 5796; x_wconf 90' lang='lat' dir='ltr'><strong>in</strong></span> <span class='ocrx_word' id='word_1_350' title='bbox 839 5741 898 5796; x_wconf 89' lang='lat' dir='ltr'><strong>suis</strong></span> 
     </span>
    </p>
   </div>
   <div class='ocr_carea' id='block_1_12' title="bbox 1690 411 1752 488">
    <p class='ocr_par' dir='ltr' id='par_1_14' title="bbox 1690 411 1752 488">
     <span class='ocr_line' id='line_1_62' title="bbox 1690 411 1752 488; baseline 0.016 -1"><span class='ocrx_word' id='word_1_351' title='bbox 1690 411 1752 488; x_wconf 53' lang='lat'><strong>7³6.</strong></span> 
     </span>
    </p>
   </div>
   <div class='ocr_carea' id='block_1_13' title="bbox 957 567 1752 934">
    <p class='ocr_par' dir='ltr' id='par_1_15' title="bbox 957 567 1752 934">
     <span class='ocr_line' id='line_1_63' title="bbox 957 567 1752 650; baseline 0.006 -21"><span class='ocrx_word' id='word_1_352' title='bbox 957 568 1120 638; x_wconf 89' lang='lat' dir='ltr'><strong>teneatur,</strong></span> <span class='ocrx_word' id='word_1_353' title='bbox 1137 567 1171 628; x_wconf 88' lang='lat' dir='ltr'><strong>et</strong></span> <span class='ocrx_word' id='word_1_354' title='bbox 1182 582 1253 642; x_wconf 90' lang='lat' dir='ltr'><strong>nos,</strong></span> <span class='ocrx_word' id='word_1_355' title='bbox 1268 569 1325 646; x_wconf 88' lang='lat' dir='ltr'><strong>qui</strong></span> <span class='ocrx_word' id='word_1_356' title='bbox 1338 584 1412 630; x_wconf 91' lang='lat' dir='ltr'><strong>eum</strong></span> <span class='ocrx_word' id='word_1_357' title='bbox 1426 570 1571 646; x_wconf 86' lang='lat' dir='ltr'><strong>quadam</strong></span> <span class='ocrx_word' id='word_1_358' title='bbox 1582 587 1752 650; x_wconf 81' lang='lat' dir='ltr'><strong>praeroga-</strong></span> 
     </span>
     <span class='ocr_line' id='line_1_64' title="bbox 957 665 1750 740; baseline 0.01 -16"><span class='ocrx_word' id='word_1_359' title='bbox 957 665 1027 726; x_wconf 85' lang='lat' dir='ltr'><strong>tiva</strong></span> <span class='ocrx_word' id='word_1_360' title='bbox 1048 665 1233 740; x_wconf 82' lang='lat' dir='ltr'><strong>diligimus,</strong></span> <span class='ocrx_word' id='word_1_361' title='bbox 1255 667 1404 728; x_wconf 87' lang='lat' dir='ltr'><strong>caritatis</strong></span> <span class='ocrx_word' id='word_1_362' title='bbox 1426 667 1633 730; x_wconf 89' lang='lat' dir='ltr'><strong>devotionem</strong></span> <span class='ocrx_word' id='word_1_363' title='bbox 1655 687 1750 734; x_wconf 91' lang='lat' dir='ltr'><strong>corn-</strong></span> 
     </span>
     <span class='ocr_line' id='line_1_65' title="bbox 958 763 1751 834; baseline 0.01 -12"><span class='ocrx_word' id='word_1_364' title='bbox 958 763 1115 824; x_wconf 89' lang='lat' dir='ltr'><strong>mendare</strong></span> <span class='ocrx_word' id='word_1_365' title='bbox 1134 763 1170 824; x_wconf 93' lang='lat' dir='ltr'><strong>in</strong></span> <span class='ocrx_word' id='word_1_366' title='bbox 1187 765 1327 826; x_wconf 89' lang='lat' dir='ltr'><strong>Domino</strong></span> <span class='ocrx_word' id='word_1_367' title='bbox 1342 765 1530 834; x_wconf 87' lang='lat' dir='ltr'><strong>debeamus.</strong></span> <span class='ocrx_word' id='word_1_368' title='bbox 1548 769 1666 829; x_wconf 87' lang='lat' dir='ltr'><strong>Datum</strong></span> <span class='ocrx_word' id='word_1_369' title='bbox 1685 771 1751 830; x_wconf 89' lang='lat' dir='ltr'><strong>La-</strong></span> 
     </span>
     <span class='ocr_line' id='line_1_66' title="bbox 957 859 1592 934; baseline 0.006 -12"><span class='ocrx_word' id='word_1_370' title='bbox 957 859 1078 932; x_wconf 88' lang='lat' dir='ltr'><strong>terani,</strong></span> <span class='ocrx_word' id='word_1_371' title='bbox 1095 863 1154 922; x_wconf 89' lang='lat' dir='ltr'><strong>XV</strong></span> <span class='ocrx_word' id='word_1_372' title='bbox 1169 861 1235 922; x_wconf 87' lang='lat' dir='ltr'><strong>kal.</strong></span> <span class='ocrx_word' id='word_1_373' title='bbox 1252 863 1375 934; x_wconf 90' lang='lat' dir='ltr'><strong>martii,</strong></span> <span class='ocrx_word' id='word_1_374' title='bbox 1393 879 1481 925; x_wconf 90' lang='lat' dir='ltr'><strong>anno</strong></span> <span class='ocrx_word' id='word_1_375' title='bbox 1493 879 1592 926; x_wconf 90' lang='lat' dir='ltr'><strong>nono.</strong></span> 
     </span>
    </p>
   </div>
   <div class='ocr_carea' id='block_1_14' title="bbox 958 997 1750 1364">
    <p class='ocr_par' dir='ltr' id='par_1_16' title="bbox 958 997 1750 1364">
     <span class='ocr_line' id='line_1_67' title="bbox 997 997 1750 1070; baseline 0.008 -14"><span class='ocrx_word' id='word_1_376' title='bbox 997 997 1144 1070; x_wconf 78' lang='lat' dir='ltr'><strong>Scripsit</strong></span> <span class='ocrx_word' id='word_1_377' title='bbox 1165 999 1201 1056; x_wconf 82' lang='lat' dir='ltr'><strong>to</strong></span> <span class='ocrx_word' id='word_1_378' title='bbox 1221 999 1378 1058; x_wconf 77' lang='lat' dir='ltr'><strong>carradam</strong></span> <span class='ocrx_word' id='word_1_379' title='bbox 1392 999 1466 1070; x_wconf 78' lang='lat' dir='ltr'><strong>scre</strong></span> <span class='ocrx_word' id='word_1_380' title='bbox 1481 1003 1620 1061; x_wconf 70' lang='lat' dir='ltr'><strong>modeim</strong></span> <span class='ocrx_word' id='word_1_381' title='bbox 1635 1003 1750 1062; x_wconf 88' lang='lat' dir='ltr'><strong>Hono-</strong></span> 
     </span>
     <span class='ocr_line' id='line_1_68' title="bbox 958 1091 1747 1173; baseline 0.011 -22"><span class='ocrx_word' id='word_1_382' title='bbox 958 1091 1029 1152; x_wconf 89' lang='lat' dir='ltr'><strong>rius</strong></span> <span class='ocrx_word' id='word_1_383' title='bbox 1048 1092 1309 1169; x_wconf 87' lang='lat' dir='ltr'><strong>archiepiscopis</strong></span> <span class='ocrx_word' id='word_1_384' title='bbox 1324 1095 1356 1155; x_wconf 92' lang='lat' dir='ltr'><strong>et</strong></span> <span class='ocrx_word' id='word_1_385' title='bbox 1371 1095 1545 1173; x_wconf 84' lang='lat' dir='ltr'><strong>episcopis,</strong></span> <span class='ocrx_word' id='word_1_386' title='bbox 1563 1097 1747 1171; x_wconf 89' lang='lat' dir='ltr'><strong>abbatibus,</strong></span> 
     </span>
     <span class='ocr_line' id='line_1_69' title="bbox 958 1189 1747 1270; baseline 0.01 -22"><span class='ocrx_word' id='word_1_387' title='bbox 958 1190 1124 1265; x_wconf 89' lang='lat' dir='ltr'><strong>prioribus</strong></span> <span class='ocrx_word' id='word_1_388' title='bbox 1134 1192 1166 1251; x_wconf 90' lang='lat' dir='ltr'><strong>et</strong></span> <span class='ocrx_word' id='word_1_389' title='bbox 1180 1189 1256 1250; x_wconf 90' lang='lat' dir='ltr'><strong>aliis</strong></span> <span class='ocrx_word' id='word_1_390' title='bbox 1270 1191 1487 1252; x_wconf 88' lang='lat' dir='ltr'><strong>ecclesiarum</strong></span> <span class='ocrx_word' id='word_1_391' title='bbox 1498 1195 1656 1270; x_wconf 86' lang='lat' dir='ltr'><strong>praelatis,</strong></span> <span class='ocrx_word' id='word_1_392' title='bbox 1668 1195 1747 1256; x_wconf 92' lang='lat' dir='ltr'><strong>ibid.</strong></span> 
     </span>
     <span class='ocr_line' id='line_1_70' title="bbox 958 1287 1549 1364; baseline 0.007 -17"><span class='ocrx_word' id='word_1_393' title='bbox 958 1287 1052 1364; x_wconf 88' lang='lat' dir='ltr'><strong>epist.</strong></span> <span class='ocrx_word' id='word_1_394' title='bbox 1071 1289 1237 1361; x_wconf 83' lang='lat' dir='ltr'>CLXXVI,</span> <span class='ocrx_word' id='word_1_395' title='bbox 1255 1287 1309 1349; x_wconf 92' lang='lat' dir='ltr'><strong>die</strong></span> <span class='ocrx_word' id='word_1_396' title='bbox 1326 1291 1363 1349; x_wconf 79' lang='lat'><strong>12</strong></span> <span class='ocrx_word' id='word_1_397' title='bbox 1377 1289 1549 1351; x_wconf 84' lang='lat' dir='ltr'><strong>februarii.</strong></span> 
     </span>
    </p>
   </div>
   <div class='ocr_carea' id='block_1_15' title="bbox 958 1422 1751 1890">
    <p class='ocr_par' dir='ltr' id='par_1_17' title="bbox 958 1422 1751 1890">
     <span class='ocr_line' id='line_1_71' title="bbox 997 1422 1748 1505; baseline 0.007 -21"><span class='ocrx_word' id='word_1_398' title='bbox 997 1425 1087 1484; x_wconf 84' lang='lat' dir='ltr'><strong>Item</strong></span> <span class='ocrx_word' id='word_1_399' title='bbox 1110 1422 1315 1500; x_wconf 89' lang='lat' dir='ltr'><strong>principibus</strong></span> <span class='ocrx_word' id='word_1_400' title='bbox 1342 1423 1457 1505; x_wconf 77' lang='lat' dir='ltr'><strong>Galliae</strong></span> <span class='ocrx_word' id='word_1_401' title='bbox 1480 1425 1577 1497; x_wconf 80' lang='lat' dir='ltr'><strong>viris,</strong></span> <span class='ocrx_word' id='word_1_402' title='bbox 1599 1425 1748 1500; x_wconf 70' lang='lat' dir='ltr'><strong>ducibus</strong></span> 
     </span>
     <span class='ocr_line' id='line_1_72' title="bbox 959 1519 1750 1593; baseline 0.008 -13"><span class='ocrx_word' id='word_1_403' title='bbox 959 1520 1144 1592; x_wconf 88' lang='lat' dir='ltr'><strong>comitibus,</strong></span> <span class='ocrx_word' id='word_1_404' title='bbox 1158 1519 1349 1593; x_wconf 84' lang='lat' dir='ltr'><strong>baronibus,</strong></span> <span class='ocrx_word' id='word_1_405' title='bbox 1364 1538 1492 1584; x_wconf 89' lang='lat' dir='ltr'><strong>necnon</strong></span> <span class='ocrx_word' id='word_1_406' title='bbox 1515 1526 1548 1585; x_wconf 89' lang='lat' dir='ltr'><strong>et</strong></span> <span class='ocrx_word' id='word_1_407' title='bbox 1566 1524 1750 1588; x_wconf 90' lang='lat' dir='ltr'><strong>rectoribus</strong></span> 
     </span>
     <span class='ocr_line' id='line_1_73' title="bbox 958 1619 1751 1684; baseline 0.005 -6"><span class='ocrx_word' id='word_1_408' title='bbox 958 1619 990 1680; x_wconf 87' lang='lat' dir='ltr'><strong>et</strong></span> <span class='ocrx_word' id='word_1_409' title='bbox 1016 1619 1226 1680; x_wconf 85' lang='lat' dir='ltr'><strong>comitatibus</strong></span> <span class='ocrx_word' id='word_1_410' title='bbox 1253 1620 1423 1682; x_wconf 79' lang='lat' dir='ltr'><strong>civitatum</strong></span> <span class='ocrx_word' id='word_1_411' title='bbox 1450 1625 1482 1682; x_wconf 92' lang='lat' dir='ltr'><strong>et</strong></span> <span class='ocrx_word' id='word_1_412' title='bbox 1509 1622 1693 1684; x_wconf 89' lang='lat' dir='ltr'><strong>castrorum</strong></span> <span class='ocrx_word' id='word_1_413' title='bbox 1715 1622 1751 1682; x_wconf 92' lang='lat' dir='ltr'><strong>in</strong></span> 
     </span>
     <span class='ocr_line' id='line_1_74' title="bbox 958 1717 1749 1792; baseline 0.003 -14"><span class='ocrx_word' id='word_1_414' title='bbox 958 1732 1060 1792; x_wconf 84' lang='lat' dir='ltr'><strong>regno</strong></span> <span class='ocrx_word' id='word_1_415' title='bbox 1084 1717 1236 1778; x_wconf 81' lang='lat' dir='ltr'><strong>Franciae</strong></span> <span class='ocrx_word' id='word_1_416' title='bbox 1260 1733 1300 1780; x_wconf 87' lang='lat' dir='ltr'><strong>ac</strong></span> <span class='ocrx_word' id='word_1_417' title='bbox 1319 1717 1354 1780; x_wconf 91' lang='lat' dir='ltr'><strong>in</strong></span> <span class='ocrx_word' id='word_1_418' title='bbox 1375 1719 1562 1792; x_wconf 82' lang='lat' dir='ltr'><strong>Provincia,</strong></span> <span class='ocrx_word' id='word_1_419' title='bbox 1581 1719 1655 1792; x_wconf 85' lang='lat' dir='ltr'><strong>eto,</strong></span> <span class='ocrx_word' id='word_1_420' title='bbox 1671 1718 1749 1780; x_wconf 91' lang='lat' dir='ltr'><strong>ibid.</strong></span> 
     </span>
     <span class='ocr_line' id='line_1_75' title="bbox 958 1815 1252 1890; baseline -0.01 -16"><span class='ocrx_word' id='word_1_421' title='bbox 958 1815 1053 1890; x_wconf 86' lang='lat' dir='ltr'><strong>epist.</strong></span> <span class='ocrx_word' id='word_1_422' title='bbox 1069 1816 1252 1879; x_wconf 84' lang='lat' dir='ltr'>CLXXVII.</span> 
     </span>
    </p>
   </div>
   <div class='ocr_carea' id='block_1_16' title="bbox 1052 2000 1657 2476">
    <p class='ocr_par' dir='ltr' id='par_1_18' title="bbox 1052 2000 1657 2476">
     <span class='ocr_line' id='line_1_76' title="bbox 1288 2000 1426 2091; baseline 0.007 -1"><span class='ocrx_word' id='word_1_423' title='bbox 1288 2000 1426 2091; x_wconf 86' lang='lat' dir='ltr'>LXXX</span> 
     </span>
     <span class='ocr_line' id='line_1_77' title="bbox 1052 2155 1657 2232; baseline 0 -18"><span class='ocrx_word' id='word_1_424' title='bbox 1052 2155 1102 2214; x_wconf 78' lang='lat' dir='ltr'><strong>Act</strong></span> <span class='ocrx_word' id='word_1_425' title='bbox 1119 2157 1305 2228; x_wconf 68' lang='lat' dir='ltr'><strong>Arcelacam,</strong></span> <span class='ocrx_word' id='word_1_426' title='bbox 1319 2171 1438 2232; x_wconf 77' lang='lat' dir='ltr'><strong>repcm</strong></span> <span class='ocrx_word' id='word_1_427' title='bbox 1453 2159 1657 2230; x_wconf 73' lang='lat' dir='ltr'><strong>Harapartoe.</strong></span> 
     </span>
     <span class='ocr_line' id='line_1_78' title="bbox 1218 2283 1493 2344; baseline -0.004 -2"><span class='ocrx_word' id='word_1_428' title='bbox 1218 2285 1252 2342; x_wconf 82' lang='lat' dir='ltr'><strong>lit</strong></span> <span class='ocrx_word' id='word_1_429' title='bbox 1266 2283 1400 2342; x_wconf 83' lang='lat' dir='ltr'><strong>februarii</strong></span> <span class='ocrx_word' id='word_1_430' title='bbox 1416 2287 1493 2344; x_wconf 73' lang='lat' dir='ltr'><strong>laia.</strong></span> 
     </span>
     <span class='ocr_line' id='line_1_79' title="bbox 1067 2407 1645 2476; baseline 0.002 -16"><span class='ocrx_word' id='word_1_431' title='bbox 1067 2407 1195 2472; x_wconf 61' lang='lat' dir='ltr'><strong>[Thaidem</strong></span> <span class='ocrx_word' id='word_1_432' title='bbox 1206 2409 1273 2460; x_wconf 90' lang='lat' dir='ltr'><strong>ldon.</strong></span> <span class='ocrx_word' id='word_1_433' title='bbox 1291 2410 1434 2476; x_wconf 77' lang='lat' dir='ltr'><strong>ilungariao,</strong></span> <span class='ocrx_word' id='word_1_434' title='bbox 1448 2412 1469 2472; x_wconf 90' lang='lat' dir='ltr'><strong>l,</strong></span> <span class='ocrx_word' id='word_1_435' title='bbox 1482 2410 1521 2469; x_wconf 78' lang='lat' dir='ltr'><strong>tt,</strong></span> <span class='ocrx_word' id='word_1_436' title='bbox 1536 2424 1562 2461; x_wconf 93' lang='lat' dir='ltr'><strong>n.</strong></span> <span class='ocrx_word' id='word_1_437' title='bbox 1579 2410 1645 2476; x_wconf 73' lang='lat' dir='ltr'><strong>lla]</strong></span> 
     </span>
    </p>
   </div>
   <div class='ocr_carea' id='block_1_17' title="bbox 959 2525 1750 2775">
    <p class='ocr_par' dir='ltr' id='par_1_19' title="bbox 959 2525 1750 2775">
     <span class='ocr_line' id='line_1_80' title="bbox 959 2525 1749 2602; baseline 0.005 -20"><span class='ocrx_word' id='word_1_438' title='bbox 959 2526 1100 2583; x_wconf 85' lang='lat' dir='ltr'><strong>Honorius</strong></span> <span class='ocrx_word' id='word_1_439' title='bbox 1117 2541 1148 2583; x_wconf 89' lang='lat' dir='ltr'><strong>se</strong></span> <span class='ocrx_word' id='word_1_440' title='bbox 1163 2541 1263 2600; x_wconf 89' lang='lat' dir='ltr'><strong>preces</strong></span> <span class='ocrx_word' id='word_1_441' title='bbox 1280 2525 1410 2596; x_wconf 81' lang='lat' dir='ltr'><strong>Andreae,</strong></span> <span class='ocrx_word' id='word_1_442' title='bbox 1427 2529 1505 2602; x_wconf 77' lang='lat' dir='ltr'><strong>regis</strong></span> <span class='ocrx_word' id='word_1_443' title='bbox 1519 2527 1682 2600; x_wconf 75' lang='lat' dir='ltr'><strong>hungariae,</strong></span> <span class='ocrx_word' id='word_1_444' title='bbox 1699 2543 1749 2586; x_wconf 84' lang='lat' dir='ltr'><strong>ex·</strong></span> 
     </span>
     <span class='ocr_line' id='line_1_81' title="bbox 994 2613 1750 2688; baseline 0.003 -16"><span class='ocrx_word' id='word_1_445' title='bbox 994 2613 1309 2688; x_wconf 87' lang='lat' dir='ltr'><strong>auditurumpromittlt,</strong></span> <span class='ocrx_word' id='word_1_446' title='bbox 1317 2624 1344 2672; x_wconf 90' lang='lat' dir='ltr'><strong>et</strong></span> <span class='ocrx_word' id='word_1_447' title='bbox 1356 2619 1386 2673; x_wconf 88' lang='lat' dir='ltr'><strong>F.</strong></span> <span class='ocrx_word' id='word_1_448' title='bbox 1397 2615 1750 2686; x_wconf 87' lang='lat' dir='ltr'><strong>custodemOrodiensem,</strong></span> 
     </span>
     <span class='ocr_line' id='line_1_82' title="bbox 995 2702 1621 2775; baseline 0.003 -17"><span class='ocrx_word' id='word_1_449' title='bbox 995 2709 1206 2773; x_wconf 89' lang='lat' dir='ltr'><strong>procuratorem</strong></span> <span class='ocrx_word' id='word_1_450' title='bbox 1216 2702 1346 2775; x_wconf 84' lang='lat' dir='ltr'><strong>regium,</strong></span> <span class='ocrx_word' id='word_1_451' title='bbox 1360 2703 1414 2774; x_wconf 90' lang='lat' dir='ltr'><strong>ipsi</strong></span> <span class='ocrx_word' id='word_1_452' title='bbox 1429 2703 1621 2760; x_wconf 89' lang='lat' dir='ltr'><strong>commendat.</strong></span> 
     </span>
    </p>
   </div>
   <div class='ocr_carea' id='block_1_18' title="bbox 957 2839 1829 3695">
    <p class='ocr_par' dir='ltr' id='par_1_20' title="bbox 957 2839 1748 3092">
     <span class='ocr_line' id='line_1_83' title="bbox 998 2839 1748 2914; baseline 0.003 -16"><span class='ocrx_word' id='word_1_453' title='bbox 998 2839 1665 2914; x_wconf 86' lang='lat' dir='ltr'><strong>Honoriusepiscopus,servusservorum</strong></span> <span class='ocrx_word' id='word_1_454' title='bbox 1677 2841 1748 2911; x_wconf 88' lang='lat' dir='ltr'><strong>Dei,</strong></span> 
     </span>
     <span class='ocr_line' id='line_1_84' title="bbox 957 2935 1748 3013; baseline 0.003 -18"><span class='ocrx_word' id='word_1_455' title='bbox 957 2935 1080 2996; x_wconf 86' lang='lat' dir='ltr'><strong>illustri</strong></span> <span class='ocrx_word' id='word_1_456' title='bbox 1094 2935 1166 3010; x_wconf 82' lang='lat' dir='ltr'><strong>regi</strong></span> <span class='ocrx_word' id='word_1_457' title='bbox 1179 2935 1371 3010; x_wconf 86' lang='lat' dir='ltr'><strong>Hungariae,</strong></span> <span class='ocrx_word' id='word_1_458' title='bbox 1398 2935 1539 2996; x_wconf 88' lang='lat' dir='ltr'><strong>salutem</strong></span> <span class='ocrx_word' id='word_1_459' title='bbox 1558 2937 1591 2997; x_wconf 90' lang='lat' dir='ltr'><strong>et</strong></span> <span class='ocrx_word' id='word_1_460' title='bbox 1604 2938 1748 3013; x_wconf 82' lang='lat' dir='ltr'><strong>Aposto-</strong></span> 
     </span>
     <span class='ocr_line' id='line_1_85' title="bbox 958 3031 1340 3092; baseline -0.003 -1"><span class='ocrx_word' id='word_1_461' title='bbox 958 3031 1340 3092; x_wconf 90' lang='lat' dir='ltr'><strong>licambenedictionem.</strong></span> 
     </span>
    </p>

    <p class='ocr_par' dir='ltr' id='par_1_21' title="bbox 957 3128 1829 3695">
     <span class='ocr_line' id='line_1_86' title="bbox 998 3128 1750 3204; baseline 0 -14"><span class='ocrx_word' id='word_1_462' title='bbox 998 3130 1159 3190; x_wconf 86' lang='lat' dir='ltr'><strong>Dilectum</strong></span> <span class='ocrx_word' id='word_1_463' title='bbox 1175 3128 1280 3189; x_wconf 85' lang='lat' dir='ltr'><strong>tilium</strong></span> <span class='ocrx_word' id='word_1_464' title='bbox 1299 3129 1494 3204; x_wconf 86' lang='lat' dir='ltr'><strong>magistrum</strong></span> <span class='ocrx_word' id='word_1_465' title='bbox 1510 3131 1558 3196; x_wconf 70' lang='lat' dir='ltr'><strong>ll„</strong></span> <span class='ocrx_word' id='word_1_466' title='bbox 1581 3130 1750 3190; x_wconf 88' lang='lat' dir='ltr'><strong>custodem</strong></span> 
     </span>
     <span class='ocr_line' id='line_1_87' title="bbox 958 3221 1829 3301; baseline 0 -13"><span class='ocrx_word' id='word_1_467' title='bbox 958 3221 1749 3301; x_wconf 85' lang='lat' dir='ltr'><strong>Orodieusem,clericnmetprocuratoremtuum</strong></span> <span class='ocrx_word' id='word_1_468' title='bbox 1827 3241 1829 3249; x_wconf 91' lang='lat'>·</span> 
     </span>
     <span class='ocr_line' id='line_1_88' title="bbox 957 3323 1750 3401; baseline -0.001 -14"><span class='ocrx_word' id='word_1_469' title='bbox 957 3326 1065 3387; x_wconf 89' lang='lat' dir='ltr'><strong>virum</strong></span> <span class='ocrx_word' id='word_1_470' title='bbox 1081 3325 1194 3401; x_wconf 90' lang='lat' dir='ltr'><strong>utique</strong></span> <span class='ocrx_word' id='word_1_471' title='bbox 1207 3324 1381 3400; x_wconf 87' lang='lat' dir='ltr'><strong>providum</strong></span> <span class='ocrx_word' id='word_1_472' title='bbox 1407 3325 1440 3385; x_wconf 91' lang='lat' dir='ltr'><strong>et</strong></span> <span class='ocrx_word' id='word_1_473' title='bbox 1463 3323 1652 3398; x_wconf 87' lang='lat' dir='ltr'><strong>discretum,</strong></span> <span class='ocrx_word' id='word_1_474' title='bbox 1676 3341 1750 3386; x_wconf 90' lang='lat' dir='ltr'><strong>cum</strong></span> 
     </span>
     <span class='ocr_line' id='line_1_89' title="bbox 958 3421 1750 3499; baseline -0.003 -16"><span class='ocrx_word' id='word_1_475' title='bbox 958 3423 1147 3484; x_wconf 88' lang='lat' dir='ltr'><strong>serenitatis</strong></span> <span class='ocrx_word' id='word_1_476' title='bbox 1161 3429 1227 3484; x_wconf 88' lang='lat' dir='ltr'><strong>tuae</strong></span> <span class='ocrx_word' id='word_1_477' title='bbox 1240 3421 1360 3482; x_wconf 89' lang='lat' dir='ltr'><strong>litteris</strong></span> <span class='ocrx_word' id='word_1_478' title='bbox 1376 3422 1417 3482; x_wconf 89' lang='lat' dir='ltr'><strong>ad</strong></span> <span class='ocrx_word' id='word_1_479' title='bbox 1442 3421 1558 3483; x_wconf 86' lang='lat' dir='ltr'><strong>Sedom</strong></span> <span class='ocrx_word' id='word_1_480' title='bbox 1578 3423 1750 3499; x_wconf 85' lang='lat' dir='ltr'><strong>Apostoli-</strong></span> 
     </span>
     <span class='ocr_line' id='line_1_90' title="bbox 958 3519 1748 3598; baseline -0.001 -16"><span class='ocrx_word' id='word_1_481' title='bbox 958 3537 1029 3582; x_wconf 87' lang='lat' dir='ltr'><strong>cam</strong></span> <span class='ocrx_word' id='word_1_482' title='bbox 1042 3520 1264 3591; x_wconf 89' lang='lat' dir='ltr'><strong>accedentem,</strong></span> <span class='ocrx_word' id='word_1_483' title='bbox 1276 3519 1622 3598; x_wconf 83' lang='lat' dir='ltr'><strong>benignerecipimus;</strong></span> <span class='ocrx_word' id='word_1_484' title='bbox 1639 3523 1671 3581; x_wconf 89' lang='lat' dir='ltr'><strong>et</strong></span> <span class='ocrx_word' id='word_1_485' title='bbox 1683 3521 1748 3592; x_wconf 87' lang='lat' dir='ltr'><strong>lris,</strong></span> 
     </span>
     <span class='ocr_line' id='line_1_91' title="bbox 958 3616 1750 3695; baseline 0.001 -17"><span class='ocrx_word' id='word_1_486' title='bbox 958 3617 1126 3695; x_wconf 88' lang='lat' dir='ltr'><strong>quaeidem</strong></span> <span class='ocrx_word' id='word_1_487' title='bbox 1140 3633 1253 3678; x_wconf 90' lang='lat' dir='ltr'><strong>coram</strong></span> <span class='ocrx_word' id='word_1_488' title='bbox 1274 3616 1370 3678; x_wconf 90' lang='lat' dir='ltr'><strong>nobis</strong></span> <span class='ocrx_word' id='word_1_489' title='bbox 1389 3633 1431 3677; x_wconf 81' lang='lat' dir='ltr'><strong>es</strong></span> <span class='ocrx_word' id='word_1_490' title='bbox 1448 3619 1609 3694; x_wconf 89' lang='lat' dir='ltr'><strong>parletna</strong></span> <span class='ocrx_word' id='word_1_491' title='bbox 1625 3633 1750 3695; x_wconf 89' lang='lat' dir='ltr'><strong>propo-</strong></span> 
     </span>
    </p>
   </div>
   <div class='ocr_carea' id='block_1_19' title="bbox 953 3756 1808 5742">
    <p class='ocr_par' dir='ltr' id='par_1_22' title="bbox 956 3756 1808 4610">
     <span class='ocr_line' id='line_1_92' title="bbox 957 3756 1748 3840; baseline 0 -24"><span class='ocrx_word' id='word_1_492' title='bbox 957 3759 1104 3816; x_wconf 82' lang='lat' dir='ltr'><strong>dumtaxat</strong></span> <span class='ocrx_word' id='word_1_493' title='bbox 1119 3757 1261 3840; x_wconf 82' lang='lat' dir='ltr'><strong>expensis,</strong></span> <span class='ocrx_word' id='word_1_494' title='bbox 1281 3757 1361 3830; x_wconf 82' lang='lat' dir='ltr'><strong>juxta</strong></span> <span class='ocrx_word' id='word_1_495' title='bbox 1377 3756 1539 3817; x_wconf 82' lang='lat' dir='ltr'><strong>facultatem</strong></span> <span class='ocrx_word' id='word_1_496' title='bbox 1559 3767 1587 3815; x_wconf 90' lang='lat' dir='ltr'><strong>et</strong></span> <span class='ocrx_word' id='word_1_497' title='bbox 1606 3759 1748 3830; x_wconf 85' lang='lat' dir='ltr'><strong>quantita·</strong></span> 
     </span>
     <span class='ocr_line' id='line_1_93' title="bbox 957 3828 1750 3898; baseline -0.001 -11"><span class='ocrx_word' id='word_1_498' title='bbox 957 3837 1014 3888; x_wconf 90' lang='lat' dir='ltr'><strong>tem</strong></span> <span class='ocrx_word' id='word_1_499' title='bbox 1032 3845 1124 3896; x_wconf 90' lang='lat' dir='ltr'><strong>suam,</strong></span> <span class='ocrx_word' id='word_1_500' title='bbox 1140 3843 1216 3886; x_wconf 85' lang='lat' dir='ltr'><strong>vrros</strong></span> <span class='ocrx_word' id='word_1_501' title='bbox 1233 3828 1351 3885; x_wconf 87' lang='lat' dir='ltr'><strong>idoneos</strong></span> <span class='ocrx_word' id='word_1_502' title='bbox 1363 3828 1633 3898; x_wconf 85' lang='lat' dir='ltr'><strong>demonstraverint,</strong></span> <span class='ocrx_word' id='word_1_503' title='bbox 1648 3837 1678 3887; x_wconf 90' lang='lat' dir='ltr'><strong>ut</strong></span> <span class='ocrx_word' id='word_1_504' title='bbox 1695 3829 1750 3886; x_wconf 89' lang='lat' dir='ltr'><strong>illis</strong></span> 
     </span>
     <span class='ocr_line' id='line_1_94' title="bbox 957 3899 1750 3984; baseline 0 -26"><span class='ocrx_word' id='word_1_505' title='bbox 957 3901 1085 3958; x_wconf 87' lang='lat' dir='ltr'><strong>similiter</strong></span> <span class='ocrx_word' id='word_1_506' title='bbox 1100 3901 1158 3971; x_wconf 88' lang='lat' dir='ltr'><strong>qui,</strong></span> <span class='ocrx_word' id='word_1_507' title='bbox 1177 3901 1242 3956; x_wconf 91' lang='lat' dir='ltr'><strong>licet</strong></span> <span class='ocrx_word' id='word_1_508' title='bbox 1261 3899 1290 3956; x_wconf 90' lang='lat' dir='ltr'><strong>in</strong></span> <span class='ocrx_word' id='word_1_509' title='bbox 1308 3899 1409 3959; x_wconf 88' lang='lat' dir='ltr'><strong>alienis</strong></span> <span class='ocrx_word' id='word_1_510' title='bbox 1424 3915 1569 3972; x_wconf 80' lang='lat' dir='ltr'><strong>experiare,</strong></span> <span class='ocrx_word' id='word_1_511' title='bbox 1585 3901 1614 3958; x_wconf 91' lang='lat' dir='ltr'><strong>in</strong></span> <span class='ocrx_word' id='word_1_512' title='bbox 1630 3901 1750 3984; x_wconf 86' lang='lat' dir='ltr'><strong>propriis</strong></span> 
     </span>
     <span class='ocr_line' id='line_1_95' title="bbox 957 3970 1750 4098; baseline -0.003 -68"><span class='ocrx_word' id='word_1_513' title='bbox 957 3978 1052 4030; x_wconf 90' lang='lat' dir='ltr'><strong>tamen</strong></span> <span class='ocrx_word' id='word_1_514' title='bbox 1065 3971 1195 4098; x_wconf 76' lang='lat' dir='ltr'><strong>personis</strong></span> <span class='ocrx_word' id='word_1_515' title='bbox 1210 3970 1436 4039; x_wconf 73' lang='lat' dir='ltr'><strong>accesserimus</strong></span> <span class='ocrx_word' id='word_1_516' title='bbox 1450 3971 1496 4027; x_wconf 93' lang='lat' dir='ltr'><strong>illa</strong></span> <span class='ocrx_word' id='word_1_517' title='bbox 1511 3970 1656 4044; x_wconf 86' lang='lat' dir='ltr'><strong>gaudeant</strong></span> <span class='ocrx_word' id='word_1_518' title='bbox 1669 3971 1750 4028; x_wconf 89' lang='lat' dir='ltr'><strong>lrber-</strong></span> 
     </span>
     <span class='ocr_line' id='line_1_96' title="bbox 958 4041 1748 4113; baseline -0.001 -13"><span class='ocrx_word' id='word_1_519' title='bbox 958 4049 1025 4105; x_wconf 86' lang='lat' dir='ltr'><strong>tate,</strong></span> <span class='ocrx_word' id='word_1_520' title='bbox 1042 4041 1061 4096; x_wconf 92' lang='lat' dir='ltr'><strong>il</strong></span> <span class='ocrx_word' id='word_1_521' title='bbox 1074 4055 1147 4112; x_wconf 81' lang='lat' dir='ltr'><strong>oque</strong></span> <span class='ocrx_word' id='word_1_522' title='bbox 1166 4041 1315 4112; x_wconf 84' lang='lat' dir='ltr'><strong>privilegio</strong></span> <span class='ocrx_word' id='word_1_523' title='bbox 1332 4041 1389 4096; x_wconf 88' lang='lat' dir='ltr'><strong>sint</strong></span> <span class='ocrx_word' id='word_1_524' title='bbox 1405 4041 1515 4110; x_wconf 91' lang='lat' dir='ltr'><strong>muniti,</strong></span> <span class='ocrx_word' id='word_1_525' title='bbox 1531 4057 1595 4113; x_wconf 76' lang='lat' dir='ltr'><strong>qum</strong></span> <span class='ocrx_word' id='word_1_526' title='bbox 1609 4042 1748 4099; x_wconf 88' lang='lat' dir='ltr'><strong>acceden-</strong></span> 
     </span>
     <span class='ocr_line' id='line_1_97' title="bbox 957 4111 1747 4172; baseline 0.003 -3"><span class='ocrx_word' id='word_1_527' title='bbox 957 4113 1031 4170; x_wconf 91' lang='lat' dir='ltr'><strong>tibus</strong></span> <span class='ocrx_word' id='word_1_528' title='bbox 1050 4113 1078 4168; x_wconf 92' lang='lat' dir='ltr'><strong>in</strong></span> <span class='ocrx_word' id='word_1_529' title='bbox 1098 4113 1191 4168; x_wconf 80' lang='lat' dir='ltr'><strong>Terrae</strong></span> <span class='ocrx_word' id='word_1_530' title='bbox 1211 4114 1321 4169; x_wconf 80' lang='lat' dir='ltr'><strong>Sanotae</strong></span> <span class='ocrx_word' id='word_1_531' title='bbox 1345 4111 1500 4169; x_wconf 86' lang='lat' dir='ltr'><strong>subsidium</strong></span> <span class='ocrx_word' id='word_1_532' title='bbox 1525 4113 1720 4172; x_wconf 87' lang='lat' dir='ltr'><strong>conceduntur</strong></span> <span class='ocrx_word' id='word_1_533' title='bbox 1740 4130 1747 4171; x_wconf 93' lang='lat'><strong>:</strong></span> 
     </span>
     <span class='ocr_line' id='line_1_98' title="bbox 957 4181 1747 4266; baseline 0.003 -26"><span class='ocrx_word' id='word_1_534' title='bbox 957 4183 1042 4266; x_wconf 77' lang='lat' dir='ltr'><strong>hujus</strong></span> <span class='ocrx_word' id='word_1_535' title='bbox 1058 4197 1171 4256; x_wconf 85' lang='lat' dir='ltr'><strong>quoque</strong></span> <span class='ocrx_word' id='word_1_536' title='bbox 1185 4181 1361 4240; x_wconf 88' lang='lat' dir='ltr'><strong>remissionis</strong></span> <span class='ocrx_word' id='word_1_537' title='bbox 1378 4183 1584 4240; x_wconf 84' lang='lat' dir='ltr'><strong>denunciantes</strong></span> <span class='ocrx_word' id='word_1_538' title='bbox 1603 4200 1667 4241; x_wconf 89' lang='lat' dir='ltr'><strong>esse</strong></span> <span class='ocrx_word' id='word_1_539' title='bbox 1682 4199 1747 4257; x_wconf 91' lang='lat' dir='ltr'><strong>par·</strong></span> 
     </span>
     <span class='ocr_line' id='line_1_99' title="bbox 958 4253 1808 4326; baseline -0.001 -15"><span class='ocrx_word' id='word_1_540' title='bbox 958 4257 1066 4326; x_wconf 84' lang='lat' dir='ltr'><strong>tlcrpes,</strong></span> <span class='ocrx_word' id='word_1_541' title='bbox 1090 4255 1168 4325; x_wconf 86' lang='lat' dir='ltr'><strong>juxta</strong></span> <span class='ocrx_word' id='word_1_542' title='bbox 1195 4254 1381 4325; x_wconf 83' lang='lat' dir='ltr'><strong>quantitatem</strong></span> <span class='ocrx_word' id='word_1_543' title='bbox 1406 4253 1522 4312; x_wconf 89' lang='lat' dir='ltr'><strong>subsidii</strong></span> <span class='ocrx_word' id='word_1_544' title='bbox 1543 4262 1571 4310; x_wconf 88' lang='lat' dir='ltr'><strong>et</strong></span> <span class='ocrx_word' id='word_1_545' title='bbox 1589 4254 1750 4312; x_wconf 88' lang='lat' dir='ltr'><strong>devotionis</strong></span> <span class='ocrx_word' id='word_1_546' title='bbox 1802 4287 1808 4298; x_wconf 91' lang='lat'><em>-</em></span> 
     </span>
     <span class='ocr_line' id='line_1_100' title="bbox 957 4323 1749 4398; baseline -0.003 -16"><span class='ocrx_word' id='word_1_547' title='bbox 957 4325 1100 4392; x_wconf 91' lang='lat' dir='ltr'><strong>allectum,</strong></span> <span class='ocrx_word' id='word_1_548' title='bbox 1124 4325 1172 4396; x_wconf 83' lang='lat' dir='ltr'><strong>qni</strong></span> <span class='ocrx_word' id='word_1_549' title='bbox 1194 4323 1230 4380; x_wconf 94' lang='lat' dir='ltr'><strong>ad</strong></span> <span class='ocrx_word' id='word_1_550' title='bbox 1252 4324 1470 4382; x_wconf 82' lang='lat' dir='ltr'><strong>arrhvcntionem</strong></span> <span class='ocrx_word' id='word_1_551' title='bbox 1492 4324 1618 4397; x_wconf 79' lang='lat' dir='ltr'><strong>praedicti</strong></span> <span class='ocrx_word' id='word_1_552' title='bbox 1638 4325 1749 4398; x_wconf 82' lang='lat' dir='ltr'><strong>negotii</strong></span> 
     </span>
     <span class='ocr_line' id='line_1_101' title="bbox 956 4393 1747 4467; baseline -0.003 -13"><span class='ocrx_word' id='word_1_553' title='bbox 956 4399 1022 4454; x_wconf 86' lang='lat' dir='ltr'><strong>lesu</strong></span> <span class='ocrx_word' id='word_1_554' title='bbox 1036 4395 1137 4454; x_wconf 86' lang='lat' dir='ltr'><strong>Christi</strong></span> <span class='ocrx_word' id='word_1_555' title='bbox 1158 4393 1194 4451; x_wconf 89' lang='lat' dir='ltr'><strong>de</strong></span> <span class='ocrx_word' id='word_1_556' title='bbox 1212 4394 1295 4452; x_wconf 90' lang='lat' dir='ltr'><strong>bonis</strong></span> <span class='ocrx_word' id='word_1_557' title='bbox 1313 4396 1372 4452; x_wconf 90' lang='lat' dir='ltr'><strong>suis</strong></span> <span class='ocrx_word' id='word_1_558' title='bbox 1390 4409 1518 4467; x_wconf 78' lang='lat' dir='ltr'><strong>congrue</strong></span> <span class='ocrx_word' id='word_1_559' title='bbox 1537 4396 1747 4465; x_wconf 88' lang='lat' dir='ltr'><strong>ministrabunt,</strong></span> 
     </span>
     <span class='ocr_line' id='line_1_102' title="bbox 956 4465 1745 4538; baseline -0.003 -14"><span class='ocrx_word' id='word_1_560' title='bbox 956 4475 1004 4524; x_wconf 88' lang='lat' dir='ltr'><strong>aut</strong></span> <span class='ocrx_word' id='word_1_561' title='bbox 1018 4467 1092 4524; x_wconf 87' lang='lat' dir='ltr'><strong>circa</strong></span> <span class='ocrx_word' id='word_1_562' title='bbox 1110 4466 1241 4536; x_wconf 79' lang='lat' dir='ltr'><strong>praedicta</strong></span> <span class='ocrx_word' id='word_1_563' title='bbox 1258 4465 1408 4524; x_wconf 87' lang='lat' dir='ltr'><strong>consilium</strong></span> <span class='ocrx_word' id='word_1_564' title='bbox 1431 4472 1461 4522; x_wconf 90' lang='lat' dir='ltr'><strong>et</strong></span> <span class='ocrx_word' id='word_1_565' title='bbox 1483 4466 1619 4522; x_wconf 85' lang='lat' dir='ltr'><strong>auxilium</strong></span> <span class='ocrx_word' id='word_1_566' title='bbox 1633 4467 1745 4538; x_wconf 90' lang='lat' dir='ltr'><strong>impen-</strong></span> 
     </span>
     <span class='ocr_line' id='line_1_103' title="bbox 956 4537 1210 4610; baseline -0.004 -16"><span class='ocrx_word' id='word_1_567' title='bbox 956 4537 1049 4595; x_wconf 92' lang='lat' dir='ltr'><strong>derint</strong></span> <span class='ocrx_word' id='word_1_568' title='bbox 1061 4539 1210 4610; x_wconf 88' lang='lat' dir='ltr'><strong>optimum.</strong></span> 
     </span>
    </p>

    <p class='ocr_par' dir='ltr' id='par_1_23' title="bbox 953 4606 1749 5742">
     <span class='ocr_line' id='line_1_104' title="bbox 993 4606 1745 4666; baseline 0.011 -8"><span class='ocrx_word' id='word_1_569' title='bbox 993 4609 1168 4664; x_wconf 77' lang='lat' dir='ltr'><strong>›llonemus</strong></span> <span class='ocrx_word' id='word_1_570' title='bbox 1180 4608 1266 4663; x_wconf 86' lang='lat' dir='ltr'><strong>etiam</strong></span> <span class='ocrx_word' id='word_1_571' title='bbox 1282 4606 1481 4664; x_wconf 87' lang='lat' dir='ltr'><strong>discretionem</strong></span> <span class='ocrx_word' id='word_1_572' title='bbox 1494 4615 1618 4664; x_wconf 81' lang='lat' dir='ltr'><strong>vestram</strong></span> <span class='ocrx_word' id='word_1_573' title='bbox 1635 4615 1662 4665; x_wconf 91' lang='lat' dir='ltr'><strong>et</strong></span> <span class='ocrx_word' id='word_1_574' title='bbox 1679 4607 1745 4666; x_wconf 93' lang='lat' dir='ltr'><strong>hor-</strong></span> 
     </span>
     <span class='ocr_line' id='line_1_105' title="bbox 955 4677 1745 4749; baseline 0.001 -14"><span class='ocrx_word' id='word_1_575' title='bbox 955 4686 1049 4736; x_wconf 89' lang='lat' dir='ltr'><strong>tamur</strong></span> <span class='ocrx_word' id='word_1_576' title='bbox 1065 4680 1094 4734; x_wconf 89' lang='lat' dir='ltr'><strong>in</strong></span> <span class='ocrx_word' id='word_1_577' title='bbox 1117 4679 1237 4736; x_wconf 88' lang='lat' dir='ltr'><strong>Domino</strong></span> <span class='ocrx_word' id='word_1_578' title='bbox 1258 4680 1325 4735; x_wconf 89' lang='lat' dir='ltr'><strong>lesu</strong></span> <span class='ocrx_word' id='word_1_579' title='bbox 1344 4677 1464 4745; x_wconf 85' lang='lat' dir='ltr'><strong>Christo,</strong></span> <span class='ocrx_word' id='word_1_580' title='bbox 1484 4687 1624 4749; x_wconf 85' lang='lat' dir='ltr'><strong>quatenus</strong></span> <span class='ocrx_word' id='word_1_581' title='bbox 1642 4679 1745 4738; x_wconf 84' lang='lat' dir='ltr'><strong>salira·</strong></span> 
     </span>
     <span class='ocr_line' id='line_1_106' title="bbox 955 4747 1745 4834; baseline 0.005 -28"><span class='ocrx_word' id='word_1_582' title='bbox 955 4765 1066 4832; x_wconf 79' lang='lat' dir='ltr'><strong>ganeos</strong></span> <span class='ocrx_word' id='word_1_583' title='bbox 1084 4757 1194 4806; x_wconf 86' lang='lat' dir='ltr'><strong>vestros</strong></span> <span class='ocrx_word' id='word_1_584' title='bbox 1214 4749 1248 4806; x_wconf 92' lang='lat' dir='ltr'><strong>ad</strong></span> <span class='ocrx_word' id='word_1_585' title='bbox 1269 4747 1430 4819; x_wconf 84' lang='lat' dir='ltr'><strong>hujusmodi</strong></span> <span class='ocrx_word' id='word_1_586' title='bbox 1453 4747 1554 4808; x_wconf 86' lang='lat' dir='ltr'><strong>Christi</strong></span> <span class='ocrx_word' id='word_1_587' title='bbox 1579 4749 1745 4834; x_wconf 87' lang='lat' dir='ltr'><strong>obsequium</strong></span> 
     </span>
     <span class='ocr_line' id='line_1_107' title="bbox 955 4819 1748 4906; baseline 0.004 -30"><span class='ocrx_word' id='word_1_588' title='bbox 955 4821 1090 4886; x_wconf 73' lang='lat' dir='ltr'><strong>invitetis</strong></span> <span class='ocrx_word' id='word_1_589' title='bbox 1103 4827 1133 4876; x_wconf 92' lang='lat' dir='ltr'><strong>ut</strong></span> <span class='ocrx_word' id='word_1_590' title='bbox 1145 4821 1260 4892; x_wconf 84' lang='lat' dir='ltr'><strong>signum</strong></span> <span class='ocrx_word' id='word_1_591' title='bbox 1276 4819 1367 4874; x_wconf 90' lang='lat' dir='ltr'><strong>crucis</strong></span> <span class='ocrx_word' id='word_1_592' title='bbox 1382 4827 1439 4876; x_wconf 90' lang='lat' dir='ltr'><strong>tam</strong></span> <span class='ocrx_word' id='word_1_593' title='bbox 1455 4835 1506 4877; x_wconf 84' lang='lat' dir='ltr'><strong>ros</strong></span> <span class='ocrx_word' id='word_1_594' title='bbox 1521 4837 1605 4893; x_wconf 91' lang='lat' dir='ltr'><strong>quarn</strong></span> <span class='ocrx_word' id='word_1_595' title='bbox 1621 4822 1748 4906; x_wconf 81' lang='lat' dir='ltr'><strong>episcopi</strong></span> 
     </span>
     <span class='ocr_line' id='line_1_108' title="bbox 955 4890 1744 4966; baseline 0.001 -19"><span class='ocrx_word' id='word_1_596' title='bbox 955 4892 1110 4962; x_wconf 88' lang='lat' dir='ltr'><strong>accipiatis.</strong></span> <span class='ocrx_word' id='word_1_597' title='bbox 1129 4905 1179 4962; x_wconf 93' lang='lat' dir='ltr'><strong>pro</strong></span> <span class='ocrx_word' id='word_1_598' title='bbox 1192 4903 1288 4946; x_wconf 87' lang='lat' dir='ltr'><strong>amore</strong></span> <span class='ocrx_word' id='word_1_599' title='bbox 1305 4890 1380 4946; x_wconf 92' lang='lat' dir='ltr'><strong>illius</strong></span> <span class='ocrx_word' id='word_1_600' title='bbox 1396 4891 1443 4961; x_wconf 89' lang='lat' dir='ltr'><strong>qui</strong></span> <span class='ocrx_word' id='word_1_601' title='bbox 1465 4891 1609 4963; x_wconf 88' lang='lat' dir='ltr'><strong>provehis</strong></span> <span class='ocrx_word' id='word_1_602' title='bbox 1624 4908 1744 4966; x_wconf 83' lang='lat' dir='ltr'><strong>sangar·</strong></span> 
     </span>
     <span class='ocr_line' id='line_1_109' title="bbox 955 4961 1747 5036; baseline 0.003 -18"><span class='ocrx_word' id='word_1_603' title='bbox 955 4977 1020 5018; x_wconf 90' lang='lat' dir='ltr'><strong>nem</strong></span> <span class='ocrx_word' id='word_1_604' title='bbox 1041 4977 1123 5017; x_wconf 92' lang='lat' dir='ltr'><strong>suum</strong></span> <span class='ocrx_word' id='word_1_605' title='bbox 1144 4961 1223 5018; x_wconf 89' lang='lat' dir='ltr'><strong>ludit.</strong></span> <span class='ocrx_word' id='word_1_606' title='bbox 1240 4962 1286 5018; x_wconf 84' lang='lat' dir='ltr'><strong>Sic</strong></span> <span class='ocrx_word' id='word_1_607' title='bbox 1300 4961 1376 5017; x_wconf 88' lang='lat' dir='ltr'><strong>euim</strong></span> <span class='ocrx_word' id='word_1_608' title='bbox 1395 4961 1533 5020; x_wconf 89' lang='lat' dir='ltr'><strong>studeatis</strong></span> <span class='ocrx_word' id='word_1_609' title='bbox 1548 4965 1575 5019; x_wconf 92' lang='lat' dir='ltr'><strong>in</strong></span> <span class='ocrx_word' id='word_1_610' title='bbox 1592 4963 1646 5021; x_wconf 93' lang='lat' dir='ltr'><strong>hoc</strong></span> <span class='ocrx_word' id='word_1_611' title='bbox 1660 4979 1747 5036; x_wconf 90' lang='lat' dir='ltr'><strong>opere</strong></span> 
     </span>
     <span class='ocr_line' id='line_1_110' title="bbox 954 5030 1746 5106; baseline 0.001 -17"><span class='ocrx_word' id='word_1_612' title='bbox 954 5033 1102 5090; x_wconf 89' lang='lat' dir='ltr'><strong>sollicitius</strong></span> <span class='ocrx_word' id='word_1_613' title='bbox 1121 5033 1256 5105; x_wconf 84' lang='lat' dir='ltr'><strong>vigilare,</strong></span> <span class='ocrx_word' id='word_1_614' title='bbox 1277 5030 1352 5104; x_wconf 86' lang='lat' dir='ltr'><strong>quod</strong></span> <span class='ocrx_word' id='word_1_615' title='bbox 1373 5033 1516 5103; x_wconf 88' lang='lat' dir='ltr'><strong>proximos</strong></span> <span class='ocrx_word' id='word_1_616' title='bbox 1536 5035 1597 5106; x_wconf 89' lang='lat' dir='ltr'><strong>lpse</strong></span> <span class='ocrx_word' id='word_1_617' title='bbox 1620 5035 1746 5092; x_wconf 90' lang='lat' dir='ltr'><strong>caritatis</strong></span> 
     </span>
     <span class='ocr_line' id='line_1_111' title="bbox 955 5101 1747 5175; baseline 0 -15"><span class='ocrx_word' id='word_1_618' title='bbox 955 5111 1056 5160; x_wconf 82' lang='lat' dir='ltr'><strong>vestrae</strong></span> <span class='ocrx_word' id='word_1_619' title='bbox 1067 5102 1151 5159; x_wconf 91' lang='lat' dir='ltr'><strong>ardor</strong></span> <span class='ocrx_word' id='word_1_620' title='bbox 1164 5101 1310 5171; x_wconf 88' lang='lat' dir='ltr'><strong>accendat,</strong></span> <span class='ocrx_word' id='word_1_621' title='bbox 1323 5117 1440 5174; x_wconf 80' lang='lat' dir='ltr'><strong>vosque,</strong></span> <span class='ocrx_word' id='word_1_622' title='bbox 1454 5111 1554 5175; x_wconf 80' lang='lat' dir='ltr'><strong>praeter</strong></span> <span class='ocrx_word' id='word_1_623' title='bbox 1568 5103 1651 5160; x_wconf 76' lang='lat' dir='ltr'><strong>bonae</strong></span> <span class='ocrx_word' id='word_1_624' title='bbox 1664 5103 1747 5161; x_wconf 78' lang='lat' dir='ltr'><strong>lamia</strong></span> 
     </span>
     <span class='ocr_line' id='line_1_112' title="bbox 954 5175 1745 5248; baseline -0.003 -14"><span class='ocrx_word' id='word_1_625' title='bbox 954 5175 1127 5242; x_wconf 86' lang='lat' dir='ltr'><strong>mercedem,</strong></span> <span class='ocrx_word' id='word_1_626' title='bbox 1137 5183 1273 5232; x_wconf 75' lang='lat' dir='ltr'><strong>aeternum</strong></span> <span class='ocrx_word' id='word_1_627' title='bbox 1290 5175 1390 5245; x_wconf 89' lang='lat' dir='ltr'><strong>positis</strong></span> <span class='ocrx_word' id='word_1_628' title='bbox 1401 5175 1549 5246; x_wconf 77' lang='lat' dir='ltr'><strong>praemium</strong></span> <span class='ocrx_word' id='word_1_629' title='bbox 1559 5183 1725 5248; x_wconf 86' lang='lat' dir='ltr'><strong>exspectare</strong></span> <span class='ocrx_word' id='word_1_630' title='bbox 1737 5192 1745 5232; x_wconf 91' lang='lat'><strong>:</strong></span> 
     </span>
     <span class='ocr_line' id='line_1_113' title="bbox 953 5244 1745 5317; baseline 0 -15"><span class='ocrx_word' id='word_1_631' title='bbox 953 5247 1077 5302; x_wconf 88' lang='lat' dir='ltr'><strong>scientes</strong></span> <span class='ocrx_word' id='word_1_632' title='bbox 1096 5245 1171 5316; x_wconf 85' lang='lat' dir='ltr'><strong>quod</strong></span> <span class='ocrx_word' id='word_1_633' title='bbox 1194 5244 1327 5317; x_wconf 87' lang='lat' dir='ltr'><strong>praelatus</strong></span> <span class='ocrx_word' id='word_1_634' title='bbox 1351 5260 1411 5310; x_wconf 85' lang='lat' dir='ltr'><strong>rex,</strong></span> <span class='ocrx_word' id='word_1_635' title='bbox 1434 5254 1497 5316; x_wconf 91' lang='lat' dir='ltr'><strong>post</strong></span> <span class='ocrx_word' id='word_1_636' title='bbox 1518 5245 1620 5302; x_wconf 87' lang='lat' dir='ltr'><strong>testum</strong></span> <span class='ocrx_word' id='word_1_637' title='bbox 1644 5248 1745 5304; x_wconf 84' lang='lat' dir='ltr'><strong>licsur·</strong></span> 
     </span>
     <span class='ocr_line' id='line_1_114' title="bbox 955 5315 1744 5388; baseline 0.001 -17"><span class='ocrx_word' id='word_1_638' title='bbox 955 5317 1088 5372; x_wconf 89' lang='lat' dir='ltr'><strong>rectionis</strong></span> <span class='ocrx_word' id='word_1_639' title='bbox 1105 5315 1260 5372; x_wconf 81' lang='lat' dir='ltr'><strong>llomioicm</strong></span> <span class='ocrx_word' id='word_1_640' title='bbox 1274 5317 1443 5387; x_wconf 90' lang='lat' dir='ltr'><strong>proximum,</strong></span> <span class='ocrx_word' id='word_1_641' title='bbox 1461 5316 1514 5372; x_wconf 89' lang='lat' dir='ltr'><strong>erit</strong></span> <span class='ocrx_word' id='word_1_642' title='bbox 1529 5317 1632 5374; x_wconf 84' lang='lat' dir='ltr'><strong>bituris</strong></span> <span class='ocrx_word' id='word_1_643' title='bbox 1647 5331 1744 5388; x_wconf 91' lang='lat' dir='ltr'><strong>porso-</strong></span> 
     </span>
     <span class='ocr_line' id='line_1_115' title="bbox 954 5385 1744 5460; baseline 0.001 -18"><span class='ocrx_word' id='word_1_644' title='bbox 954 5388 1055 5443; x_wconf 90' lang='lat' dir='ltr'><strong>nalitcr</strong></span> <span class='ocrx_word' id='word_1_645' title='bbox 1068 5401 1132 5443; x_wconf 92' lang='lat' dir='ltr'><strong>cum</strong></span> <span class='ocrx_word' id='word_1_646' title='bbox 1146 5387 1271 5443; x_wconf 86' lang='lat' dir='ltr'><strong>exercito</strong></span> <span class='ocrx_word' id='word_1_647' title='bbox 1284 5401 1346 5454; x_wconf 88' lang='lat' dir='ltr'><strong>suo,</strong></span> <span class='ocrx_word' id='word_1_648' title='bbox 1360 5385 1535 5442; x_wconf 89' lang='lat' dir='ltr'><strong>concedente</strong></span> <span class='ocrx_word' id='word_1_649' title='bbox 1549 5389 1617 5454; x_wconf 86' lang='lat' dir='ltr'><strong>Deo,</strong></span> <span class='ocrx_word' id='word_1_650' title='bbox 1634 5385 1700 5460; x_wconf 92' lang='lat' dir='ltr'><strong>prol</strong></span> <span class='ocrx_word' id='word_1_651' title='bbox 1734 5417 1744 5430; x_wconf 93' lang='lat'><strong>·</strong></span> 
     </span>
     <span class='ocr_line' id='line_1_116' title="bbox 953 5456 1748 5528; baseline 0 -14"><span class='ocrx_word' id='word_1_652' title='bbox 953 5465 1033 5514; x_wconf 88' lang='lat' dir='ltr'><strong>turus</strong></span> <span class='ocrx_word' id='word_1_653' title='bbox 1063 5457 1180 5513; x_wconf 88' lang='lat' dir='ltr'><strong>viriliter</strong></span> <span class='ocrx_word' id='word_1_654' title='bbox 1217 5465 1245 5512; x_wconf 89' lang='lat' dir='ltr'><strong>et</strong></span> <span class='ocrx_word' id='word_1_655' title='bbox 1280 5456 1432 5528; x_wconf 89' lang='lat' dir='ltr'><strong>prudenter</strong></span> <span class='ocrx_word' id='word_1_656' title='bbox 1464 5465 1561 5514; x_wconf 89' lang='lat' dir='ltr'><strong>contra</strong></span> <span class='ocrx_word' id='word_1_657' title='bbox 1598 5457 1748 5514; x_wconf 77' lang='lat' dir='ltr'><strong>haereticos</strong></span> 
     </span>
     <span class='ocr_line' id='line_1_117' title="bbox 953 5527 1744 5602; baseline -0.003 -16"><span class='ocrx_word' id='word_1_658' title='bbox 953 5543 985 5586; x_wconf 91' lang='lat' dir='ltr'><strong>su</strong></span> <span class='ocrx_word' id='word_1_659' title='bbox 1009 5527 1142 5595; x_wconf 84' lang='lat' dir='ltr'><strong>radiatos,</strong></span> <span class='ocrx_word' id='word_1_660' title='bbox 1161 5543 1269 5599; x_wconf 85' lang='lat' dir='ltr'><strong>nosque</strong></span> <span class='ocrx_word' id='word_1_661' title='bbox 1291 5528 1420 5584; x_wconf 88' lang='lat' dir='ltr'><strong>simililer</strong></span> <span class='ocrx_word' id='word_1_662' title='bbox 1439 5535 1506 5584; x_wconf 92' lang='lat' dir='ltr'><strong>tuuc</strong></span> <span class='ocrx_word' id='word_1_663' title='bbox 1523 5527 1626 5586; x_wconf 88' lang='lat' dir='ltr'><strong>ibidem</strong></span> <span class='ocrx_word' id='word_1_664' title='bbox 1648 5544 1744 5602; x_wconf 90' lang='lat' dir='ltr'><strong>perso-</strong></span> 
     </span>
     <span class='ocr_line' id='line_1_118' title="bbox 954 5545 1749 5671; baseline 0.001 -16"><span class='ocrx_word' id='word_1_665' title='bbox 954 5545 1054 5655; x_wconf 55' lang='lat' dir='ltr'><strong>naiitcr</strong></span> <span class='ocrx_word' id='word_1_666' title='bbox 1069 5599 1176 5655; x_wconf 90' lang='lat' dir='ltr'><strong>erimus</strong></span> <span class='ocrx_word' id='word_1_667' title='bbox 1190 5614 1254 5654; x_wconf 89' lang='lat' dir='ltr'><strong>curu</strong></span> <span class='ocrx_word' id='word_1_668' title='bbox 1269 5597 1380 5654; x_wconf 90' lang='lat' dir='ltr'><strong>eodem.</strong></span> <span class='ocrx_word' id='word_1_669' title='bbox 1396 5601 1497 5656; x_wconf 88' lang='lat' dir='ltr'><strong>Datum</strong></span> <span class='ocrx_word' id='word_1_670' title='bbox 1513 5600 1647 5671; x_wconf 89' lang='lat' dir='ltr'><strong>Parisios,</strong></span> <span class='ocrx_word' id='word_1_671' title='bbox 1665 5599 1749 5656; x_wconf 90' lang='lat' dir='ltr'><strong>nouis</strong></span> 
     </span>
     <span class='ocr_line' id='line_1_119' title="bbox 954 5668 1333 5742; baseline -0.021 -16"><span class='ocrx_word' id='word_1_672' title='bbox 954 5669 1086 5726; x_wconf 88' lang='lat' dir='ltr'><strong>lobruarii</strong></span> <span class='ocrx_word' id='word_1_673' title='bbox 1104 5668 1193 5742; x_wconf 90' lang='lat' dir='ltr'><strong>[anno</strong></span> <span class='ocrx_word' id='word_1_674' title='bbox 1210 5668 1302 5742; x_wconf 75' lang='lat' dir='ltr'><strong>lmoJ.</strong></span> <span class='ocrx_word' id='word_1_675' title='bbox 1323 5691 1333 5718; x_wconf 68' lang='grc' dir='ltr'><strong><em>ι</em></strong></span> 
     </span>
    </p>
   </div>
   <div class='ocr_carea' id='block_1_20' title="bbox 0 0 2014 6320">
    <p class='ocr_par' dir='ltr' id='par_1_24' title="bbox 0 0 2014 6320">
     <span class='ocr_line' id='line_1_120' title="bbox 0 0 2014 6320; baseline 0 0"><span class='ocrx_word' id='word_1_676' title='bbox 0 0 2014 6320; x_wconf 95' lang='lat' dir='ltr'><strong> </strong></span> 
     </span>
    </p>
   </div>
  </div>
 </body>
</html>
