<?xml version="1.0" encoding="UTF-8"?>
<!DOCTYPE html PUBLIC "-//W3C//DTD XHTML 1.0 Transitional//EN"
    "http://www.w3.org/TR/xhtml1/DTD/xhtml1-transitional.dtd">
<html xmlns="http://www.w3.org/1999/xhtml" xml:lang="en" lang="en">
 <head>
  <title>
</title>
<meta http-equiv="Content-Type" content="text/html;charset=utf-8" />
  <meta name='ocr-system' content='tesseract 3.04.00' />
  <meta name='ocr-capabilities' content='ocr_page ocr_carea ocr_par ocr_line ocrx_word'/>
</head>
<body>
  <div class='ocr_page' id='page_1' title='image "./mediiaevibiblio06bottgoog_0229.png"; bbox 0 0 4002 6326; ppageno 0'>
   <div class='ocr_carea' id='block_1_1' title="bbox 304 381 1331 464">
    <p class='ocr_par' dir='ltr' id='par_1_1' title="bbox 304 381 1331 464">
     <span class='ocr_line' id='line_1_1' title="bbox 304 381 1331 464; baseline 0.019 -23"><span class='ocrx_word' id='word_1_1' title='bbox 304 381 362 442; x_wconf 73' lang='lat' dir='ltr'>iat</span> <span class='ocrx_word' id='word_1_2' title='bbox 919 396 1095 460; x_wconf 88' lang='lat' dir='ltr'><strong>HONORII</strong></span> <span class='ocrx_word' id='word_1_3' title='bbox 1117 399 1162 461; x_wconf 90' lang='grc' dir='ltr'>ΙΙΙ</span> <span class='ocrx_word' id='word_1_4' title='bbox 1182 401 1331 464; x_wconf 81' lang='lat' dir='ltr'>OPERA.</span> 
     </span>
    </p>
   </div>
   <div class='ocr_carea' id='block_1_2' title="bbox 230 513 1983 5818">
    <p class='ocr_par' dir='ltr' id='par_1_2' title="bbox 230 513 1983 5818">
     <span class='ocr_line' id='line_1_2' title="bbox 1982 513 1983 540; baseline 0 0"><span class='ocrx_word' id='word_1_5' title='bbox 1982 513 1983 540; x_wconf 93' lang='lat' dir='ltr'>l</span> 
     </span>
     <span class='ocr_line' id='line_1_3' title="bbox 304 543 1983 642; baseline 0.014 -41"><span class='ocrx_word' id='word_1_6' title='bbox 304 555 365 618; x_wconf 92' lang='lat' dir='ltr'>per</span> <span class='ocrx_word' id='word_1_7' title='bbox 377 557 438 604; x_wconf 89' lang='lat' dir='ltr'>nos</span> <span class='ocrx_word' id='word_1_8' title='bbox 449 547 651 610; x_wconf 88' lang='lat' dir='ltr'>monasterio</span> <span class='ocrx_word' id='word_1_9' title='bbox 667 549 779 612; x_wconf 87' lang='lat' dir='ltr'>Sancti</span> <span class='ocrx_word' id='word_1_10' title='bbox 797 552 887 615; x_wconf 88' lang='lat' dir='ltr'>Petri</span> <span class='ocrx_word' id='word_1_11' title='bbox 909 553 944 616; x_wconf 95' lang='lat' dir='ltr'>in</span> <span class='ocrx_word' id='word_1_12' title='bbox 961 571 1023 620; x_wconf 91' lang='lat' dir='ltr'>suo</span> <span class='ocrx_word' id='word_1_13' title='bbox 1042 571 1099 620; x_wconf 92' lang='lat' dir='ltr'>ro-</span> <span class='ocrx_word' id='word_1_14' title='bbox 1153 557 1261 621; x_wconf 88' lang='lat' dir='ltr'>eldem</span> <span class='ocrx_word' id='word_1_15' title='bbox 1278 559 1495 623; x_wconf 82' lang='lat' dir='ltr'>nihilominus</span> <span class='ocrx_word' id='word_1_16' title='bbox 1506 563 1701 640; x_wconf 83' lang='lat' dir='ltr'>potestatem</span> <span class='ocrx_word' id='word_1_17' title='bbox 1715 563 1926 642; x_wconf 86' lang='lat' dir='ltr'>interpretur·</span> <span class='ocrx_word' id='word_1_18' title='bbox 1982 543 1983 624; x_wconf 69' lang='lat' dir='ltr'>l</span> 
     </span>
     <span class='ocr_line' id='line_1_4' title="bbox 303 637 1983 738; baseline 0.014 -37"><span class='ocrx_word' id='word_1_19' title='bbox 303 637 385 701; x_wconf 85' lang='lat' dir='ltr'>hore</span> <span class='ocrx_word' id='word_1_20' title='bbox 401 645 626 718; x_wconf 82' lang='lat' dir='ltr'>permanente.</span> <span class='ocrx_word' id='word_1_21' title='bbox 970 731 977 738; x_wconf 71' lang='lat'>,</span> <span class='ocrx_word' id='word_1_22' title='bbox 1152 655 1186 716; x_wconf 93' lang='lat' dir='ltr'>di</span> <span class='ocrx_word' id='word_1_23' title='bbox 1209 657 1243 719; x_wconf 92' lang='lat' dir='ltr'>et</span> <span class='ocrx_word' id='word_1_24' title='bbox 1262 657 1467 732; x_wconf 85' lang='lat' dir='ltr'>declarandi,</span> <span class='ocrx_word' id='word_1_25' title='bbox 1481 659 1510 719; x_wconf 92' lang='lat' dir='ltr'>si</span> <span class='ocrx_word' id='word_1_26' title='bbox 1525 660 1602 738; x_wconf 87' lang='lat' dir='ltr'>quid</span> <span class='ocrx_word' id='word_1_27' title='bbox 1619 659 1823 724; x_wconf 87' lang='lat' dir='ltr'>diidcultatis</span> <span class='ocrx_word' id='word_1_28' title='bbox 1835 679 1927 726; x_wconf 74' lang='lat' dir='ltr'>emer</span> <span class='ocrx_word' id='word_1_29' title='bbox 1982 687 1983 706; x_wconf 45' lang='grc' dir='ltr'>ο</span> 
     </span>
     <span class='ocr_line' id='line_1_5' title="bbox 344 737 1983 852; baseline 0.016 -56"><span class='ocrx_word' id='word_1_30' title='bbox 344 737 506 800; x_wconf 84' lang='lat' dir='ltr'>‹Siatuta</span> <span class='ocrx_word' id='word_1_31' title='bbox 523 740 611 802; x_wconf 90' lang='lat' dir='ltr'>edita</span> <span class='ocrx_word' id='word_1_32' title='bbox 633 743 666 804; x_wconf 93' lang='lat' dir='ltr'>et</span> <span class='ocrx_word' id='word_1_33' title='bbox 689 747 946 812; x_wconf 87' lang='lat' dir='ltr'>consuetudines</span> <span class='ocrx_word' id='word_1_34' title='bbox 962 766 1021 812; x_wconf 92' lang='lat' dir='ltr'>sau</span> <span class='ocrx_word' id='word_1_35' title='bbox 1038 766 1098 828; x_wconf 94' lang='lat' dir='ltr'>po-</span> <span class='ocrx_word' id='word_1_36' title='bbox 1152 755 1234 818; x_wconf 91' lang='lat' dir='ltr'>serii</span> <span class='ocrx_word' id='word_1_37' title='bbox 1259 756 1294 816; x_wconf 91' lang='lat' dir='ltr'>in</span> <span class='ocrx_word' id='word_1_38' title='bbox 1321 755 1505 834; x_wconf 88' lang='lat' dir='ltr'>praedictis,</span> <span class='ocrx_word' id='word_1_39' title='bbox 1536 759 1569 820; x_wconf 90' lang='lat' dir='ltr'>et</span> <span class='ocrx_word' id='word_1_40' title='bbox 1596 759 1632 820; x_wconf 89' lang='lat' dir='ltr'>in</span> <span class='ocrx_word' id='word_1_41' title='bbox 1656 757 1733 820; x_wconf 92' lang='lat' dir='ltr'>aliis</span> <span class='ocrx_word' id='word_1_42' title='bbox 1760 761 1867 833; x_wconf 88' lang='lat' dir='ltr'>etiam,</span> <span class='ocrx_word' id='word_1_43' title='bbox 1886 778 1927 822; x_wconf 92' lang='lat' dir='ltr'>su·</span> <span class='ocrx_word' id='word_1_44' title='bbox 1982 763 1983 852; x_wconf 67' lang='lat' dir='ltr'>l</span> 
     </span>
     <span class='ocr_line' id='line_1_6' title="bbox 304 833 1983 938; baseline 0.016 -44"><span class='ocrx_word' id='word_1_45' title='bbox 304 833 373 894; x_wconf 89' lang='lat' dir='ltr'>tius</span> <span class='ocrx_word' id='word_1_46' title='bbox 401 833 582 898; x_wconf 80' lang='lat' dir='ltr'>abusiones</span> <span class='ocrx_word' id='word_1_47' title='bbox 608 841 814 906; x_wconf 89' lang='lat' dir='ltr'>introductas</span> <span class='ocrx_word' id='word_1_48' title='bbox 840 851 956 908; x_wconf 90' lang='lat' dir='ltr'>contra</span> <span class='ocrx_word' id='word_1_49' title='bbox 990 849 1099 910; x_wconf 89' lang='lat' dir='ltr'>eccle·</span> <span class='ocrx_word' id='word_1_50' title='bbox 1152 868 1211 928; x_wconf 89' lang='lat' dir='ltr'>pru</span> <span class='ocrx_word' id='word_1_51' title='bbox 1234 852 1352 930; x_wconf 89' lang='lat' dir='ltr'>quihus</span> <span class='ocrx_word' id='word_1_52' title='bbox 1379 869 1491 916; x_wconf 88' lang='lat' dir='ltr'>coram</span> <span class='ocrx_word' id='word_1_53' title='bbox 1512 855 1608 917; x_wconf 87' lang='lat' dir='ltr'>nobis</span> <span class='ocrx_word' id='word_1_54' title='bbox 1628 857 1739 934; x_wconf 80' lang='lat' dir='ltr'>partes</span> <span class='ocrx_word' id='word_1_55' title='bbox 1761 857 1927 935; x_wconf 82' lang='lat' dir='ltr'>deposuere</span> <span class='ocrx_word' id='word_1_56' title='bbox 1982 855 1983 938; x_wconf 63' lang='grc' dir='ltr'>ἶ</span> 
     </span>
     <span class='ocr_line' id='line_1_7' title="bbox 305 931 1927 1033; baseline 0.015 -42"><span class='ocrx_word' id='word_1_57' title='bbox 305 931 475 994; x_wconf 89' lang='lat' dir='ltr'>siasticam</span> <span class='ocrx_word' id='word_1_58' title='bbox 501 934 689 1000; x_wconf 87' lang='lat' dir='ltr'>libertatem</span> <span class='ocrx_word' id='word_1_59' title='bbox 709 943 921 1020; x_wconf 89' lang='lat' dir='ltr'>praecipimus</span> <span class='ocrx_word' id='word_1_60' title='bbox 940 961 1006 1006; x_wconf 93' lang='lat' dir='ltr'>uon</span> <span class='ocrx_word' id='word_1_61' title='bbox 1026 961 1099 1008; x_wconf 91' lang='lat' dir='ltr'>ser-</span> <span class='ocrx_word' id='word_1_62' title='bbox 1151 951 1333 1028; x_wconf 85' lang='lat' dir='ltr'>querelam,</span> <span class='ocrx_word' id='word_1_63' title='bbox 1362 952 1474 1030; x_wconf 86' lang='lat' dir='ltr'>sicque</span> <span class='ocrx_word' id='word_1_64' title='bbox 1502 953 1671 1031; x_wconf 88' lang='lat' dir='ltr'>praedictis</span> <span class='ocrx_word' id='word_1_65' title='bbox 1708 955 1858 1016; x_wconf 92' lang='lat' dir='ltr'>omnibus</span> <span class='ocrx_word' id='word_1_66' title='bbox 1880 973 1927 1033; x_wconf 86' lang='lat' dir='ltr'>per</span> 
     </span>
     <span class='ocr_line' id='line_1_8' title="bbox 302 1030 1983 1130; baseline 0.016 -41"><span class='ocrx_word' id='word_1_67' title='bbox 302 1030 389 1100; x_wconf 85' lang='lat' dir='ltr'>uari,</span> <span class='ocrx_word' id='word_1_68' title='bbox 402 1035 722 1099; x_wconf 79' lang='lat' dir='ltr'>excommunicando</span> <span class='ocrx_word' id='word_1_69' title='bbox 738 1041 944 1110; x_wconf 84' lang='lat' dir='ltr'>statrutarios,</span> <span class='ocrx_word' id='word_1_70' title='bbox 961 1043 1099 1121; x_wconf 89' lang='lat' dir='ltr'>scripto·</span> <span class='ocrx_word' id='word_1_71' title='bbox 1153 1048 1307 1124; x_wconf 87' lang='lat' dir='ltr'>syndicus</span> <span class='ocrx_word' id='word_1_72' title='bbox 1323 1050 1465 1126; x_wconf 89' lang='lat' dir='ltr'>partium</span> <span class='ocrx_word' id='word_1_73' title='bbox 1485 1051 1518 1113; x_wconf 90' lang='lat' dir='ltr'>et</span> <span class='ocrx_word' id='word_1_74' title='bbox 1543 1051 1630 1112; x_wconf 89' lang='lat' dir='ltr'>alios</span> <span class='ocrx_word' id='word_1_75' title='bbox 1650 1051 1852 1130; x_wconf 85' lang='lat' dir='ltr'>approbatis,</span> <span class='ocrx_word' id='word_1_76' title='bbox 1875 1054 1925 1115; x_wconf 87' lang='lat' dir='ltr'>de-</span> <span class='ocrx_word' id='word_1_77' title='bbox 1982 1053 1983 1130; x_wconf 84' lang='lat' dir='ltr'>l</span> 
     </span>
     <span class='ocr_line' id='line_1_9' title="bbox 303 1130 1983 1224; baseline 0.017 -37"><span class='ocrx_word' id='word_1_78' title='bbox 303 1141 359 1188; x_wconf 89' lang='lat' dir='ltr'>ros</span> <span class='ocrx_word' id='word_1_79' title='bbox 385 1130 584 1193; x_wconf 88' lang='lat' dir='ltr'>statutorum</span> <span class='ocrx_word' id='word_1_80' title='bbox 608 1133 769 1212; x_wconf 90' lang='lat' dir='ltr'>ipsorum,</span> <span class='ocrx_word' id='word_1_81' title='bbox 799 1141 989 1216; x_wconf 80' lang='lat' dir='ltr'>potestates,</span> <span class='ocrx_word' id='word_1_82' title='bbox 1017 1157 1099 1203; x_wconf 85' lang='lat' dir='ltr'>oon·</span> <span class='ocrx_word' id='word_1_83' title='bbox 1152 1159 1223 1206; x_wconf 89' lang='lat' dir='ltr'>cem</span> <span class='ocrx_word' id='word_1_84' title='bbox 1256 1161 1300 1207; x_wconf 85' lang='lat' dir='ltr'>ex</span> <span class='ocrx_word' id='word_1_85' title='bbox 1334 1163 1401 1208; x_wconf 89' lang='lat' dir='ltr'>una</span> <span class='ocrx_word' id='word_1_86' title='bbox 1425 1150 1530 1224; x_wconf 88' lang='lat' dir='ltr'>parta,</span> <span class='ocrx_word' id='word_1_87' title='bbox 1562 1165 1602 1210; x_wconf 87' lang='lat' dir='ltr'>ao</span> <span class='ocrx_word' id='word_1_88' title='bbox 1635 1149 1771 1212; x_wconf 91' lang='lat' dir='ltr'>totidem</span> <span class='ocrx_word' id='word_1_89' title='bbox 1796 1149 1926 1220; x_wconf 89' lang='lat' dir='ltr'>exalia,</span> <span class='ocrx_word' id='word_1_90' title='bbox 1982 1133 1983 1216; x_wconf 80' lang='lat' dir='ltr'>l</span> 
     </span>
     <span class='ocr_line' id='line_1_10' title="bbox 305 1219 1983 1324; baseline 0.014 -38"><span class='ocrx_word' id='word_1_91' title='bbox 305 1225 414 1299; x_wconf 88' lang='lat' dir='ltr'>sulas,</span> <span class='ocrx_word' id='word_1_92' title='bbox 453 1231 612 1304; x_wconf 86' lang='lat' dir='ltr'>rectores,</span> <span class='ocrx_word' id='word_1_93' title='bbox 645 1233 777 1311; x_wconf 91' lang='lat' dir='ltr'>judices</span> <span class='ocrx_word' id='word_1_94' title='bbox 818 1237 851 1299; x_wconf 90' lang='lat' dir='ltr'>ei</span> <span class='ocrx_word' id='word_1_95' title='bbox 887 1238 1098 1301; x_wconf 79' lang='lat' dir='ltr'>consiliarios</span> <span class='ocrx_word' id='word_1_96' title='bbox 1151 1243 1372 1318; x_wconf 86' lang='lat' dir='ltr'>praeseutibus</span> <span class='ocrx_word' id='word_1_97' title='bbox 1404 1244 1546 1308; x_wconf 84' lang='lat' dir='ltr'>uiuidcaa</span> <span class='ocrx_word' id='word_1_98' title='bbox 1567 1247 1683 1308; x_wconf 84' lang='lat' dir='ltr'>Crucis</span> <span class='ocrx_word' id='word_1_99' title='bbox 1706 1247 1819 1324; x_wconf 89' lang='lat' dir='ltr'>signo,</span> <span class='ocrx_word' id='word_1_100' title='bbox 1847 1263 1928 1312; x_wconf 87' lang='lat' dir='ltr'>sacro</span> <span class='ocrx_word' id='word_1_101' title='bbox 1982 1219 1983 1296; x_wconf 66' lang='lat' dir='ltr'>l</span> 
     </span>
     <span class='ocr_line' id='line_1_11' title="bbox 304 1322 1928 1420; baseline 0.013 -36"><span class='ocrx_word' id='word_1_102' title='bbox 304 1322 449 1386; x_wconf 87' lang='lat' dir='ltr'>civitatis</span> <span class='ocrx_word' id='word_1_103' title='bbox 465 1328 498 1388; x_wconf 89' lang='lat' dir='ltr'>et</span> <span class='ocrx_word' id='word_1_104' title='bbox 512 1327 683 1392; x_wconf 90' lang='lat' dir='ltr'>districtus</span> <span class='ocrx_word' id='word_1_105' title='bbox 698 1331 861 1408; x_wconf 86' lang='lat' dir='ltr'>praedicti,</span> <span class='ocrx_word' id='word_1_106' title='bbox 874 1335 902 1396; x_wconf 90' lang='lat' dir='ltr'>si</span> <span class='ocrx_word' id='word_1_107' title='bbox 922 1334 1097 1398; x_wconf 84' lang='lat' dir='ltr'>decaetero</span> <span class='ocrx_word' id='word_1_108' title='bbox 1152 1341 1324 1403; x_wconf 90' lang='lat' dir='ltr'>Dominioo</span> <span class='ocrx_word' id='word_1_109' title='bbox 1340 1357 1490 1419; x_wconf 91' lang='lat' dir='ltr'>corpore,</span> <span class='ocrx_word' id='word_1_110' title='bbox 1503 1345 1693 1420; x_wconf 85' lang='lat' dir='ltr'>Evangeliis</span> <span class='ocrx_word' id='word_1_111' title='bbox 1709 1361 1748 1407; x_wconf 90' lang='lat' dir='ltr'>ac</span> <span class='ocrx_word' id='word_1_112' title='bbox 1763 1343 1838 1406; x_wconf 89' lang='lat' dir='ltr'>aliis</span> <span class='ocrx_word' id='word_1_113' title='bbox 1850 1361 1928 1407; x_wconf 86' lang='lat' dir='ltr'>sauc-</span> 
     </span>
     <span class='ocr_line' id='line_1_12' title="bbox 303 1419 1927 1518; baseline 0.015 -37"><span class='ocrx_word' id='word_1_114' title='bbox 303 1419 494 1499; x_wconf 90' lang='lat' dir='ltr'>hujusmodi</span> <span class='ocrx_word' id='word_1_115' title='bbox 510 1427 633 1489; x_wconf 89' lang='lat' dir='ltr'>statuta</span> <span class='ocrx_word' id='word_1_116' title='bbox 653 1429 707 1490; x_wconf 83' lang='lat' dir='ltr'>uel</span> <span class='ocrx_word' id='word_1_117' title='bbox 728 1432 984 1494; x_wconf 87' lang='lat' dir='ltr'>consuetudines</span> <span class='ocrx_word' id='word_1_118' title='bbox 1000 1434 1098 1496; x_wconf 89' lang='lat' dir='ltr'>edere</span> <span class='ocrx_word' id='word_1_119' title='bbox 1151 1438 1289 1508; x_wconf 80' lang='lat' dir='ltr'>iniuriis,</span> <span class='ocrx_word' id='word_1_120' title='bbox 1325 1439 1450 1518; x_wconf 84' lang='lat' dir='ltr'>recepti</span> <span class='ocrx_word' id='word_1_121' title='bbox 1488 1441 1566 1504; x_wconf 89' lang='lat' dir='ltr'>sunt</span> <span class='ocrx_word' id='word_1_122' title='bbox 1598 1442 1640 1503; x_wconf 92' lang='lat' dir='ltr'>ad</span> <span class='ocrx_word' id='word_1_123' title='bbox 1675 1443 1824 1504; x_wconf 89' lang='lat' dir='ltr'>osculum</span> <span class='ocrx_word' id='word_1_124' title='bbox 1854 1459 1927 1505; x_wconf 79' lang='lat' dir='ltr'>uera</span> 
     </span>
     <span class='ocr_line' id='line_1_13' title="bbox 304 1523 1983 1618; baseline 0.015 -41"><span class='ocrx_word' id='word_1_125' title='bbox 304 1523 577 1598; x_wconf 70' lang='lat' dir='ltr'>praesumpserint</span> <span class='ocrx_word' id='word_1_126' title='bbox 595 1524 648 1586; x_wconf 86' lang='lat' dir='ltr'>vel</span> <span class='ocrx_word' id='word_1_127' title='bbox 669 1541 815 1602; x_wconf 84' lang='lat' dir='ltr'>serrare,</span> <span class='ocrx_word' id='word_1_128' title='bbox 839 1544 879 1592; x_wconf 87' lang='lat' dir='ltr'>ac</span> <span class='ocrx_word' id='word_1_129' title='bbox 898 1530 974 1593; x_wconf 93' lang='lat' dir='ltr'>illos</span> <span class='ocrx_word' id='word_1_130' title='bbox 996 1531 1097 1594; x_wconf 87' lang='lat' dir='ltr'>etiam</span> <span class='ocrx_word' id='word_1_131' title='bbox 1153 1534 1244 1612; x_wconf 90' lang='lat' dir='ltr'>pacis</span> <span class='ocrx_word' id='word_1_132' title='bbox 1269 1536 1344 1598; x_wconf 86' lang='lat' dir='ltr'>vico</span> <span class='ocrx_word' id='word_1_133' title='bbox 1367 1539 1400 1599; x_wconf 89' lang='lat' dir='ltr'>et</span> <span class='ocrx_word' id='word_1_134' title='bbox 1420 1538 1592 1601; x_wconf 85' lang='lat' dir='ltr'>uoluntate</span> <span class='ocrx_word' id='word_1_135' title='bbox 1615 1539 1763 1601; x_wconf 93' lang='lat' dir='ltr'>omnium</span> <span class='ocrx_word' id='word_1_136' title='bbox 1790 1539 1927 1602; x_wconf 88' lang='lat' dir='ltr'>aliomm.</span> <span class='ocrx_word' id='word_1_137' title='bbox 1982 1547 1983 1618; x_wconf 72' lang='lat' dir='ltr'>l</span> 
     </span>
     <span class='ocr_line' id='line_1_14' title="bbox 303 1615 1929 1715; baseline 0.014 -40"><span class='ocrx_word' id='word_1_138' title='bbox 303 1615 360 1692; x_wconf 91' lang='lat' dir='ltr'>qui</span> <span class='ocrx_word' id='word_1_139' title='bbox 388 1621 569 1682; x_wconf 88' lang='lat' dir='ltr'>secundum</span> <span class='ocrx_word' id='word_1_140' title='bbox 595 1638 635 1684; x_wconf 87' lang='lat' dir='ltr'>ea</span> <span class='ocrx_word' id='word_1_141' title='bbox 652 1623 890 1701; x_wconf 84' lang='lat' dir='ltr'>judicaverint,</span> <span class='ocrx_word' id='word_1_142' title='bbox 907 1628 961 1690; x_wconf 87' lang='lat' dir='ltr'>uel</span> <span class='ocrx_word' id='word_1_143' title='bbox 980 1629 1016 1690; x_wconf 93' lang='lat' dir='ltr'>in</span> <span class='ocrx_word' id='word_1_144' title='bbox 1035 1646 1098 1707; x_wconf 73' lang='lat' dir='ltr'>pu-,</span> <span class='ocrx_word' id='word_1_145' title='bbox 1152 1631 1236 1704; x_wconf 74' lang='lat' dir='ltr'>Quia</span> <span class='ocrx_word' id='word_1_146' title='bbox 1264 1648 1345 1695; x_wconf 84' lang='lat' dir='ltr'>uero</span> <span class='ocrx_word' id='word_1_147' title='bbox 1378 1635 1559 1697; x_wconf 89' lang='lat' dir='ltr'>secundum</span> <span class='ocrx_word' id='word_1_148' title='bbox 1589 1651 1705 1714; x_wconf 88' lang='lat' dir='ltr'>pacem</span> <span class='ocrx_word' id='word_1_149' title='bbox 1732 1635 1852 1700; x_wconf 88' lang='lat' dir='ltr'>iactam</span> <span class='ocrx_word' id='word_1_150' title='bbox 1879 1654 1929 1715; x_wconf 89' lang='lat' dir='ltr'>por</span> 
     </span>
     <span class='ocr_line' id='line_1_15' title="bbox 302 1716 1983 1818; baseline 0.013 -42"><span class='ocrx_word' id='word_1_151' title='bbox 302 1716 424 1780; x_wconf 86' lang='lat' dir='ltr'>blicam</span> <span class='ocrx_word' id='word_1_152' title='bbox 452 1721 591 1784; x_wconf 78' lang='lat' dir='ltr'>formam</span> <span class='ocrx_word' id='word_1_153' title='bbox 613 1725 805 1802; x_wconf 83' lang='lat' dir='ltr'>redegerint</span> <span class='ocrx_word' id='word_1_154' title='bbox 821 1729 984 1807; x_wconf 88' lang='lat' dir='ltr'>judicata,</span> <span class='ocrx_word' id='word_1_155' title='bbox 1009 1732 1043 1793; x_wconf 88' lang='lat' dir='ltr'>oi</span> <span class='ocrx_word' id='word_1_156' title='bbox 1069 1731 1098 1791; x_wconf 93' lang='lat' dir='ltr'>si</span> <span class='ocrx_word' id='word_1_157' title='bbox 1152 1731 1374 1792; x_wconf 87' lang='lat' dir='ltr'>camerarium</span> <span class='ocrx_word' id='word_1_158' title='bbox 1413 1733 1447 1794; x_wconf 88' lang='lat' dir='ltr'>at</span> <span class='ocrx_word' id='word_1_159' title='bbox 1480 1732 1647 1796; x_wconf 89' lang='lat' dir='ltr'>Bobonem</span> <span class='ocrx_word' id='word_1_160' title='bbox 1682 1735 1866 1812; x_wconf 78' lang='lat' dir='ltr'>praedictos,</span> <span class='ocrx_word' id='word_1_161' title='bbox 1897 1751 1929 1797; x_wconf 87' lang='lat' dir='ltr'>ac</span> <span class='ocrx_word' id='word_1_162' title='bbox 1982 1727 1983 1818; x_wconf 78' lang='lat' dir='ltr'>l</span> 
     </span>
     <span class='ocr_line' id='line_1_16' title="bbox 303 1813 1983 1910; baseline 0.011 -35"><span class='ocrx_word' id='word_1_163' title='bbox 303 1813 437 1878; x_wconf 80' lang='lat' dir='ltr'>feudum</span> <span class='ocrx_word' id='word_1_164' title='bbox 466 1819 519 1881; x_wconf 86' lang='lat' dir='ltr'>vel</span> <span class='ocrx_word' id='word_1_165' title='bbox 546 1821 692 1884; x_wconf 84' lang='lat' dir='ltr'>osticium</span> <span class='ocrx_word' id='word_1_166' title='bbox 720 1825 854 1904; x_wconf 88' lang='lat' dir='ltr'>aliquod</span> <span class='ocrx_word' id='word_1_167' title='bbox 882 1827 1030 1890; x_wconf 87' lang='lat' dir='ltr'>detinent</span> <span class='ocrx_word' id='word_1_168' title='bbox 1056 1827 1097 1889; x_wconf 88' lang='lat' dir='ltr'>ah</span> <span class='ocrx_word' id='word_1_169' title='bbox 1153 1825 1409 1890; x_wconf 81' lang='lat' dir='ltr'>declarationem</span> <span class='ocrx_word' id='word_1_170' title='bbox 1444 1830 1655 1894; x_wconf 87' lang='lat' dir='ltr'>subsecutam</span> <span class='ocrx_word' id='word_1_171' title='bbox 1686 1848 1747 1910; x_wconf 89' lang='lat' dir='ltr'>per</span> <span class='ocrx_word' id='word_1_172' title='bbox 1777 1833 1928 1893; x_wconf 91' lang='lat' dir='ltr'>dominum</span> <span class='ocrx_word' id='word_1_173' title='bbox 1982 1823 1983 1904; x_wconf 59' lang='lat' dir='ltr'>l</span> 
     </span>
     <span class='ocr_line' id='line_1_17' title="bbox 304 1909 1983 2008; baseline 0.011 -34"><span class='ocrx_word' id='word_1_174' title='bbox 304 1912 458 1989; x_wconf 88' lang='lat' dir='ltr'>ecclesia,</span> <span class='ocrx_word' id='word_1_175' title='bbox 484 1917 623 1999; x_wconf 86' lang='lat' dir='ltr'>eissint</span> <span class='ocrx_word' id='word_1_176' title='bbox 643 1922 717 1998; x_wconf 92' lang='lat' dir='ltr'>ipso</span> <span class='ocrx_word' id='word_1_177' title='bbox 737 1921 824 1986; x_wconf 89' lang='lat' dir='ltr'>iacto</span> <span class='ocrx_word' id='word_1_178' title='bbox 845 1925 988 2001; x_wconf 81' lang='lat' dir='ltr'>priuatl3</span> <span class='ocrx_word' id='word_1_179' title='bbox 1017 1941 1098 1986; x_wconf 92' lang='lat' dir='ltr'>sane</span> <span class='ocrx_word' id='word_1_180' title='bbox 1152 1925 1335 1987; x_wconf 92' lang='lat' dir='ltr'>Honorium</span> <span class='ocrx_word' id='word_1_181' title='bbox 1367 1927 1402 1988; x_wconf 94' lang='lat' dir='ltr'>in</span> <span class='ocrx_word' id='word_1_182' title='bbox 1431 1928 1628 2006; x_wconf 85' lang='lat' dir='ltr'>quibusdam</span> <span class='ocrx_word' id='word_1_183' title='bbox 1664 1929 1818 2007; x_wconf 89' lang='lat' dir='ltr'>capitulis</span> <span class='ocrx_word' id='word_1_184' title='bbox 1846 1946 1929 2008; x_wconf 89' lang='lat' dir='ltr'>super</span> <span class='ocrx_word' id='word_1_185' title='bbox 1982 1909 1983 1944; x_wconf 60' lang='lat'>¹</span> 
     </span>
     <span class='ocr_line' id='line_1_18' title="bbox 303 2013 1983 2101; baseline 0.014 -28"><span class='ocrx_word' id='word_1_186' title='bbox 303 2013 427 2076; x_wconf 91' lang='lat' dir='ltr'>statuta</span> <span class='ocrx_word' id='word_1_187' title='bbox 453 2017 660 2079; x_wconf 90' lang='lat' dir='ltr'>serenissimi</span> <span class='ocrx_word' id='word_1_188' title='bbox 693 2019 820 2082; x_wconf 91' lang='lat' dir='ltr'>domini</span> <span class='ocrx_word' id='word_1_189' title='bbox 851 2023 1012 2085; x_wconf 87' lang='lat' dir='ltr'>Friderioi</span> <span class='ocrx_word' id='word_1_190' title='bbox 1039 2024 1098 2085; x_wconf 88' lang='lat' dir='ltr'>Dei</span> <span class='ocrx_word' id='word_1_191' title='bbox 1152 2023 1225 2100; x_wconf 86' lang='lat' dir='ltr'>ipsa</span> <span class='ocrx_word' id='word_1_192' title='bbox 1244 2039 1359 2101; x_wconf 89' lang='lat' dir='ltr'>pacem</span> <span class='ocrx_word' id='word_1_193' title='bbox 1374 2026 1576 2088; x_wconf 88' lang='lat' dir='ltr'>etmandata</span> <span class='ocrx_word' id='word_1_194' title='bbox 1593 2027 1707 2089; x_wconf 82' lang='lat' dir='ltr'>nostra</span> <span class='ocrx_word' id='word_1_195' title='bbox 1723 2027 1849 2090; x_wconf 81' lang='lat' dir='ltr'>serrari</span> <span class='ocrx_word' id='word_1_196' title='bbox 1863 2043 1929 2090; x_wconf 91' lang='lat' dir='ltr'>con·</span> <span class='ocrx_word' id='word_1_197' title='bbox 1982 2041 1983 2096; x_wconf 88' lang='lat' dir='ltr'>i</span> 
     </span>
     <span class='ocr_line' id='line_1_19' title="bbox 230 2101 1983 2209; baseline 0.012 -38"><span class='ocrx_word' id='word_1_198' title='bbox 230 2198 236 2209; x_wconf 96' lang='lat'>.</span> <span class='ocrx_word' id='word_1_199' title='bbox 302 2112 411 2186; x_wconf 86' lang='lat' dir='ltr'>gratia</span> <span class='ocrx_word' id='word_1_200' title='bbox 427 2116 652 2178; x_wconf 89' lang='lat' dir='ltr'>Romanorum</span> <span class='ocrx_word' id='word_1_201' title='bbox 668 2117 879 2196; x_wconf 85' lang='lat' dir='ltr'>imperatoris</span> <span class='ocrx_word' id='word_1_202' title='bbox 898 2117 1100 2198; x_wconf 86' lang='lat' dir='ltr'>semperau·</span> <span class='ocrx_word' id='word_1_203' title='bbox 1153 2119 1258 2195; x_wconf 90' lang='lat' dir='ltr'>veuit,</span> <span class='ocrx_word' id='word_1_204' title='bbox 1286 2122 1322 2184; x_wconf 92' lang='lat' dir='ltr'>in</span> <span class='ocrx_word' id='word_1_205' title='bbox 1344 2123 1530 2202; x_wconf 88' lang='lat' dir='ltr'>plerisque,</span> <span class='ocrx_word' id='word_1_206' title='bbox 1557 2124 1643 2187; x_wconf 87' lang='lat' dir='ltr'>sicut</span> <span class='ocrx_word' id='word_1_207' title='bbox 1670 2125 1823 2204; x_wconf 90' lang='lat' dir='ltr'>superius</span> <span class='ocrx_word' id='word_1_208' title='bbox 1843 2125 1930 2187; x_wconf 90' lang='lat' dir='ltr'>couti·</span> <span class='ocrx_word' id='word_1_209' title='bbox 1982 2101 1983 2192; x_wconf 70' lang='lat' dir='ltr'>l</span> 
     </span>
     <span class='ocr_line' id='line_1_20' title="bbox 304 2209 1930 2299; baseline 0.008 -30"><span class='ocrx_word' id='word_1_210' title='bbox 304 2209 393 2283; x_wconf 89' lang='lat' dir='ltr'>gusti</span> <span class='ocrx_word' id='word_1_211' title='bbox 413 2211 446 2273; x_wconf 88' lang='lat' dir='ltr'>et</span> <span class='ocrx_word' id='word_1_212' title='bbox 472 2213 562 2288; x_wconf 91' lang='lat' dir='ltr'>regis</span> <span class='ocrx_word' id='word_1_213' title='bbox 585 2215 721 2286; x_wconf 84' lang='lat' dir='ltr'>Siciliae,</span> <span class='ocrx_word' id='word_1_214' title='bbox 745 2219 891 2294; x_wconf 87' lang='lat' dir='ltr'>tempore</span> <span class='ocrx_word' id='word_1_215' title='bbox 914 2232 984 2280; x_wconf 87' lang='lat' dir='ltr'>suae</span> <span class='ocrx_word' id='word_1_216' title='bbox 1002 2234 1100 2282; x_wconf 92' lang='lat' dir='ltr'>coro-</span> <span class='ocrx_word' id='word_1_217' title='bbox 1152 2223 1261 2288; x_wconf 88' lang='lat' dir='ltr'>netur,</span> <span class='ocrx_word' id='word_1_218' title='bbox 1276 2219 1426 2281; x_wconf 90' lang='lat' dir='ltr'>tenorem</span> <span class='ocrx_word' id='word_1_219' title='bbox 1452 2220 1543 2298; x_wconf 88' lang='lat' dir='ltr'>pacis</span> <span class='ocrx_word' id='word_1_220' title='bbox 1570 2223 1604 2284; x_wconf 88' lang='lat' dir='ltr'>et</span> <span class='ocrx_word' id='word_1_221' title='bbox 1630 2221 1867 2284; x_wconf 87' lang='lat' dir='ltr'>declarationis</span> <span class='ocrx_word' id='word_1_222' title='bbox 1884 2221 1930 2299; x_wconf 92' lang='lat' dir='ltr'>ip-</span> 
     </span>
     <span class='ocr_line' id='line_1_21' title="bbox 304 2305 1983 2395; baseline 0.005 -29"><span class='ocrx_word' id='word_1_223' title='bbox 304 2307 451 2369; x_wconf 86' lang='lat' dir='ltr'>nationis</span> <span class='ocrx_word' id='word_1_224' title='bbox 478 2309 566 2373; x_wconf 89' lang='lat' dir='ltr'>edita</span> <span class='ocrx_word' id='word_1_225' title='bbox 590 2328 650 2390; x_wconf 94' lang='lat' dir='ltr'>pro</span> <span class='ocrx_word' id='word_1_226' title='bbox 680 2314 908 2377; x_wconf 87' lang='lat' dir='ltr'>ecclesiastica</span> <span class='ocrx_word' id='word_1_227' title='bbox 931 2315 1096 2389; x_wconf 88' lang='lat' dir='ltr'>libertate,</span> <span class='ocrx_word' id='word_1_228' title='bbox 1152 2315 1222 2377; x_wconf 87' lang='lat' dir='ltr'>sius</span> <span class='ocrx_word' id='word_1_229' title='bbox 1237 2315 1279 2378; x_wconf 88' lang='lat' dir='ltr'>ad</span> <span class='ocrx_word' id='word_1_230' title='bbox 1295 2319 1454 2395; x_wconf 82' lang='lat' dir='ltr'>majorem</span> <span class='ocrx_word' id='word_1_231' title='bbox 1470 2319 1635 2380; x_wconf 89' lang='lat' dir='ltr'>cautelam</span> <span class='ocrx_word' id='word_1_232' title='bbox 1650 2316 1691 2380; x_wconf 89' lang='lat' dir='ltr'>de</span> <span class='ocrx_word' id='word_1_233' title='bbox 1704 2319 1858 2381; x_wconf 83' lang='lat' dir='ltr'>uerboad</span> <span class='ocrx_word' id='word_1_234' title='bbox 1871 2334 1929 2381; x_wconf 78' lang='lat' dir='ltr'>uer</span> <span class='ocrx_word' id='word_1_235' title='bbox 1982 2305 1983 2374; x_wconf 73' lang='lat' dir='ltr'>i</span> 
     </span>
     <span class='ocr_line' id='line_1_22' title="bbox 304 2407 1928 2494; baseline 0.008 -28"><span class='ocrx_word' id='word_1_236' title='bbox 304 2407 536 2484; x_wconf 68' lang='lat' dir='ltr'>precipientes</span> <span class='ocrx_word' id='word_1_237' title='bbox 569 2410 630 2471; x_wconf 89' lang='lat' dir='ltr'>sub</span> <span class='ocrx_word' id='word_1_238' title='bbox 663 2409 773 2475; x_wconf 88' lang='lat' dir='ltr'>debito</span> <span class='ocrx_word' id='word_1_239' title='bbox 806 2413 975 2476; x_wconf 81' lang='lat' dir='ltr'>fidelitatis</span> <span class='ocrx_word' id='word_1_240' title='bbox 1006 2429 1097 2492; x_wconf 86' lang='lat' dir='ltr'>praa·</span> <span class='ocrx_word' id='word_1_241' title='bbox 1151 2415 1230 2475; x_wconf 85' lang='lat' dir='ltr'>hum</span> <span class='ocrx_word' id='word_1_242' title='bbox 1257 2413 1477 2492; x_wconf 81' lang='lat' dir='ltr'>praesentibus</span> <span class='ocrx_word' id='word_1_243' title='bbox 1506 2414 1645 2478; x_wconf 89' lang='lat' dir='ltr'>lecimus</span> <span class='ocrx_word' id='word_1_244' title='bbox 1676 2417 1831 2479; x_wconf 87' lang='lat' dir='ltr'>annotari</span> <span class='ocrx_word' id='word_1_245' title='bbox 1851 2439 1859 2478; x_wconf 72' lang='grc' dir='ltr'><strong><em>ε</em></strong></span> <span class='ocrx_word' id='word_1_246' title='bbox 1883 2416 1928 2494; x_wconf 82' lang='lat' dir='ltr'>qui</span> 
     </span>
     <span class='ocr_line' id='line_1_23' title="bbox 304 2503 1349 2584; baseline 0.009 -20"><span class='ocrx_word' id='word_1_247' title='bbox 304 2503 402 2566; x_wconf 76' lang='lat' dir='ltr'>dicre</span> <span class='ocrx_word' id='word_1_248' title='bbox 421 2507 455 2568; x_wconf 88' lang='lat' dir='ltr'>et</span> <span class='ocrx_word' id='word_1_249' title='bbox 474 2522 571 2584; x_wconf 86' lang='lat' dir='ltr'>poena</span> <span class='ocrx_word' id='word_1_250' title='bbox 592 2507 683 2571; x_wconf 92' lang='lat' dir='ltr'>mille</span> <span class='ocrx_word' id='word_1_251' title='bbox 698 2511 1098 2574; x_wconf 88' lang='lat' dir='ltr'>marcaruminconoussa</span> <span class='ocrx_word' id='word_1_252' title='bbox 1151 2511 1349 2574; x_wconf 86' lang='lat' dir='ltr'>talessunt:</span> 
     </span>
     <span class='ocr_line' id='line_1_24' title="bbox 305 2603 1983 2708; baseline 0.005 -44"><span class='ocrx_word' id='word_1_253' title='bbox 305 2603 444 2665; x_wconf 86' lang='lat' dir='ltr'>servari.</span> <span class='ocrx_word' id='word_1_254' title='bbox 995 2663 997 2671; x_wconf 52' lang='lat'>,</span> <span class='ocrx_word' id='word_1_255' title='bbox 1193 2607 1459 2682; x_wconf 78' lang='lat' dir='ltr'>«Innocentius,</span> <span class='ocrx_word' id='word_1_256' title='bbox 1476 2609 1552 2682; x_wconf 83' lang='lat' dir='ltr'>etc,</span> <span class='ocrx_word' id='word_1_257' title='bbox 1569 2609 1701 2672; x_wconf 91' lang='lat' dir='ltr'>dilectis</span> <span class='ocrx_word' id='word_1_258' title='bbox 1722 2609 1802 2672; x_wconf 85' lang='lat' dir='ltr'>filiis</span> <span class='ocrx_word' id='word_1_259' title='bbox 1824 2611 1928 2690; x_wconf 92' lang='lat' dir='ltr'>populo</span> <span class='ocrx_word' id='word_1_260' title='bbox 1982 2647 1983 2708; x_wconf 34' lang='grc' dir='ltr'>ρ</span> 
     </span>
     <span class='ocr_line' id='line_1_25' title="bbox 344 2701 1983 2787; baseline 0.006 -26"><span class='ocrx_word' id='word_1_261' title='bbox 344 2701 512 2776; x_wconf 67' lang='lat' dir='ltr'>«Ballio,</span> <span class='ocrx_word' id='word_1_262' title='bbox 536 2703 701 2778; x_wconf 90' lang='lat' dir='ltr'>consules,</span> <span class='ocrx_word' id='word_1_263' title='bbox 723 2706 870 2768; x_wconf 88' lang='lat' dir='ltr'>rectores</span> <span class='ocrx_word' id='word_1_264' title='bbox 887 2707 940 2768; x_wconf 85' lang='lat' dir='ltr'>rel</span> <span class='ocrx_word' id='word_1_265' title='bbox 969 2705 1098 2784; x_wconf 89' lang='lat' dir='ltr'>priores</span> <span class='ocrx_word' id='word_1_266' title='bbox 1154 2706 1328 2779; x_wconf 90' lang='lat' dir='ltr'>Perusino,</span> <span class='ocrx_word' id='word_1_267' title='bbox 1346 2707 1498 2780; x_wconf 86' lang='lat' dir='ltr'>salutem,</span> <span class='ocrx_word' id='word_1_268' title='bbox 1516 2708 1579 2771; x_wconf 88' lang='lat' dir='ltr'>oto.</span> <span class='ocrx_word' id='word_1_269' title='bbox 1593 2707 1672 2770; x_wconf 89' lang='lat' dir='ltr'>Veri</span> <span class='ocrx_word' id='word_1_270' title='bbox 1693 2709 1822 2787; x_wconf 84' lang='lat' dir='ltr'>pacifici</span> <span class='ocrx_word' id='word_1_271' title='bbox 1841 2709 1930 2771; x_wconf 82' lang='lat' dir='ltr'>uesti-</span> <span class='ocrx_word' id='word_1_272' title='bbox 1982 2709 1983 2742; x_wconf 68' lang='lat' dir='ltr'>r</span> 
     </span>
     <span class='ocr_line' id='line_1_26' title="bbox 306 2798 1929 2884; baseline 0.004 -24"><span class='ocrx_word' id='word_1_273' title='bbox 306 2798 564 2874; x_wconf 80' lang='lat' dir='ltr'>fraternitatum,</span> <span class='ocrx_word' id='word_1_274' title='bbox 586 2801 792 2876; x_wconf 88' lang='lat' dir='ltr'>societatum,</span> <span class='ocrx_word' id='word_1_275' title='bbox 815 2804 1018 2867; x_wconf 83' lang='lat' dir='ltr'>familiarum</span> <span class='ocrx_word' id='word_1_276' title='bbox 1038 2821 1098 2867; x_wconf 93' lang='lat' dir='ltr'>sou</span> <span class='ocrx_word' id='word_1_277' title='bbox 1152 2805 1207 2880; x_wconf 89' lang='lat' dir='ltr'>gia</span> <span class='ocrx_word' id='word_1_278' title='bbox 1225 2803 1405 2876; x_wconf 88' lang='lat' dir='ltr'>imitantes,</span> <span class='ocrx_word' id='word_1_279' title='bbox 1423 2803 1544 2882; x_wconf 84' lang='lat' dir='ltr'>quiesi</span> <span class='ocrx_word' id='word_1_280' title='bbox 1564 2821 1631 2883; x_wconf 84' lang='lat' dir='ltr'>pax</span> <span class='ocrx_word' id='word_1_281' title='bbox 1651 2807 1777 2879; x_wconf 89' lang='lat' dir='ltr'>nostra,</span> <span class='ocrx_word' id='word_1_282' title='bbox 1792 2807 1847 2884; x_wconf 88' lang='lat' dir='ltr'>qui</span> <span class='ocrx_word' id='word_1_283' title='bbox 1865 2806 1929 2867; x_wconf 89' lang='lat' dir='ltr'>iecit</span> 
     </span>
     <span class='ocr_line' id='line_1_27' title="bbox 305 2897 1928 2983; baseline 0.004 -25"><span class='ocrx_word' id='word_1_284' title='bbox 305 2897 528 2976; x_wconf 82' lang='lat' dir='ltr'>quarumlibet</span> <span class='ocrx_word' id='word_1_285' title='bbox 551 2899 685 2974; x_wconf 88' lang='lat' dir='ltr'>artium,</span> <span class='ocrx_word' id='word_1_286' title='bbox 701 2900 965 2981; x_wconf 86' lang='lat' dir='ltr'>quibuscumque</span> <span class='ocrx_word' id='word_1_287' title='bbox 989 2903 1099 2964; x_wconf 88' lang='lat' dir='ltr'>nomi·</span> <span class='ocrx_word' id='word_1_288' title='bbox 1153 2902 1292 2980; x_wconf 89' lang='lat' dir='ltr'>utraque</span> <span class='ocrx_word' id='word_1_289' title='bbox 1308 2917 1421 2974; x_wconf 77' lang='lat' dir='ltr'>sunum,</span> <span class='ocrx_word' id='word_1_290' title='bbox 1438 2917 1553 2978; x_wconf 87' lang='lat' dir='ltr'>pacem</span> <span class='ocrx_word' id='word_1_291' title='bbox 1568 2902 1656 2964; x_wconf 91' lang='lat' dir='ltr'>inter</span> <span class='ocrx_word' id='word_1_292' title='bbox 1672 2903 1761 2977; x_wconf 91' lang='lat' dir='ltr'>illos,</span> <span class='ocrx_word' id='word_1_293' title='bbox 1778 2904 1832 2983; x_wconf 86' lang='lat' dir='ltr'>qui</span> <span class='ocrx_word' id='word_1_294' title='bbox 1847 2903 1928 2978; x_wconf 90' lang='lat' dir='ltr'>longe</span> 
     </span>
     <span class='ocr_line' id='line_1_28' title="bbox 305 2991 1983 3078; baseline 0.004 -22"><span class='ocrx_word' id='word_1_295' title='bbox 305 2994 404 3056; x_wconf 89' lang='lat' dir='ltr'>nibus</span> <span class='ocrx_word' id='word_1_296' title='bbox 427 2998 638 3071; x_wconf 87' lang='lat' dir='ltr'>censeantur,</span> <span class='ocrx_word' id='word_1_297' title='bbox 651 2999 708 3076; x_wconf 88' lang='lat' dir='ltr'>qui</span> <span class='ocrx_word' id='word_1_298' title='bbox 729 2999 826 3061; x_wconf 89' lang='lat' dir='ltr'>nobis</span> <span class='ocrx_word' id='word_1_299' title='bbox 846 3001 957 3063; x_wconf 91' lang='lat' dir='ltr'>omnia</span> <span class='ocrx_word' id='word_1_300' title='bbox 973 2999 1099 3063; x_wconf 86' lang='lat' dir='ltr'>instru—</span> <span class='ocrx_word' id='word_1_301' title='bbox 1153 2999 1240 3071; x_wconf 89' lang='lat' dir='ltr'>sunt,</span> <span class='ocrx_word' id='word_1_302' title='bbox 1272 2997 1385 3078; x_wconf 84' lang='lat' dir='ltr'>etqui</span> <span class='ocrx_word' id='word_1_303' title='bbox 1409 3013 1522 3077; x_wconf 92' lang='lat' dir='ltr'>propo,</span> <span class='ocrx_word' id='word_1_304' title='bbox 1548 3001 1714 3062; x_wconf 89' lang='lat' dir='ltr'>seminare</span> <span class='ocrx_word' id='word_1_305' title='bbox 1737 3001 1883 3064; x_wconf 84' lang='lat' dir='ltr'>uolumus</span> <span class='ocrx_word' id='word_1_306' title='bbox 1904 3002 1929 3062; x_wconf 85' lang='lat' dir='ltr'>el</span> <span class='ocrx_word' id='word_1_307' title='bbox 1982 2991 1983 3006; x_wconf 56' lang='lat'>¹</span> 
     </span>
     <span class='ocr_line' id='line_1_29' title="bbox 305 3095 1928 3176; baseline 0.003 -23"><span class='ocrx_word' id='word_1_308' title='bbox 305 3095 429 3166; x_wconf 89' lang='lat' dir='ltr'>menta,</span> <span class='ocrx_word' id='word_1_309' title='bbox 446 3095 570 3172; x_wconf 89' lang='lat' dir='ltr'>scripta</span> <span class='ocrx_word' id='word_1_310' title='bbox 593 3096 647 3157; x_wconf 86' lang='lat' dir='ltr'>rel</span> <span class='ocrx_word' id='word_1_311' title='bbox 675 3097 853 3160; x_wconf 88' lang='lat' dir='ltr'>constituta</span> <span class='ocrx_word' id='word_1_312' title='bbox 876 3097 1025 3160; x_wconf 89' lang='lat' dir='ltr'>coniecta</span> <span class='ocrx_word' id='word_1_313' title='bbox 1040 3115 1099 3160; x_wconf 86' lang='lat' dir='ltr'>su·</span> <span class='ocrx_word' id='word_1_314' title='bbox 1153 3095 1333 3158; x_wconf 90' lang='lat' dir='ltr'>studiosius</span> <span class='ocrx_word' id='word_1_315' title='bbox 1364 3097 1577 3159; x_wconf 79' lang='lat' dir='ltr'>conservare.</span> <span class='ocrx_word' id='word_1_316' title='bbox 1602 3099 1688 3160; x_wconf 90' lang='lat' dir='ltr'>Hinc</span> <span class='ocrx_word' id='word_1_317' title='bbox 1706 3099 1758 3160; x_wconf 90' lang='lat' dir='ltr'>est</span> <span class='ocrx_word' id='word_1_318' title='bbox 1779 3097 1861 3176; x_wconf 87' lang='lat' dir='ltr'>quod</span> <span class='ocrx_word' id='word_1_319' title='bbox 1880 3113 1928 3159; x_wconf 90' lang='lat' dir='ltr'>uos</span> 
     </span>
     <span class='ocr_line' id='line_1_30' title="bbox 306 3191 1930 3273; baseline 0.002 -22"><span class='ocrx_word' id='word_1_320' title='bbox 306 3205 366 3267; x_wconf 85' lang='lat' dir='ltr'>pra</span> <span class='ocrx_word' id='word_1_321' title='bbox 387 3191 440 3251; x_wconf 89' lang='lat' dir='ltr'>his</span> <span class='ocrx_word' id='word_1_322' title='bbox 466 3192 686 3268; x_wconf 83' lang='lat' dir='ltr'>neglexerunt</span> <span class='ocrx_word' id='word_1_323' title='bbox 709 3195 891 3270; x_wconf 90' lang='lat' dir='ltr'>resignare,</span> <span class='ocrx_word' id='word_1_324' title='bbox 914 3197 1036 3273; x_wconf 87' lang='lat' dir='ltr'>quique</span> <span class='ocrx_word' id='word_1_325' title='bbox 1058 3195 1098 3256; x_wconf 91' lang='lat' dir='ltr'>de</span> <span class='ocrx_word' id='word_1_326' title='bbox 1153 3207 1267 3272; x_wconf 87' lang='lat' dir='ltr'>pacem</span> <span class='ocrx_word' id='word_1_327' title='bbox 1284 3193 1371 3255; x_wconf 89' lang='lat' dir='ltr'>inter</span> <span class='ocrx_word' id='word_1_328' title='bbox 1388 3211 1447 3256; x_wconf 85' lang='lat' dir='ltr'>ros</span> <span class='ocrx_word' id='word_1_329' title='bbox 1463 3195 1585 3258; x_wconf 89' lang='lat' dir='ltr'>milites</span> <span class='ocrx_word' id='word_1_330' title='bbox 1600 3197 1633 3258; x_wconf 89' lang='lat' dir='ltr'>et</span> <span class='ocrx_word' id='word_1_331' title='bbox 1646 3195 1803 3272; x_wconf 95' lang='lat' dir='ltr'>populum</span> <span class='ocrx_word' id='word_1_332' title='bbox 1819 3211 1876 3272; x_wconf 91' lang='lat' dir='ltr'>per</span> <span class='ocrx_word' id='word_1_333' title='bbox 1888 3195 1930 3255; x_wconf 91' lang='lat' dir='ltr'>di·</span> 
     </span>
     <span class='ocr_line' id='line_1_31' title="bbox 307 3289 1929 3370; baseline 0.004 -22"><span class='ocrx_word' id='word_1_334' title='bbox 307 3289 428 3349; x_wconf 83' lang='lat' dir='ltr'>caetero</span> <span class='ocrx_word' id='word_1_335' title='bbox 452 3289 643 3365; x_wconf 87' lang='lat' dir='ltr'>hujusmodi</span> <span class='ocrx_word' id='word_1_336' title='bbox 668 3307 704 3352; x_wconf 90' lang='lat' dir='ltr'>se</span> <span class='ocrx_word' id='word_1_337' title='bbox 730 3291 849 3354; x_wconf 89' lang='lat' dir='ltr'>oidciis</span> <span class='ocrx_word' id='word_1_338' title='bbox 872 3309 1096 3370; x_wconf 88' lang='lat' dir='ltr'>praesumpsa-</span> <span class='ocrx_word' id='word_1_339' title='bbox 1152 3293 1274 3354; x_wconf 91' lang='lat' dir='ltr'>lectum</span> <span class='ocrx_word' id='word_1_340' title='bbox 1299 3291 1404 3352; x_wconf 90' lang='lat' dir='ltr'>illium</span> <span class='ocrx_word' id='word_1_341' title='bbox 1435 3293 1565 3354; x_wconf 84' lang='lat' dir='ltr'>Sanctae</span> <span class='ocrx_word' id='word_1_342' title='bbox 1597 3291 1749 3356; x_wconf 86' lang='lat' dir='ltr'>basilicae</span> <span class='ocrx_word' id='word_1_343' title='bbox 1773 3293 1929 3356; x_wconf 90' lang='lat' dir='ltr'>duodecim</span> 
     </span>
     <span class='ocr_line' id='line_1_32' title="bbox 304 3385 1983 3468; baseline 0.004 -21"><span class='ocrx_word' id='word_1_344' title='bbox 304 3386 374 3448; x_wconf 92' lang='lat' dir='ltr'>rint</span> <span class='ocrx_word' id='word_1_345' title='bbox 389 3385 575 3462; x_wconf 88' lang='lat' dir='ltr'>immiscere</span> <span class='ocrx_word' id='word_1_346' title='bbox 588 3388 661 3449; x_wconf 91' lang='lat' dir='ltr'>sine</span> <span class='ocrx_word' id='word_1_347' title='bbox 675 3389 830 3452; x_wconf 87' lang='lat' dir='ltr'>mandato</span> <span class='ocrx_word' id='word_1_348' title='bbox 848 3390 943 3452; x_wconf 87' lang='lat' dir='ltr'>sedis</span> <span class='ocrx_word' id='word_1_349' title='bbox 957 3391 1099 3468; x_wconf 79' lang='lat' dir='ltr'>Aposto-</span> <span class='ocrx_word' id='word_1_350' title='bbox 1153 3389 1385 3466; x_wconf 88' lang='lat' dir='ltr'>Apostolorum</span> <span class='ocrx_word' id='word_1_351' title='bbox 1401 3389 1631 3468; x_wconf 85' lang='lat' dir='ltr'>preshyterum</span> <span class='ocrx_word' id='word_1_352' title='bbox 1653 3389 1861 3464; x_wconf 87' lang='lat' dir='ltr'>cardinalem,</span> <span class='ocrx_word' id='word_1_353' title='bbox 1879 3407 1928 3453; x_wconf 87' lang='lat' dir='ltr'>ca·</span> <span class='ocrx_word' id='word_1_354' title='bbox 1982 3387 1983 3398; x_wconf 75' lang='grc'>’</span> 
     </span>
     <span class='ocr_line' id='line_1_33' title="bbox 305 3483 1927 3564; baseline 0.002 -20"><span class='ocrx_word' id='word_1_355' title='bbox 305 3483 381 3544; x_wconf 88' lang='lat' dir='ltr'>licae</span> <span class='ocrx_word' id='word_1_356' title='bbox 407 3484 556 3560; x_wconf 90' lang='lat' dir='ltr'>speciali,</span> <span class='ocrx_word' id='word_1_357' title='bbox 579 3485 712 3563; x_wconf 87' lang='lat' dir='ltr'>judices</span> <span class='ocrx_word' id='word_1_358' title='bbox 739 3501 870 3564; x_wconf 88' lang='lat' dir='ltr'>quoque</span> <span class='ocrx_word' id='word_1_359' title='bbox 894 3503 934 3549; x_wconf 91' lang='lat' dir='ltr'>ac</span> <span class='ocrx_word' id='word_1_360' title='bbox 961 3489 1097 3556; x_wconf 89' lang='lat' dir='ltr'>notarii,</span> <span class='ocrx_word' id='word_1_361' title='bbox 1142 3485 1333 3548; x_wconf 82' lang='lat' dir='ltr'>&#39;mererium</span> <span class='ocrx_word' id='word_1_362' title='bbox 1359 3486 1519 3561; x_wconf 92' lang='lat' dir='ltr'>nostrum,</span> <span class='ocrx_word' id='word_1_363' title='bbox 1547 3488 1581 3550; x_wconf 90' lang='lat' dir='ltr'>ot</span> <span class='ocrx_word' id='word_1_364' title='bbox 1605 3487 1750 3550; x_wconf 90' lang='lat' dir='ltr'>nobilem</span> <span class='ocrx_word' id='word_1_365' title='bbox 1776 3489 1877 3550; x_wconf 85' lang='lat' dir='ltr'>uirum</span> <span class='ocrx_word' id='word_1_366' title='bbox 1898 3491 1927 3549; x_wconf 88' lang='lat' dir='ltr'>B.</span> 
     </span>
     <span class='ocr_line' id='line_1_34' title="bbox 306 3581 1929 3664; baseline 0.004 -24"><span class='ocrx_word' id='word_1_367' title='bbox 306 3581 364 3659; x_wconf 87' lang='lat' dir='ltr'>qui</span> <span class='ocrx_word' id='word_1_368' title='bbox 385 3582 519 3658; x_wconf 87' lang='lat' dir='ltr'>scripta,</span> <span class='ocrx_word' id='word_1_369' title='bbox 534 3583 642 3658; x_wconf 90' lang='lat' dir='ltr'>rogita</span> <span class='ocrx_word' id='word_1_370' title='bbox 658 3599 717 3644; x_wconf 89' lang='lat' dir='ltr'>seu</span> <span class='ocrx_word' id='word_1_371' title='bbox 735 3583 917 3662; x_wconf 88' lang='lat' dir='ltr'>protocolla</span> <span class='ocrx_word' id='word_1_372' title='bbox 931 3601 1032 3662; x_wconf 90' lang='lat' dir='ltr'>super</span> <span class='ocrx_word' id='word_1_373' title='bbox 1046 3583 1098 3647; x_wconf 91' lang='lat' dir='ltr'>his</span> <span class='ocrx_word' id='word_1_374' title='bbox 1153 3583 1298 3646; x_wconf 88' lang='lat' dir='ltr'>Oddouis</span> <span class='ocrx_word' id='word_1_375' title='bbox 1312 3583 1467 3656; x_wconf 91' lang='lat' dir='ltr'>Bobonis,</span> <span class='ocrx_word' id='word_1_376' title='bbox 1479 3585 1673 3661; x_wconf 86' lang='lat' dir='ltr'>potestatam</span> <span class='ocrx_word' id='word_1_377' title='bbox 1694 3586 1846 3660; x_wconf 82' lang='lat' dir='ltr'>uestram,</span> <span class='ocrx_word' id='word_1_378' title='bbox 1860 3601 1929 3664; x_wconf 93' lang='lat' dir='ltr'>pro·</span> 
     </span>
     <span class='ocr_line' id='line_1_35' title="bbox 305 3678 1931 3760; baseline 0.002 -19"><span class='ocrx_word' id='word_1_379' title='bbox 305 3678 455 3741; x_wconf 85' lang='lat' dir='ltr'>coniecta</span> <span class='ocrx_word' id='word_1_380' title='bbox 473 3681 728 3757; x_wconf 90' lang='lat' dir='ltr'>suppresserint,</span> <span class='ocrx_word' id='word_1_381' title='bbox 745 3683 1098 3745; x_wconf 80' lang='lat' dir='ltr'>excommunicationis</span> <span class='ocrx_word' id='word_1_382' title='bbox 1153 3683 1228 3744; x_wconf 89' lang='lat' dir='ltr'>vide</span> <span class='ocrx_word' id='word_1_383' title='bbox 1241 3681 1430 3744; x_wconf 90' lang='lat' dir='ltr'>ordinatum</span> <span class='ocrx_word' id='word_1_384' title='bbox 1444 3683 1477 3744; x_wconf 89' lang='lat' dir='ltr'>ot</span> <span class='ocrx_word' id='word_1_385' title='bbox 1496 3696 1516 3743; x_wconf 88' lang='lat' dir='ltr'>a</span> <span class='ocrx_word' id='word_1_386' title='bbox 1531 3681 1625 3744; x_wconf 83' lang='lat' dir='ltr'>robis</span> <span class='ocrx_word' id='word_1_387' title='bbox 1633 3685 1823 3760; x_wconf 88' lang='lat' dir='ltr'>juramento</span> <span class='ocrx_word' id='word_1_388' title='bbox 1837 3683 1931 3744; x_wconf 82' lang='lat' dir='ltr'>firma·</span> 
     </span>
     <span class='ocr_line' id='line_1_36' title="bbox 304 3778 1928 3859; baseline 0.002 -21"><span class='ocrx_word' id='word_1_389' title='bbox 304 3778 440 3838; x_wconf 83' lang='lat' dir='ltr'>uinculo</span> <span class='ocrx_word' id='word_1_390' title='bbox 465 3778 675 3852; x_wconf 89' lang='lat' dir='ltr'>innodamus,</span> <span class='ocrx_word' id='word_1_391' title='bbox 690 3780 723 3842; x_wconf 92' lang='lat' dir='ltr'>et</span> <span class='ocrx_word' id='word_1_392' title='bbox 746 3781 881 3858; x_wconf 85' lang='lat' dir='ltr'>scripta,</span> <span class='ocrx_word' id='word_1_393' title='bbox 906 3795 978 3859; x_wconf 85' lang='lat' dir='ltr'>quae</span> <span class='ocrx_word' id='word_1_394' title='bbox 999 3797 1099 3857; x_wconf 90' lang='lat' dir='ltr'>super</span> <span class='ocrx_word' id='word_1_395' title='bbox 1151 3782 1234 3850; x_wconf 89' lang='lat' dir='ltr'>tum,</span> <span class='ocrx_word' id='word_1_396' title='bbox 1249 3779 1399 3842; x_wconf 81' lang='lat' dir='ltr'>uolentes</span> <span class='ocrx_word' id='word_1_397' title='bbox 1420 3779 1609 3842; x_wconf 84' lang='lat' dir='ltr'>firmitatem</span> <span class='ocrx_word' id='word_1_398' title='bbox 1624 3779 1769 3844; x_wconf 89' lang='lat' dir='ltr'>debitam</span> <span class='ocrx_word' id='word_1_399' title='bbox 1784 3781 1928 3852; x_wconf 87' lang='lat' dir='ltr'>obtinere,</span> 
     </span>
     <span class='ocr_line' id='line_1_37' title="bbox 304 3875 1983 3960; baseline 0.001 -23"><span class='ocrx_word' id='word_1_400' title='bbox 304 3875 359 3938; x_wconf 91' lang='lat' dir='ltr'>his</span> <span class='ocrx_word' id='word_1_401' title='bbox 385 3875 611 3953; x_wconf 89' lang='lat' dir='ltr'>apparuerint,</span> <span class='ocrx_word' id='word_1_402' title='bbox 635 3877 729 3940; x_wconf 88' lang='lat' dir='ltr'>irrita</span> <span class='ocrx_word' id='word_1_403' title='bbox 741 3877 934 3955; x_wconf 89' lang='lat' dir='ltr'>jndioando,</span> <span class='ocrx_word' id='word_1_404' title='bbox 950 3877 1097 3956; x_wconf 92' lang='lat' dir='ltr'>ipsorum</span> <span class='ocrx_word' id='word_1_405' title='bbox 1153 3877 1366 3956; x_wconf 83' lang='lat' dir='ltr'>praesentium</span> <span class='ocrx_word' id='word_1_406' title='bbox 1383 3875 1476 3939; x_wconf 84' lang='lat' dir='ltr'>vobis</span> <span class='ocrx_word' id='word_1_407' title='bbox 1492 3879 1690 3940; x_wconf 86' lang='lat' dir='ltr'>auctoritate</span> <span class='ocrx_word' id='word_1_408' title='bbox 1703 3880 1890 3940; x_wconf 90' lang='lat' dir='ltr'>mandamus</span> <span class='ocrx_word' id='word_1_409' title='bbox 1903 3879 1930 3938; x_wconf 89' lang='lat' dir='ltr'>et</span> <span class='ocrx_word' id='word_1_410' title='bbox 1982 3891 1983 3960; x_wconf 59' lang='lat' dir='ltr'>t</span> 
     </span>
     <span class='ocr_line' id='line_1_38' title="bbox 304 3973 1983 4072; baseline -0.001 -35"><span class='ocrx_word' id='word_1_411' title='bbox 304 3975 458 4038; x_wconf 88' lang='lat' dir='ltr'>auctores</span> <span class='ocrx_word' id='word_1_412' title='bbox 472 3974 513 4036; x_wconf 88' lang='lat' dir='ltr'>do</span> <span class='ocrx_word' id='word_1_413' title='bbox 528 3976 648 4036; x_wconf 88' lang='lat' dir='ltr'>caetero</span> <span class='ocrx_word' id='word_1_414' title='bbox 669 3975 816 4051; x_wconf 88' lang='lat' dir='ltr'>privatos</span> <span class='ocrx_word' id='word_1_415' title='bbox 833 3976 942 4039; x_wconf 86' lang='lat' dir='ltr'>cilicio</span> <span class='ocrx_word' id='word_1_416' title='bbox 958 3993 1018 4039; x_wconf 90' lang='lat' dir='ltr'>suo</span> <span class='ocrx_word' id='word_1_417' title='bbox 1040 3977 1099 4039; x_wconf 92' lang='lat' dir='ltr'>de·</span> <span class='ocrx_word' id='word_1_418' title='bbox 1152 3976 1302 4039; x_wconf 90' lang='lat' dir='ltr'>districta</span> <span class='ocrx_word' id='word_1_419' title='bbox 1313 3975 1525 4054; x_wconf 81' lang='lat' dir='ltr'>praecipimus</span> <span class='ocrx_word' id='word_1_420' title='bbox 1541 3973 1601 4038; x_wconf 90' lang='lat' dir='ltr'>sub</span> <span class='ocrx_word' id='word_1_421' title='bbox 1617 3975 1727 4039; x_wconf 89' lang='lat' dir='ltr'>debito</span> <span class='ocrx_word' id='word_1_422' title='bbox 1740 3977 1873 4056; x_wconf 87' lang='lat' dir='ltr'>praestiii</span> <span class='ocrx_word' id='word_1_423' title='bbox 1877 3978 1927 4054; x_wconf 88' lang='lat' dir='ltr'>jn·</span> <span class='ocrx_word' id='word_1_424' title='bbox 1982 3979 1983 4072; x_wconf 68' lang='lat' dir='ltr'>l</span> 
     </span>
     <span class='ocr_line' id='line_1_39' title="bbox 305 4071 1928 4154; baseline -0.001 -20"><span class='ocrx_word' id='word_1_425' title='bbox 305 4072 473 4134; x_wconf 91' lang='lat' dir='ltr'>cernimus</span> <span class='ocrx_word' id='word_1_426' title='bbox 495 4073 567 4148; x_wconf 88' lang='lat' dir='ltr'>ipso</span> <span class='ocrx_word' id='word_1_427' title='bbox 588 4071 686 4134; x_wconf 84' lang='lat' dir='ltr'>iacto.</span> <span class='ocrx_word' id='word_1_428' title='bbox 716 4074 786 4135; x_wconf 86' lang='lat' dir='ltr'>Etsi</span> <span class='ocrx_word' id='word_1_429' title='bbox 801 4090 863 4136; x_wconf 89' lang='lat' dir='ltr'>neo</span> <span class='ocrx_word' id='word_1_430' title='bbox 884 4075 932 4137; x_wconf 90' lang='lat' dir='ltr'>sic</span> <span class='ocrx_word' id='word_1_431' title='bbox 951 4075 1096 4153; x_wconf 87' lang='lat' dir='ltr'>judices,</span> <span class='ocrx_word' id='word_1_432' title='bbox 1153 4073 1307 4146; x_wconf 88' lang='lat' dir='ltr'>ramenti,</span> <span class='ocrx_word' id='word_1_433' title='bbox 1322 4076 1486 4151; x_wconf 89' lang='lat' dir='ltr'>quatenus</span> <span class='ocrx_word' id='word_1_434' title='bbox 1502 4088 1617 4150; x_wconf 91' lang='lat' dir='ltr'>pacem</span> <span class='ocrx_word' id='word_1_435' title='bbox 1632 4073 1751 4151; x_wconf 88' lang='lat' dir='ltr'>ipsam,</span> <span class='ocrx_word' id='word_1_436' title='bbox 1768 4077 1860 4154; x_wconf 92' lang='lat' dir='ltr'>prout</span> <span class='ocrx_word' id='word_1_437' title='bbox 1877 4089 1928 4135; x_wconf 84' lang='lat' dir='ltr'>aa·</span> 
     </span>
     <span class='ocr_line' id='line_1_40' title="bbox 305 4169 1929 4251; baseline -0.002 -18"><span class='ocrx_word' id='word_1_438' title='bbox 305 4171 429 4233; x_wconf 90' lang='lat' dir='ltr'>notarii</span> <span class='ocrx_word' id='word_1_439' title='bbox 450 4171 483 4233; x_wconf 90' lang='lat' dir='ltr'>et</span> <span class='ocrx_word' id='word_1_440' title='bbox 502 4169 561 4231; x_wconf 90' lang='lat' dir='ltr'>alii</span> <span class='ocrx_word' id='word_1_441' title='bbox 585 4169 768 4248; x_wconf 90' lang='lat' dir='ltr'>supradicti</span> <span class='ocrx_word' id='word_1_442' title='bbox 790 4187 811 4233; x_wconf 88' lang='lat' dir='ltr'>a</span> <span class='ocrx_word' id='word_1_443' title='bbox 831 4188 890 4234; x_wconf 89' lang='lat' dir='ltr'>sua</span> <span class='ocrx_word' id='word_1_444' title='bbox 914 4189 1099 4251; x_wconf 91' lang='lat' dir='ltr'>praesump-</span> <span class='ocrx_word' id='word_1_445' title='bbox 1153 4172 1226 4234; x_wconf 94' lang='lat' dir='ltr'>dem</span> <span class='ocrx_word' id='word_1_446' title='bbox 1254 4171 1395 4233; x_wconf 81' lang='lat' dir='ltr'>inferius</span> <span class='ocrx_word' id='word_1_447' title='bbox 1421 4173 1473 4232; x_wconf 86' lang='lat' dir='ltr'>est</span> <span class='ocrx_word' id='word_1_448' title='bbox 1496 4171 1676 4248; x_wconf 88' lang='lat' dir='ltr'>descripta,</span> <span class='ocrx_word' id='word_1_449' title='bbox 1707 4171 1929 4235; x_wconf 81' lang='lat' dir='ltr'>inviolabiliter</span> 
     </span>
     <span class='ocr_line' id='line_1_41' title="bbox 304 4267 1983 4358; baseline -0.003 -22"><span class='ocrx_word' id='word_1_450' title='bbox 304 4269 396 4336; x_wconf 87' lang='lat' dir='ltr'>tione</span> <span class='ocrx_word' id='word_1_451' title='bbox 424 4267 622 4342; x_wconf 89' lang='lat' dir='ltr'>destiterint,</span> <span class='ocrx_word' id='word_1_452' title='bbox 651 4269 766 4330; x_wconf 89' lang='lat' dir='ltr'>contra</span> <span class='ocrx_word' id='word_1_453' title='bbox 792 4270 951 4346; x_wconf 86' lang='lat' dir='ltr'>praedicta</span> <span class='ocrx_word' id='word_1_454' title='bbox 972 4272 1097 4334; x_wconf 87' lang='lat' dir='ltr'>temere</span> <span class='ocrx_word' id='word_1_455' title='bbox 1153 4269 1345 4341; x_wconf 88' lang='lat' dir='ltr'>observetis,</span> <span class='ocrx_word' id='word_1_456' title='bbox 1364 4269 1479 4332; x_wconf 90' lang='lat' dir='ltr'>scituri</span> <span class='ocrx_word' id='word_1_457' title='bbox 1500 4284 1561 4347; x_wconf 92' lang='lat' dir='ltr'>pro</span> <span class='ocrx_word' id='word_1_458' title='bbox 1574 4269 1676 4343; x_wconf 89' lang='lat' dir='ltr'>certo,</span> <span class='ocrx_word' id='word_1_459' title='bbox 1690 4271 1776 4349; x_wconf 86' lang='lat' dir='ltr'>quod</span> <span class='ocrx_word' id='word_1_460' title='bbox 1793 4272 1928 4349; x_wconf 89' lang='lat' dir='ltr'>quicum-</span> <span class='ocrx_word' id='word_1_461' title='bbox 1982 4323 1983 4358; x_wconf 32' lang='lat' dir='ltr'>f</span> 
     </span>
     <span class='ocr_line' id='line_1_42' title="bbox 305 4365 1927 4446; baseline 0.002 -15"><span class='ocrx_word' id='word_1_462' title='bbox 305 4367 482 4440; x_wconf 82' lang='lat' dir='ltr'>veniend0,</span> <span class='ocrx_word' id='word_1_463' title='bbox 498 4365 636 4444; x_wconf 88' lang='lat' dir='ltr'>quilibet</span> <span class='ocrx_word' id='word_1_464' title='bbox 649 4381 775 4440; x_wconf 88' lang='lat' dir='ltr'>eorum,</span> <span class='ocrx_word' id='word_1_465' title='bbox 788 4383 847 4444; x_wconf 92' lang='lat' dir='ltr'>pro</span> <span class='ocrx_word' id='word_1_466' title='bbox 863 4368 1010 4445; x_wconf 90' lang='lat' dir='ltr'>quolibet</span> <span class='ocrx_word' id='word_1_467' title='bbox 1021 4371 1098 4432; x_wconf 90' lang='lat' dir='ltr'>actu</span> <span class='ocrx_word' id='word_1_468' title='bbox 1153 4384 1216 4446; x_wconf 89' lang='lat' dir='ltr'>que</span> <span class='ocrx_word' id='word_1_469' title='bbox 1231 4369 1347 4430; x_wconf 90' lang='lat' dir='ltr'>contra</span> <span class='ocrx_word' id='word_1_470' title='bbox 1362 4367 1471 4444; x_wconf 89' lang='lat' dir='ltr'>ipsam</span> <span class='ocrx_word' id='word_1_471' title='bbox 1490 4368 1614 4430; x_wconf 90' lang='lat' dir='ltr'>temere</span> <span class='ocrx_word' id='word_1_472' title='bbox 1627 4368 1744 4430; x_wconf 81' lang='lat' dir='ltr'>uenire</span> <span class='ocrx_word' id='word_1_473' title='bbox 1758 4367 1927 4434; x_wconf 80' lang='lat' dir='ltr'>tentaverit,</span> 
     </span>
     <span class='ocr_line' id='line_1_43' title="bbox 305 4465 1983 4544; baseline -0.005 -15"><span class='ocrx_word' id='word_1_474' title='bbox 305 4465 486 4538; x_wconf 89' lang='lat' dir='ltr'>contrario,</span> <span class='ocrx_word' id='word_1_475' title='bbox 503 4465 780 4544; x_wconf 86' lang='lat' dir='ltr'>bannumuiginti</span> <span class='ocrx_word' id='word_1_476' title='bbox 802 4465 963 4527; x_wconf 89' lang='lat' dir='ltr'>librarum</span> <span class='ocrx_word' id='word_1_477' title='bbox 976 4467 1096 4530; x_wconf 85' lang='lat' dir='ltr'>Gamo·</span> <span class='ocrx_word' id='word_1_478' title='bbox 1153 4467 1274 4543; x_wconf 84' lang='lat' dir='ltr'>praeter</span> <span class='ocrx_word' id='word_1_479' title='bbox 1291 4467 1419 4527; x_wconf 88' lang='lat' dir='ltr'>reatum</span> <span class='ocrx_word' id='word_1_480' title='bbox 1436 4465 1575 4542; x_wconf 78' lang='lat' dir='ltr'>perJurii</span> <span class='ocrx_word' id='word_1_481' title='bbox 1593 4465 1927 4529; x_wconf 85' lang='lat' dir='ltr'>diriuametuostram</span> <span class='ocrx_word' id='word_1_482' title='bbox 1982 4505 1983 4520; x_wconf 69' lang='lat'>,</span> 
     </span>
     <span class='ocr_line' id='line_1_44' title="bbox 285 4560 1983 4644; baseline -0.004 -18"><span class='ocrx_word' id='word_1_483' title='bbox 285 4560 352 4628; x_wconf 79' lang='lat' dir='ltr'>&#39;rae</span> <span class='ocrx_word' id='word_1_484' title='bbox 376 4565 559 4627; x_wconf 89' lang='lat' dir='ltr'>communis</span> <span class='ocrx_word' id='word_1_485' title='bbox 577 4566 763 4643; x_wconf 88' lang='lat' dir='ltr'>componat,</span> <span class='ocrx_word' id='word_1_486' title='bbox 781 4568 876 4644; x_wconf 90' lang='lat' dir='ltr'>cujus</span> <span class='ocrx_word' id='word_1_487' title='bbox 891 4565 989 4627; x_wconf 86' lang='lat' dir='ltr'>tertia</span> <span class='ocrx_word' id='word_1_488' title='bbox 1010 4581 1099 4643; x_wconf 84' lang='lat' dir='ltr'>proe-</span> <span class='ocrx_word' id='word_1_489' title='bbox 1152 4563 1428 4640; x_wconf 81' lang='lat' dir='ltr'>indignationem,</span> <span class='ocrx_word' id='word_1_490' title='bbox 1442 4579 1572 4624; x_wconf 90' lang='lat' dir='ltr'>necnon</span> <span class='ocrx_word' id='word_1_491' title='bbox 1582 4565 1616 4625; x_wconf 87' lang='lat' dir='ltr'>et</span> <span class='ocrx_word' id='word_1_492' title='bbox 1623 4581 1755 4641; x_wconf 91' lang='lat' dir='ltr'>poenam</span> <span class='ocrx_word' id='word_1_493' title='bbox 1764 4567 1860 4642; x_wconf 75' lang='lat' dir='ltr'>tuxia</span> <span class='ocrx_word' id='word_1_494' title='bbox 1869 4577 1928 4624; x_wconf 91' lang='lat' dir='ltr'>uos·</span> <span class='ocrx_word' id='word_1_495' title='bbox 1982 4571 1983 4620; x_wconf 63' lang='grc' dir='ltr'>ζ</span> 
     </span>
     <span class='ocr_line' id='line_1_45' title="bbox 304 4659 1983 4741; baseline -0.004 -17"><span class='ocrx_word' id='word_1_496' title='bbox 304 4665 356 4725; x_wconf 88' lang='lat' dir='ltr'>ter</span> <span class='ocrx_word' id='word_1_497' title='bbox 370 4664 529 4724; x_wconf 88' lang='lat' dir='ltr'>salarium</span> <span class='ocrx_word' id='word_1_498' title='bbox 546 4679 643 4725; x_wconf 91' lang='lat' dir='ltr'>suum</span> <span class='ocrx_word' id='word_1_499' title='bbox 659 4664 826 4740; x_wconf 87' lang='lat' dir='ltr'>potestati,</span> <span class='ocrx_word' id='word_1_500' title='bbox 845 4663 901 4741; x_wconf 86' lang='lat' dir='ltr'>qui</span> <span class='ocrx_word' id='word_1_501' title='bbox 924 4678 984 4741; x_wconf 92' lang='lat' dir='ltr'>pro</span> <span class='ocrx_word' id='word_1_502' title='bbox 1007 4665 1096 4726; x_wconf 90' lang='lat' dir='ltr'>tam·</span> <span class='ocrx_word' id='word_1_503' title='bbox 1152 4663 1195 4723; x_wconf 88' lang='lat' dir='ltr'>tri</span> <span class='ocrx_word' id='word_1_504' title='bbox 1215 4659 1346 4724; x_wconf 89' lang='lat' dir='ltr'>arbitrii</span> <span class='ocrx_word' id='word_1_505' title='bbox 1365 4659 1570 4722; x_wconf 86' lang='lat' dir='ltr'>uoluntatem</span> <span class='ocrx_word' id='word_1_506' title='bbox 1589 4661 1769 4723; x_wconf 78' lang='lat' dir='ltr'>taxarmam</span> <span class='ocrx_word' id='word_1_507' title='bbox 1786 4659 1925 4723; x_wconf 86' lang='lat' dir='ltr'>incurret.</span> <span class='ocrx_word' id='word_1_508' title='bbox 1982 4685 1983 4690; x_wconf 19' lang='grc' dir='ltr'>ο</span> 
     </span>
     <span class='ocr_line' id='line_1_46' title="bbox 306 4755 1983 4846; baseline -0.006 -22"><span class='ocrx_word' id='word_1_509' title='bbox 306 4779 387 4841; x_wconf 89' lang='lat' dir='ltr'>poro</span> <span class='ocrx_word' id='word_1_510' title='bbox 401 4762 512 4834; x_wconf 85' lang='lat' dir='ltr'>suerit,</span> <span class='ocrx_word' id='word_1_511' title='bbox 529 4761 725 4840; x_wconf 86' lang='lat' dir='ltr'>applicetur.</span> <span class='ocrx_word' id='word_1_512' title='bbox 1155 4761 1194 4821; x_wconf 90' lang='lat' dir='ltr'>Ut</span> <span class='ocrx_word' id='word_1_513' title='bbox 1210 4759 1322 4821; x_wconf 82' lang='lat' dir='ltr'>auriam</span> <span class='ocrx_word' id='word_1_514' title='bbox 1337 4759 1451 4819; x_wconf 93' lang='lat' dir='ltr'>nullus</span> <span class='ocrx_word' id='word_1_515' title='bbox 1473 4773 1532 4835; x_wconf 90' lang='lat' dir='ltr'>per</span> <span class='ocrx_word' id='word_1_516' title='bbox 1548 4758 1772 4836; x_wconf 81' lang='lat' dir='ltr'>ignorantiam</span> <span class='ocrx_word' id='word_1_517' title='bbox 1787 4775 1823 4821; x_wconf 91' lang='lat' dir='ltr'>se</span> <span class='ocrx_word' id='word_1_518' title='bbox 1836 4755 1928 4821; x_wconf 80' lang='lat' dir='ltr'>ualeat</span> <span class='ocrx_word' id='word_1_519' title='bbox 1982 4843 1983 4846; x_wconf 8' lang='grc' dir='ltr'><strong>Ἴ</strong></span> 
     </span>
     <span class='ocr_line' id='line_1_47' title="bbox 345 4857 1983 4950; baseline -0.006 -26"><span class='ocrx_word' id='word_1_520' title='bbox 345 4861 654 4936; x_wconf 78' lang='lat' dir='ltr'>«Quamvisautem</span> <span class='ocrx_word' id='word_1_521' title='bbox 669 4874 809 4936; x_wconf 87' lang='lat' dir='ltr'>poenam,</span> <span class='ocrx_word' id='word_1_522' title='bbox 823 4861 1097 4938; x_wconf 86' lang='lat' dir='ltr'>quamrenieudo</span> <span class='ocrx_word' id='word_1_523' title='bbox 1152 4873 1327 4931; x_wconf 75' lang='lat' dir='ltr'>excusare,</span> <span class='ocrx_word' id='word_1_524' title='bbox 1352 4857 1519 4934; x_wconf 77' lang='lat' dir='ltr'>praedictae</span> <span class='ocrx_word' id='word_1_525' title='bbox 1548 4859 1641 4935; x_wconf 88' lang='lat' dir='ltr'>pacis</span> <span class='ocrx_word' id='word_1_526' title='bbox 1664 4861 1825 4932; x_wconf 88' lang='lat' dir='ltr'>tenorem,</span> <span class='ocrx_word' id='word_1_527' title='bbox 1848 4869 1926 4936; x_wconf 75' lang='lat' dir='ltr'>quiem</span> <span class='ocrx_word' id='word_1_528' title='bbox 1982 4879 1983 4950; x_wconf 66' lang='lat'><em>}</em></span> 
     </span>
     <span class='ocr_line' id='line_1_48' title="bbox 305 4953 1983 5037; baseline -0.008 -11"><span class='ocrx_word' id='word_1_529' title='bbox 305 4962 420 5026; x_wconf 89' lang='lat' dir='ltr'>contra</span> <span class='ocrx_word' id='word_1_530' title='bbox 450 4973 566 5037; x_wconf 89' lang='lat' dir='ltr'>pacem</span> <span class='ocrx_word' id='word_1_531' title='bbox 592 4957 713 5019; x_wconf 89' lang='lat' dir='ltr'>iactam</span> <span class='ocrx_word' id='word_1_532' title='bbox 735 4973 755 5018; x_wconf 88' lang='lat' dir='ltr'>a</span> <span class='ocrx_word' id='word_1_533' title='bbox 779 4960 963 5020; x_wconf 88' lang='lat' dir='ltr'>camerario</span> <span class='ocrx_word' id='word_1_534' title='bbox 985 4959 1018 5020; x_wconf 90' lang='lat' dir='ltr'>et</span> <span class='ocrx_word' id='word_1_535' title='bbox 1038 4961 1099 5022; x_wconf 92' lang='lat' dir='ltr'>Bo-</span> <span class='ocrx_word' id='word_1_536' title='bbox 1152 4955 1318 5019; x_wconf 77' lang='lat' dir='ltr'>uniuersis</span> <span class='ocrx_word' id='word_1_537' title='bbox 1331 4955 1364 5016; x_wconf 90' lang='lat' dir='ltr'>et</span> <span class='ocrx_word' id='word_1_538' title='bbox 1378 4954 1519 5031; x_wconf 90' lang='lat' dir='ltr'>singulis</span> <span class='ocrx_word' id='word_1_539' title='bbox 1534 4955 1774 5018; x_wconf 80' lang='lat' dir='ltr'>essevolumus</span> <span class='ocrx_word' id='word_1_540' title='bbox 1787 4953 1927 5018; x_wconf 88' lang='lat' dir='ltr'>maniies-</span> <span class='ocrx_word' id='word_1_541' title='bbox 1982 5023 1983 5028; x_wconf 8' lang='grc' dir='ltr'>ἵ</span> 
     </span>
     <span class='ocr_line' id='line_1_49' title="bbox 304 5051 1983 5142; baseline -0.006 -19"><span class='ocrx_word' id='word_1_542' title='bbox 304 5060 391 5123; x_wconf 88' lang='lat' dir='ltr'>bono</span> <span class='ocrx_word' id='word_1_543' title='bbox 408 5055 587 5135; x_wconf 84' lang='lat' dir='ltr'>praedictis,</span> <span class='ocrx_word' id='word_1_544' title='bbox 604 5054 637 5116; x_wconf 90' lang='lat' dir='ltr'>et</span> <span class='ocrx_word' id='word_1_545' title='bbox 650 5053 959 5131; x_wconf 88' lang='lat' dir='ltr'>interpretationem</span> <span class='ocrx_word' id='word_1_546' title='bbox 972 5055 1097 5117; x_wconf 94' lang='lat' dir='ltr'>domini</span> <span class='ocrx_word' id='word_1_547' title='bbox 1151 5056 1231 5126; x_wconf 93' lang='lat' dir='ltr'>tum,</span> <span class='ocrx_word' id='word_1_548' title='bbox 1255 5051 1475 5132; x_wconf 86' lang='lat' dir='ltr'>praesentibus</span> <span class='ocrx_word' id='word_1_549' title='bbox 1499 5052 1654 5114; x_wconf 82' lang='lat' dir='ltr'>duximus</span> <span class='ocrx_word' id='word_1_550' title='bbox 1677 5053 1890 5116; x_wconf 91' lang='lat' dir='ltr'>inserendum.</span> <span class='ocrx_word' id='word_1_551' title='bbox 1982 5135 1983 5142; x_wconf 6' lang='grc' dir='ltr'>ἵ</span> 
     </span>
     <span class='ocr_line' id='line_1_50' title="bbox 305 5149 1924 5238; baseline -0.007 -18"><span class='ocrx_word' id='word_1_552' title='bbox 305 5173 401 5238; x_wconf 85' lang='lat' dir='ltr'>papae</span> <span class='ocrx_word' id='word_1_553' title='bbox 426 5151 609 5215; x_wconf 85' lang='lat' dir='ltr'>incurrisse</span> <span class='ocrx_word' id='word_1_554' title='bbox 627 5151 809 5212; x_wconf 94' lang='lat' dir='ltr'>noscuntur</span> <span class='ocrx_word' id='word_1_555' title='bbox 823 5152 963 5229; x_wconf 93' lang='lat' dir='ltr'>populus</span> <span class='ocrx_word' id='word_1_556' title='bbox 987 5155 1096 5214; x_wconf 91' lang='lat' dir='ltr'>Peru·</span> <span class='ocrx_word' id='word_1_557' title='bbox 1191 5168 1209 5211; x_wconf 73' lang='lat' dir='ltr'>s</span> <span class='ocrx_word' id='word_1_558' title='bbox 1227 5149 1410 5212; x_wconf 91' lang='lat' dir='ltr'>innomine</span> <span class='ocrx_word' id='word_1_559' title='bbox 1426 5149 1569 5211; x_wconf 87' lang='lat' dir='ltr'>Domini.</span> <span class='ocrx_word' id='word_1_560' title='bbox 1586 5155 1701 5212; x_wconf 89' lang='lat' dir='ltr'>Amen.</span> <span class='ocrx_word' id='word_1_561' title='bbox 1715 5154 1785 5214; x_wconf 90' lang='lat' dir='ltr'>Nos</span> <span class='ocrx_word' id='word_1_562' title='bbox 1800 5149 1924 5230; x_wconf 86' lang='lat' dir='ltr'>Stepha-</span> 
     </span>
     <span class='ocr_line' id='line_1_51' title="bbox 306 5237 1983 5330; baseline -0.005 -13"><span class='ocrx_word' id='word_1_563' title='bbox 306 5249 632 5330; x_wconf 87' lang='lat' dir='ltr'>sinus,posseiidam</span> <span class='ocrx_word' id='word_1_564' title='bbox 649 5245 1097 5329; x_wconf 74' lang='lat' dir='ltr'>[bannumldominusPapa</span> <span class='ocrx_word' id='word_1_565' title='bbox 1151 5264 1213 5310; x_wconf 91' lang='lat' dir='ltr'>nus</span> <span class='ocrx_word' id='word_1_566' title='bbox 1226 5248 1286 5310; x_wconf 90' lang='lat' dir='ltr'>Dei</span> <span class='ocrx_word' id='word_1_567' title='bbox 1303 5247 1412 5324; x_wconf 85' lang='lat' dir='ltr'>gratia</span> <span class='ocrx_word' id='word_1_568' title='bbox 1426 5247 1599 5309; x_wconf 90' lang='lat' dir='ltr'>duodecim</span> <span class='ocrx_word' id='word_1_569' title='bbox 1615 5249 1843 5326; x_wconf 86' lang='lat' dir='ltr'>Apostolorum</span> <span class='ocrx_word' id='word_1_570' title='bbox 1855 5244 1926 5309; x_wconf 89' lang='lat' dir='ltr'>hasl-</span> <span class='ocrx_word' id='word_1_571' title='bbox 1982 5237 1983 5276; x_wconf 65' lang='lat'>³</span> 
     </span>
     <span class='ocr_line' id='line_1_52' title="bbox 306 5345 1983 5430; baseline -0.008 -15"><span class='ocrx_word' id='word_1_572' title='bbox 306 5353 468 5430; x_wconf 88' lang='lat' dir='ltr'>recipere,</span> <span class='ocrx_word' id='word_1_573' title='bbox 495 5348 604 5410; x_wconf 90' lang='lat' dir='ltr'>adhuc</span> <span class='ocrx_word' id='word_1_574' title='bbox 627 5347 739 5409; x_wconf 90' lang='lat' dir='ltr'>tamen</span> <span class='ocrx_word' id='word_1_575' title='bbox 767 5347 915 5424; x_wconf 82' lang='lat' dir='ltr'>experiri</span> <span class='ocrx_word' id='word_1_576' title='bbox 934 5347 1095 5420; x_wconf 88' lang='lat' dir='ltr'>volentes,</span> <span class='ocrx_word' id='word_1_577' title='bbox 1150 5345 1225 5408; x_wconf 90' lang='lat' dir='ltr'>licae</span> <span class='ocrx_word' id='word_1_578' title='bbox 1245 5345 1419 5424; x_wconf 80' lang='lat' dir='ltr'>presbyter</span> <span class='ocrx_word' id='word_1_579' title='bbox 1434 5345 1628 5418; x_wconf 89' lang='lat' dir='ltr'>cardinalis,</span> <span class='ocrx_word' id='word_1_580' title='bbox 1643 5345 1770 5408; x_wconf 89' lang='lat' dir='ltr'>domini</span> <span class='ocrx_word' id='word_1_581' title='bbox 1784 5363 1869 5425; x_wconf 81' lang='lat' dir='ltr'>papa</span> <span class='ocrx_word' id='word_1_582' title='bbox 1884 5357 1926 5404; x_wconf 89' lang='lat' dir='ltr'>ca·</span> <span class='ocrx_word' id='word_1_583' title='bbox 1982 5359 1983 5362; x_wconf 44' lang='lat'>¹</span> 
     </span>
     <span class='ocr_line' id='line_1_53' title="bbox 306 5443 1926 5522; baseline -0.008 -8"><span class='ocrx_word' id='word_1_584' title='bbox 306 5451 337 5514; x_wconf 87' lang='lat' dir='ltr'>si</span> <span class='ocrx_word' id='word_1_585' title='bbox 368 5449 486 5511; x_wconf 89' lang='lat' dir='ltr'>saltem</span> <span class='ocrx_word' id='word_1_586' title='bbox 514 5446 604 5507; x_wconf 88' lang='lat' dir='ltr'>metu</span> <span class='ocrx_word' id='word_1_587' title='bbox 632 5461 749 5522; x_wconf 83' lang='lat' dir='ltr'>poenae,</span> <span class='ocrx_word' id='word_1_588' title='bbox 779 5445 842 5507; x_wconf 87' lang='lat' dir='ltr'>etsi</span> <span class='ocrx_word' id='word_1_589' title='bbox 868 5461 934 5506; x_wconf 96' lang='lat' dir='ltr'>non</span> <span class='ocrx_word' id='word_1_590' title='bbox 962 5443 1097 5508; x_wconf 82' lang='lat' dir='ltr'>uirtutis</span> <span class='ocrx_word' id='word_1_591' title='bbox 1152 5443 1926 5517; x_wconf 85' lang='lat' dir='ltr'>merarius,etB.OddonisBobbonisRomano·</span> 
     </span>
     <span class='ocr_line' id='line_1_54' title="bbox 306 5541 1983 5622; baseline -0.008 -10"><span class='ocrx_word' id='word_1_592' title='bbox 306 5563 432 5620; x_wconf 83' lang='lat' dir='ltr'>amore,</span> <span class='ocrx_word' id='word_1_593' title='bbox 449 5561 539 5606; x_wconf 83' lang='lat' dir='ltr'>uerae</span> <span class='ocrx_word' id='word_1_594' title='bbox 553 5543 645 5622; x_wconf 91' lang='lat' dir='ltr'>pacis</span> <span class='ocrx_word' id='word_1_595' title='bbox 661 5543 875 5606; x_wconf 84' lang='lat' dir='ltr'>exliihuerint</span> <span class='ocrx_word' id='word_1_596' title='bbox 889 5559 925 5606; x_wconf 90' lang='lat' dir='ltr'>se</span> <span class='ocrx_word' id='word_1_597' title='bbox 940 5543 1095 5615; x_wconf 89' lang='lat' dir='ltr'>cultores,</span> <span class='ocrx_word' id='word_1_598' title='bbox 1151 5561 1224 5606; x_wconf 92' lang='lat' dir='ltr'>rum</span> <span class='ocrx_word' id='word_1_599' title='bbox 1240 5542 1357 5604; x_wconf 91' lang='lat' dir='ltr'>consul</span> <span class='ocrx_word' id='word_1_600' title='bbox 1379 5542 1412 5603; x_wconf 92' lang='lat' dir='ltr'>et</span> <span class='ocrx_word' id='word_1_601' title='bbox 1431 5541 1562 5603; x_wconf 90' lang='lat' dir='ltr'>Perusii</span> <span class='ocrx_word' id='word_1_602' title='bbox 1582 5545 1741 5620; x_wconf 89' lang='lat' dir='ltr'>potestas,</span> <span class='ocrx_word' id='word_1_603' title='bbox 1765 5541 1925 5622; x_wconf 75' lang='lat' dir='ltr'>praesentes</span> <span class='ocrx_word' id='word_1_604' title='bbox 1982 5545 1983 5564; x_wconf 45' lang='lat' dir='ltr'>i</span> 
     </span>
     <span class='ocr_line' id='line_1_55' title="bbox 305 5627 1983 5736; baseline -0.01 -24"><span class='ocrx_word' id='word_1_605' title='bbox 305 5650 339 5712; x_wconf 92' lang='lat' dir='ltr'>et</span> <span class='ocrx_word' id='word_1_606' title='bbox 370 5643 593 5722; x_wconf 88' lang='lat' dir='ltr'>receptionem</span> <span class='ocrx_word' id='word_1_607' title='bbox 614 5642 762 5722; x_wconf 76' lang='lat' dir='ltr'>ejursdem</span> <span class='ocrx_word' id='word_1_608' title='bbox 787 5655 894 5720; x_wconf 89' lang='lat' dir='ltr'>poenae</span> <span class='ocrx_word' id='word_1_609' title='bbox 918 5641 958 5702; x_wconf 80' lang='lat' dir='ltr'>od</span> <span class='ocrx_word' id='word_1_610' title='bbox 979 5657 1097 5702; x_wconf 90' lang='lat' dir='ltr'>manus</span> <span class='ocrx_word' id='word_1_611' title='bbox 1151 5627 1279 5704; x_wconf 81' lang='lat' dir='ltr'>litteras</span> <span class='ocrx_word' id='word_1_612' title='bbox 1301 5638 1759 5716; x_wconf 74' lang='lat' dir='ltr'>inspecturiS,sa1utem,etc.</span> <span class='ocrx_word' id='word_1_613' title='bbox 1787 5640 1864 5713; x_wconf 88' lang='lat' dir='ltr'>Quia</span> <span class='ocrx_word' id='word_1_614' title='bbox 1883 5635 1925 5698; x_wconf 92' lang='lat' dir='ltr'>di·</span> <span class='ocrx_word' id='word_1_615' title='bbox 1982 5721 1983 5736; x_wconf 11' lang='grc' dir='ltr'>χ</span> 
     </span>
     <span class='ocr_line' id='line_1_56' title="bbox 308 5735 1983 5818; baseline -0.011 -8"><span class='ocrx_word' id='word_1_616' title='bbox 308 5746 429 5810; x_wconf 91' lang='lat' dir='ltr'>summi</span> <span class='ocrx_word' id='word_1_617' title='bbox 462 5739 630 5806; x_wconf 73' lang='lat' dir='ltr'>pontilicis</span> <span class='ocrx_word' id='word_1_618' title='bbox 667 5741 859 5811; x_wconf 86' lang='lat' dir='ltr'>retinentes,</span> <span class='ocrx_word' id='word_1_619' title='bbox 888 5755 1097 5803; x_wconf 80' lang='lat' dir='ltr'>reservamus</span> <span class='ocrx_word' id='word_1_620' title='bbox 1151 5739 1228 5804; x_wconf 81' lang='lat' dir='ltr'>uina</span> <span class='ocrx_word' id='word_1_621' title='bbox 1251 5739 1452 5818; x_wconf 88' lang='lat' dir='ltr'>cooperante</span> <span class='ocrx_word' id='word_1_622' title='bbox 1472 5739 1580 5817; x_wconf 86' lang='lat' dir='ltr'>gratia</span> <span class='ocrx_word' id='word_1_623' title='bbox 1605 5738 1729 5804; x_wconf 88' lang='lat' dir='ltr'>milites</span> <span class='ocrx_word' id='word_1_624' title='bbox 1747 5741 1780 5803; x_wconf 89' lang='lat' dir='ltr'>ei</span> <span class='ocrx_word' id='word_1_625' title='bbox 1802 5735 1925 5818; x_wconf 90' lang='lat' dir='ltr'>populus</span> <span class='ocrx_word' id='word_1_626' title='bbox 1982 5751 1983 5754; x_wconf 42' lang='lat'>¹</span> 
     </span>
    </p>
   </div>
   <div class='ocr_carea' id='block_1_3' title="bbox 0 0 2006 6324">
    <p class='ocr_par' dir='ltr' id='par_1_3' title="bbox 0 0 2006 6324">
     <span class='ocr_line' id='line_1_57' title="bbox 0 0 2006 6324; baseline 0 0"><span class='ocrx_word' id='word_1_627' title='bbox 0 0 2006 6324; x_wconf 95' lang='lat' dir='ltr'> </span> 
     </span>
    </p>
   </div>
  </div>
 </body>
</html>
