4032 6326
310 349 372 414 219
926 343 1104 407 HONORII
1124 344 1171 406 111
1192 345 1340 408 OPERA.

273 561 277 570 .
310 508 496 590 recepistis,
516 521 591 570 cum
603 503 774 569 Benedicti
792 503 921 582 regula,
934 504 1105 582 perpetuis
1537 517 1578 603 Π

310 605 515 684 temporibus
538 619 675 668 manere
695 603 905 666 decernimus
928 601 1102 676 illibatam,

311 705 422 768 locum
446 705 593 766 vestrum
619 717 693 764 oum
717 700 870 763 omnibus
893 700 1104 777 pertinentiis
1159 692 1208 752 Ab
1228 691 1435 754 abbatissam
1453 693 1487 754 at
1501 696 1666 756 moniales
1679 695 1819 756 Sanctae
1837 693 1978 754 Marica

311 804 393 872 suis,
405 803 437 865 et
452 800 575 873 omnia,
590 817 663 878 quae
672 800 762 878 juste
775 799 808 860 et
822 797 983 860 canonice
996 799 1105 875 possi·
1303 789 1409 850 estro
1422 791 1564 864 portam
1577 795 1618 854 aa
1633 794 1810 854 Carnunto.

211 937 218 944 ·
311 901 408 974 detis,
423 899 518 964 vobis
536 899 569 960 et
583 912 643 977 per
656 911 715 960 vos
731 895 791 965 eis,
808 912 881 974 quae
894 893 989 958 vobis
1002 909 1105 958 cano·
1413 920 1447 978 lt
1465 919 1606 996 septemb.
1627 921 1705 980 itii.

310 998 385 1061 nice
400 996 632 1068 successerint,
648 993 893 1058 confirmantes.
916 996 944 1055 ll
964 994 1105 1072 praesta·
1258 1040 1505 1108 [mmmm
1517 1045 1652 1103 mm„
1668 1046 1688 1104 1,
1704 1046 1744 1106 ss,
1760 1061 1787 1097 n.
1803 1046 1866 1112 η]

310 1096 402 1159 tione
418 1111 497 1158 vcro
518 1093 721 1157 decimarum
739 1091 904 1154 clausurae
923 1093 1104 1164 vastasset

310 1189 351 1256 de
379 1193 552 1255 hortorum
578 1191 750 1261 fructibus,
782 1189 817 1251 et
844 1203 1017 1266 pomorum
1042 1204 1103 1250 vos
1158 1163 1288 1239 Dlploma
1304 1182 1337 1224 ao
1358 1167 1539 1243 privilegium
1561 1171 1860 1244 episcopiosticnsis,
1881 1173 1922 1230 A.
1946 1173 1974 1230 s.
2012 1209 2013 1256 ἰ

1191 1254 1290 1328 legati,
1304 1258 1478 1315 monasterio
1491 1259 1603 1316 sancte
1610 1259 1706 1318 biariae
1723 1260 1909 1333 Sancteque
1921 1263 1975 1318 Pe·
2012 1267 2013 1280 ³

310 1306 385 1354 ⁶⁸⁸⁰
408 1291 616 1353 decermmus
637 1287 834 1349 auctorante
860 1301 991 1363 pagfflae
1014 1302 1104 1364 Ρη·
1192 1343 1951 1420 tronillesenensisdioeoesiscollatum,confirmat.

310 1391 413 1452 sentis
429 1387 602 1449 immunes.
625 1389 697 1447 Pro·
710 1386 763 1446 his
783 1385 893 1446 autem
906 1385 939 1446 et
958 1384 1046 1457 aliis,
1065 1383 1102 1445 in

308 1487 429 1566 quihus
444 1485 585 1547 ecclesia
601 1483 712 1546 vestra
735 1482 809 1558 lege
828 1482 1016 1544 dioecesana
1032 1480 1103 1543 for-
1196 1480 1363 1542 Honorius
1395 1481 1588 1559 episcopus,
1627 1498 1745 1546 servus
1781 1500 1972 1548 servorum

309 1600 369 1646 san
379 1587 521 1646 Lucanae
529 1581 679 1643 ecclesiae
687 1580 866 1652 teneretur,
874 1578 1101 1641 unamlibram
1156 1575 1227 1649 Dei,
1241 1576 1371 1640 dilectis
1386 1579 1423 1640 in
1438 1578 1569 1642 Christo
1586 1579 1759 1643 filiabus...
1775 1581 1971 1645 abbatissa

308 1698 395 1746 oerae
408 1681 548 1752 tantum,
562 1679 595 1742 et
616 1694 683 1740 non
705 1677 854 1749 aliud,in
879 1676 963 1739 festo
988 1676 1101 1738 Sancti
1156 1685 1195 1733 ac
1210 1672 1411 1735 monialibus
1426 1676 1620 1738 monasterii
1631 1679 1761 1740 sanctae
1772 1680 1968 1741 biariaeex·

308 1779 445 1842 Martini
478 1782 612 1840 Lucano
647 1776 803 1853 episcopo
832 1774 930 1837 annis
960 1773 1101 1851 singulis
1155 1769 1208 1830 tra
1227 1771 1356 1846 portam
1378 1771 1418 1834 de
1440 1773 1601 1834 camullia
1613 1775 1711 1851 juxta
1723 1777 1866 1838 stratam
1885 1779 1965 1838 Ro·
2013 1831 2014 1864 ἶ

308 1876 524 1955 persolvetis,
549 1889 611 1937 nec
637 1873 738 1935 liceat
768 1872 846 1934 aliis
872 1873 1024 1949 personis
1047 1871 1102 1933 in·
1156 1881 1300 1942 menam,
1325 1869 1522 1934 salutemet
1546 1871 1768 1947 apostolicam
1795 1873 1966 1936 benedic-

307 1975 402 2053 gredi
428 1971 611 2036 claustrum
632 1972 780 2033 vestrum
802 1969 925 2047 praeter
946 1969 1036 2040 illas,
1060 1967 1101 2030 de
1155 1963 1290 2026 tionem.
2013 1971 2014 1976 ¹

308 2071 427 2151 quibus
437 2069 607 2132 licentiam
616 2067 802 2129 habueritis
811 2065 1002 2144 specialem.
1012 2065 1102 2127 iiiec-
1196 2063 1417 2126 sacrosancta
1433 2067 1583 2128 Romana
1601 2067 1751 2129 Ecclesia
1767 2067 1911 2132 devotos
1927 2071 1961 2130 et

306 2171 354 2233 tio
369 2183 499 2247 quoque
520 2165 695 2229 abbatissae
707 2166 827 2228 vestrm
850 2167 999 2226 Romano
1015 2179 1101 2241 pon·
1156 2158 1299 2220 humiles
1315 2177 1357 2222 ex
1377 2161 1511 2224 assueto
1526 2163 1660 2240 pietatis
1675 2165 1785 2228 ofdcio
1802 2182 1959 2244 propen-

306 2267 401 2340 tifioi,
425 2265 479 2328 vel
505 2265 614 2341 legato
635 2261 677 2325 ab
701 2265 774 2341 ejus
796 2262 902 2324 latere
922 2261 1098 2333 destinato,
1156 2257 1225 2318 sius
1238 2257 1378 2334 diligere
1394 2261 1576 2335 consuevit,
1588 2262 1631 2334 et,
1646 2279 1687 2324 ne
1697 2279 1879 2340 pravorum
1891 2265 1959 2326 ho—

308 2370 367 2427 aut
392 2364 435 2437 ei,
459 2363 513 2424 oui
539 2360 694 2424 Pontifex
716 2363 884 2422 Romanus
905 2359 1097 2438 injunxerit,
1155 2355 1281 2418 minum
1309 2358 1470 2420 molestiis
1494 2359 1672 2436 agitentur,
1700 2376 1758 2422 eos
1779 2363 1957 2440 tamquam

308 2461 571 2542 praesentatura
586 2475 651 2537 quo
664 2457 778 2521 electae
793 2457 1055 2520 confirmationis
1068 2458 1100 2519 et
1155 2453 1210 2529 pia
1230 2455 1336 2516 mater
1350 2471 1418 2517 suae
1439 2456 1654 2534 protectionis
1669 2459 1856 2522 munimine
1870 2476 1955 2522 con-

306 2555 548 2622 benedictionis
575 2555 684 2633 gralia
716 2555 937 2633 impendatur.
962 2555 1101 2616 Correo-
1155 2549 1277 2613 fovere.
1301 2554 1388 2614 Sane
1404 2570 1504 2631 quum
1522 2555 1725 2618 venerabilis
1740 2557 1846 2620 frater
1871 2573 1955 2618 nos·
2014 2575 2015 2600 ν

306 2657 416 2720 tiones
431 2654 570 2732 iusuper
587 2655 655 2716 tam
676 2654 806 2731 capitis,
821 2667 920 2730 quam
934 2651 1101 2713 membro-
1153 2647 1242 2709 ter...
1258 2650 1433 2727 episcopus
1451 2652 1623 2725 Ostiensis,
1645 2653 1722 2714 dum
1741 2653 1778 2715 in
1797 2656 1953 2732 partibus

307 2769 381 2817 rum
397 2767 498 2832 super
512 2751 676 2825 omnibus,
693 2765 767 2828 quae
781 2751 817 2812 in
831 2751 942 2812 vestra
956 2749 1099 2811 ecclesia
1153 2746 1274 2808 vestris
1290 2746 1465 2824 legationis
1481 2749 1592 2812 officio
1604 2749 1812 2827 fungeretur,
1830 2769 1850 2814 a
1863 2753 1954 2831 capi·

305 2853 433 2916 fuerint
446 2849 655 2927 corrigenda,
679 2848 742 2911 soli
764 2852 913 2912 Romano
933 2847 1097 2920 Pontifici,
1153 2843 1223 2905 tulo
1247 2846 1387 2906 Senensi
1406 2847 1568 2924 capellam
1594 2850 1724 2912 Sanctae
1755 2851 1951 2914 Petronillae

304 2949 360 3014 vel
383 2951 427 3021 ei,
450 2965 548 3028 quem
569 2947 612 3010 ad
634 2948 698 3010 boc
718 2948 789 3026 ipse
810 2947 1027 3025 deputaverit,
1044 2961 1101 3008 re-
1154 2955 1228 3004 cum
1245 2942 1414 3020 hospitali,
1431 2946 1464 3006 et
1479 2946 1615 3008 avitali
1634 2947 1674 3008 de
1692 2947 1858 3012 Donioato
1877 2951 1951 3012 cive

306 3063 490 3110 servamus.
526 3045 724 3123 specialiter
751 3046 862 3107 autem
896 3043 1096 3116 inhibemus,
1155 3041 1294 3102 Senensi
1303 3040 1440 3103 fundum
1452 3044 1626 3120 quemdam
1641 3045 1740 3108 situm
1755 3047 1855 3110 extra
1869 3063 1951 3126 por-

307 3159 351 3208 ne
365 3144 550 3216 usurarios,
567 3143 881 3214 excommunicatos,
894 3143 952 3204 aut
963 3141 1099 3203 haereti-
1153 3140 1221 3200 tam
1244 3141 1423 3200 senensem
1438 3141 1478 3202 de
1494 3142 1654 3205 camullia
1669 3159 1744 3205 cum
1759 3147 1951 3222 possessio-

306 3257 374 3314 oos,
389 3240 443 3304 vel
456 3240 496 3302 de
513 3239 634 3300 haeresi
648 3238 837 3311 infamatos,
856 3241 889 3300 et
901 3239 1098 3300 nominatim
1153 3234 1262 3308 nibus,
1286 3237 1319 3299 et
1339 3237 1492 3300 omnibus
1516 3241 1727 3316 pertinentiis
1746 3243 1818 3304 suis
1839 3243 1877 3304 in
1894 3246 1948 3321 jus

303 3356 325 3402 a
350 3341 486 3400 Lucana
507 3337 650 3398 ecclesia
671 3336 866 3398 interdictos
888 3337 1098 3413 presumatis
1153 3333 1185 3394 et
1207 3335 1443 3409 proprietatem
1470 3337 1627 3400 Ecclesiae
1649 3341 1821 3412 Romanae,
1850 3341 1949 3418 prout

303 3437 341 3499 in
352 3437 432 3508 vita,
444 3435 498 3498 vel
510 3435 546 3496 in
559 3436 675 3506 morte,
691 3433 936 3511 quomodolibet
948 3433 1097 3510 recipere
1153 3430 1431 3494 mandaveramus
1449 3433 1567 3508 eidem,
1584 3437 1697 3498 nostro
1711 3438 1849 3499 nomine
1860 3453 1950 3500 rece

303 3535 345 3598 ad
359 3533 490 3610 divina3
507 3547 569 3594 nec
586 3533 686 3594 liceat
703 3531 798 3593 vobis
814 3531 1018 3608 sepulturam
1035 3530 1098 3594 ha·
1152 3527 1280 3604 pisset;
1313 3529 1408 3592 etin
1442 3532 1643 3595 monasterio
1677 3533 1724 3595 ibi
1757 3537 1948 3601 constructo

301 3632 380 3696 bere
395 3631 461 3694 nisi
479 3646 539 3710 pro
560 3629 666 3703 vobis,
683 3629 716 3692 et
737 3629 814 3690 aliis
836 3629 1001 3706 personis,
1023 3645 1096 3707 quae
1153 3625 1316 3702 quaedam,
1338 3627 1374 3689 in
1395 3632 1515 3692 vestrae
1535 3630 1710 3707 religionis
1732 3637 1948 3710 augmentum

302 3730 344 3794 ad
363 3731 510 3794 vestrum
527 3729 652 3792 fuerint
666 3727 838 3790 servitium
856 3727 1033 3804 deputate.
1046 3727 1096 3790 Ad
1151 3723 1185 3785 et
1218 3724 1378 3799 favorem,
1401 3727 1528 3789 vestris
1555 3727 1683 3791 ordinis
1713 3731 1851 3794 duxerit
1874 3735 1946 3795 sta-

302 3829 463 3891 indicinm
489 3828 600 3890 autem
632 3826 733 3904 hujus
768 3827 931 3903 perceptae
960 3841 981 3886 a
1012 3826 1096 3888 Sede
1150 3822 1285 3896 tuenda,
1309 3839 1384 3892 nos,
1404 3825 1525 3887 vestris
1541 3827 1643 3904 justis
1666 3829 1946 3905 postulationibus

301 3925 493 4002 Apostolica
508 3923 671 3986 libertatis
684 3937 822 3985 aureum
844 3939 947 3984 unum
967 3924 1097 4001 persol-
1151 3923 1347 3994 annuentes,
1372 3921 1460 3999 quod
1482 3921 1524 3984 ab
1548 3923 1664 3986 eodem
1685 3926 1844 4004 episcopo
1871 3925 1946 3990 fac·

302 4020 387 4084 vetis
415 4022 563 4082 Romano
587 4018 742 4080 Pontifici
767 4019 951 4082 annuatim.
976 4021 1094 4082 Datum
1149 4016 1218 4078 tum
1242 4020 1294 4081 est
1313 4019 1444 4095 gratum
1469 4020 1629 4084 babentes
1658 4025 1691 4086 et
1712 4025 1834 4096 ratum,
1857 4024 1946 4087 facta

303 4116 445 4188 Porusii,
474 4114 561 4193 apud
587 4116 826 4177 monasterium
851 4116 964 4178 Sancti
991 4117 1092 4190 Petri,
1150 4113 1286 4176 obtentu
1296 4116 1471 4192 religionis
1484 4120 1605 4182 vestrae
1619 4119 1661 4181 ab
1679 4121 1837 4199 episcopo
1851 4139 1944 4199 prae-

303 4216 349 4278 111
364 4212 496 4276 kalend.
516 4213 659 4290 augusti,
676 4227 766 4273 anno
777 4213 909 4274 Domini
921 4213 1092 4286 MCCXIX,
1149 4210 1217 4274 fato
1239 4213 1373 4285 statuta,
1388 4215 1475 4277 siout
1493 4214 1529 4277 ln
1548 4217 1653 4294 ipsius
1668 4211 1846 4295 privilegio
1858 4235 1944 4282 oon-

301 4311 486 4374 indictione
500 4310 652 4389 septima,
665 4307 878 4386 pontificatus
892 4309 1017 4372 domini
1031 4313 1095 4374 Ho-
1148 4307 1283 4381 timetur,
1292 4310 1489 4374 auctoritate
1497 4315 1685 4391 apostolica
1694 4315 1942 4391 confirmamus,

300 4412 390 4474 norit
403 4413 503 4488 Papa
518 4409 565 4472 lii
579 4422 667 4470 anno
682 4407 846 4484 quarto.»
1148 4406 1181 4467 ot
1208 4408 1383 4483 praesentis
1406 4411 1520 4488 scripti
1550 4412 1729 4490 privilegio
1756 4417 1944 4476 communi-

340 4508 434 4571 Nulli
453 4523 533 4585 ergo
548 4505 683 4570 omnino
699 4503 870 4567 bominum
885 4504 985 4568 liceat
1005 4505 1093 4570 hanc
1147 4517 1231 4562 mua.
1248 4503 1409 4566 Tenorem
1422 4505 1533 4568 autem
1548 4508 1696 4584 ejusdem
1711 4509 1880 4586 privilegii
1901 4511 1941 4572 ad

301 4607 456 4685 paginam
472 4608 595 4670 nostrae
615 4602 878 4668 confirmationis
893 4603 1090 4681 iufringere,
1148 4602 1307 4678 majorem
1329 4601 1486 4676 vestram,
1503 4605 1536 4668 et
1555 4607 1748 4668 monasterii
1767 4609 1941 4670 memorati

299 4704 354 4766 vel
379 4704 412 4765 ei
440 4719 525 4764 ausu
546 4703 725 4766 temerario
751 4701 929 4764 contraire.
955 4701 989 4763 Si
1017 4703 1092 4780 quis
1147 4698 1311 4760 cautelam
1339 4701 1558 4777 praesentibus
1573 4703 1693 4766 litteris
1708 4702 1867 4765 dommus
1882 4706 1942 4767 ad-

299 4801 411 4862 autem
422 4800 485 4862 hoc
495 4801 659 4862 attentare
670 4799 930 4876 praesumpserit,
942 4799 1092 4876 indigns·
1146 4797 1338 4870 notandum,
1356 4799 1413 4877 qui
1427 4798 1506 4860 talis
1519 4802 1570 4863 est
1585 4821 1593 4862 ε

298 4898 424 4961 donem
435 4896 671 4972 omnipotentis
682 4897 752 4969 Del,
766 4911 806 4958 ao
816 4896 988 4960 beatorum
1001 4898 1091 4960 Petri
1185 4895 1314 4971 ‹Hngo
1338 4896 1552 4959 miseratione
1579 4894 1692 4961 divina
1717 4899 1882 4963 Ostiensis
1907 4903 1941 4964 et

300 4999 333 5058 et
344 4993 442 5056 Pauli
455 4993 680 5070 apostolorum
695 4996 768 5070 ejus
784 5009 821 5055 εο
838 4995 969 5057 noverit
982 4995 1092 5058 incur·
1146 4989 1362 5052 velletrensis
1376 4993 1562 5070 opiscopus,
1579 4997 1777 5072 apostolicas
1787 4998 1883 5060 Sedis
1897 4999 1941 5060 le·

300 5107 426 5156 surum.
440 5093 559 5154 Datum
574 5091 741 5163 Laterani,
756 5089 802 5152 ΙΙΙ
822 5090 985 5154 kalendas
999 5094 1092 5158 octo-
1145 5087 1253 5162 gatus,
1279 5087 1409 5150 dilectis
1433 5089 1468 5150 ia
1495 5091 1626 5153 Christo
1648 5092 1818 5155 filiabus„-
1834 5094 1938 5156 abba-

299 5193 380 5265 bris,
397 5189 607 5270 pontificatus
625 5187 731 5250 nostri
747 5201 834 5250 anno
850 5190 1000 5266 septimo.
1146 5183 1238 5246 fissae
1253 5187 1448 5248 monasterii
1471 5189 1601 5250 Sanctae
1621 5191 1737 5252 Mariae
1751 5193 1847 5255 extra
1861 5209 1941 5270 por-

1145 5281 1212 5342 tam
1236 5284 1416 5344 senensem
1438 5283 1478 5346 de
1502 5285 1663 5348 camullia
1679 5289 1778 5364 juxta
1800 5289 1937 5352 stratam

1146 5379 1340 5452 Romanam,
1356 5381 1493 5458 ejusque
1510 5383 1682 5445 sororibus
1699 5385 1767 5448 tam
1789 5400 1937 5462 praesen-

1145 5475 1243 5548 tibus,
1260 5491 1358 5554 quam
1378 5477 1499 5540 futuris
1523 5479 1714 5556 religiosam
1737 5481 1840 5545 vitam
1856 5499 1934 5561 pro-

1145 5570 1243 5633 fessis
1267 5574 1301 5635 in
1322 5578 1529 5652 perpetuum.
1551 5575 1773 5641 prudentibus
1789 5581 1933 5658 virgini-

1146 5667 1217 5743 bus,
1245 5687 1318 5749 quae
1353 5671 1413 5732 sub
1445 5672 1559 5736 babitu
1585 5675 1759 5752 religionis
1787 5679 1933 5740 accensis
