4168 6344
167 403 210 464 eo
788 386 1016 471 nrrsrorjm.
1039 405 1117 470 nra.
1139 409 1195 471 vr.
1555 427 1557 432 v
1639 349 1644 366 ¹
1773 407 1812 470 51

167 560 405 639 appellationis
415 561 597 637 obstaculo,
610 563 644 624 ln
656 565 869 644 praepositum
882 583 963 646 pree·

167 659 291 721 ficietis
317 660 436 722 eidem.
468 661 560 733 Quod
588 663 618 723 si
653 677 719 724 non
745 679 870 736 omnes,
899 667 961 728 etc.

166 756 290 818 Datum
323 757 492 834 Laterani,
522 761 596 822 XIV
622 759 784 822 kalendas
813 763 963 841 januarii

168 869 260 916 anno
275 857 380 918 sexto.

518 1086 621 1177 LXV

167 1239 221 1298 Ad
239 1238 388 1300 Petrum
406 1240 641 1302 senonensem
656 1243 961 1318 arehiepiscopum.

418 1369 451 1427 19
463 1368 624 1428 decembris
638 1371 716 1430 1111.

320 1492 455 1557 fflonquet,
465 1495 522 1544 Rac.
534 1494 579 1545 des
588 1494 661 1552 hist..
671 1495 740 1557 XIX,
749 1494 817 1560 tlh]

168 1607 237 1664 Post
250 1621 370 1679 gravem
386 1606 549 1666 christianis
562 1608 590 1664 in
604 1607 674 1667 urbe
687 1609 817 1667 Damiata
832 1625 848 1668 a
864 1610 961 1668 Sarra·

203 1695 430 1752 cenisindictam
445 1694 565 1766 cladem,
580 1697 731 1767 Honorius,
743 1697 811 1754 dum
827 1698 887 1770 agit
898 1712 962 1755 oum

204 1785 377 1856 imperatore
392 1783 542 1843 Frederico
557 1785 592 1841 de
607 1785 791 1842 instauranda
806 1786 835 1842 in
854 1786 964 1860 Syriam

204 1872 395 1944 expeditione,
412 1873 586 1932 senonensis
608 1875 761 1948 provincie
780 1881 865 1948 rogat
887 1875 961 1947 epis·

204 1975 304 2033 cupos,
325 1968 357 2018 ut
377 1963 516 2019 acerrime
539 1962 686 2020 hortentur
708 1963 828 2036 populos
845 1961 880 2020 ad
899 1977 964 2022 eam

203 2053 334 2120 tempore
349 2057 455 2107 statuto
468 2051 692 2123 suscipiendam.

210 2183 377 2245 Honorius
393 2184 618 2262 episcopus...
635 2184 882 2248 venerabilibus
902 2186 965 2247 lra-

168 2279 276 2342 tribus
295 2282 547 2360 archiepiscopo
567 2284 763 2358 senonensi,
785 2284 817 2346 et
838 2283 964 2345 sutfra-

167 2379 286 2453 ganeis
302 2381 385 2456 ejus
402 2379 555 2454 salutem,
570 2381 632 2443 etc.

209 2475 314 2548 Licet,
342 2477 491 2552 graviter
525 2477 713 2540 conturbati
747 2493 849 2556 super
870 2479 966 2556 gravi

167 2573 963 2656 casuqniacciditinpartibnstransmarinis(t),

167 2667 397 2732 distulerimus
435 2671 597 2748 hactenus
637 2685 737 2749 super
771 2673 835 2735 hoc
869 2673 964 2735 vobis

168 2767 295 2843 scripta
308 2769 423 2829 nostra
440 2767 596 2844 dirigere,
612 2785 678 2830 non
694 2770 805 2831 tamen
821 2770 965 2831 credatis

166 2879 230 2925 nos
246 2864 427 2926 dormitare
442 2881 542 2943 super
561 2866 634 2944 ipso
649 2866 783 2944 negotio
797 2867 850 2928 vel
865 2868 965 2928 etiarn

167 2961 304 3023 interim
316 2961 525 3025 dormitasse.
539 2964 726 3036 Quinimmo
737 2965 859 3042 quanto
868 2980 965 3027 casus

167 3059 219 3122 est
230 3060 378 3136 gravior,
392 3060 484 3122 tanto
503 3060 621 3123 lortius
637 3063 782 3124 cumbet
800 3061 965 3140 adjutorio

168 3171 310 3233 surgere
331 3158 450 3219 fortius
470 3160 669 3236 satagentes,
693 3160 734 3222 ad
757 3159 966 3221 carissimum

167 3254 205 3315 in
220 3253 352 3317 Christo
363 3255 468 3318 illium
482 3259 631 3318 nostrum
642 3253 882 3340 F[redericum]
898 3259 967 3320 Ro-

168 3367 345 3414 manorum
369 3353 603 3430 imperatorem
630 3369 760 3434 semper
790 3356 966 3432 augustum

169 3451 205 3512 et
217 3465 330 3526 regern
346 3451 481 3525 Siciliae,
496 3452 721 3514 venerabilem
737 3452 873 3515 tratrem
886 3469 967 3514 nos-

168 3551 260 3610 trum
284 3547 487 3630 Niicolaum]
518 3549 711 3628 episcopum
743 3551 966 3613 Tusculanum

169 3647 306 3722 propter
318 3645 381 3707 hoc
395 3647 587 3708 curavimus
601 3647 780 3720 destinare,
796 3646 966 3709 studentes

170 3742 322 3806 eumdem
362 3741 596 3820 imperatorem
643 3745 684 3805 ad
727 3744 965 3808 relevationem

170 3840 471 3917 casusbujnsmodi
490 3843 558 3904 tarn
581 3842 701 3905 litteris
723 3841 846 3904 nostris
868 3856 966 3919 quarn

168 3939 247 4001 vira
267 3953 348 4000 voce
366 3938 474 4015 ipsius
494 3938 641 4016 episcopi
662 3939 823 4000 animare.
848 3939 912 4000 Sed
934 3939 967 4000 et

168 4034 242 4112 ipse
263 4035 456 4112 imperator,
481 4037 606 4113 Spiritu
628 4036 742 4098 divino
764 4037 964 4113 praeventus,

169 4131 348 4208 antequam
367 4130 409 4192 ad
428 4148 503 4192 eum
519 4131 677 4209 praelatus
699 4131 874 4209 episcopus
889 4147 967 4208 per-

168 4227 328 4300 venisset,
354 4229 490 4306 propter
512 4229 577 4292 hoc
599 4229 688 4292 idem
715 4229 883 4306 negotium
906 4245 966 4291 so·

1019 585 1121 648 super
1134 567 1246 632 datum
1260 565 1372 642 fuerit,
1385 567 1569 641 vindicare,
1583 577 1684 646 snper
1697 567 1761 631 hoc
1776 577 1814 632 se

1019 667 1153 730 omnino
1172 666 1380 744 heneplacito
1398 667 1520 730 nostrae
1544 666 1727 730 voluntatis
1746 681 1811 729 ex-

1018 763 1176 844 ponens(
1198 762 1224 844 ).
1416 837 1423 846 ⁵

1059 861 1142 933 Quia
1159 862 1263 938 igitur
1276 877 1337 938 per
1353 859 1484 923 mutuos
1500 861 1641 922 nuncios
1660 860 1693 922 et
1712 859 1812 922 etiam

1018 973 1078 1037 per
1099 960 1311 1038 colloquium,
1339 958 1369 1021 si
1393 959 1562 1021 commode
1588 957 1661 1020 iteri
1690 955 1814 1036 poterit

1019 1073 1094 1118 cum
1116 1057 1188 1134 ipso
1211 1057 1411 1135 imperatore
1432 1054 1630 1128 habendum,
1656 1056 1813 1117 ordinare

1019 1155 1200 1231 satagimus
1212 1155 1280 1216 tam
1294 1155 1333 1216 de
1347 1152 1492 1232 passagii
1504 1154 1646 1216 termino
1659 1167 1757 1230 quam
1770 1151 1811 1214 de

1018 1252 1094 1314 aliis
1110 1269 1182 1332 quae
1198 1254 1275 1314 sunt
1291 1253 1380 1314 circa
1396 1253 1524 1314 tantum
1537 1251 1706 1328 negotium
1721 1249 1814 1312 ordi-

1018 1349 1128 1411 nanda
1150 1366 1293 1427 moxque
1314 1350 1466 1412 ordinata
1488 1348 1624 1422 inerint,
1648 1345 1814 1424 signitica-

1018 1447 1085 1510 turi
1096 1447 1219 1509 Christi
1229 1446 1391 1520 fidelibus,
1403 1449 1435 1510 et
1444 1461 1501 1508 eos
1512 1447 1553 1507 ad
1562 1443 1812 1507 subventionem

1019 1545 1154 1620 negotii,
1171 1560 1230 1622 pro
1252 1545 1289 1607 ut
1307 1544 1464 1622 expedire
1481 1531 1676 1615 'ridebimus
1697 1541 1815 1604 horta·

1018 1642 1096 1714 1111,
1110 1642 1350 1705 fraternitatem
1362 1643 1507 1704 vestram
1520 1657 1677 1717 rogamus
1691 1641 1723 1702 et
1735 1640 1812 1701 hor·
1916 1631 1925 1648 ‘

1018 1739 1128 1801 tamur
1154 1739 1189 1799 in
1212 1741 1364 1813 Domine,
1403 1754 1463 1815 per
1496 1737 1686 1816 Apostolica
1717 1737 1813 1798 robis

1019 1837 1143 1914 scripta
1165 1835 1371 1908 mandantes,
1394 1835 1556 1913 quatenus
1581 1835 1713 1896 interim
1737 1834 1812 1895 sin-

1018 1933 1088 2010 guli
1106 1933 1300 1996 commissos
1314 1935 1408 1995 vohis
1424 1933 1562 2011 populos
1577 1932 1618 1994 ad
1636 1931 1669 1993 id
1686 1931 1812 1993 sedulis

1019 2031 1306 2094 exhortationihus
1343 2027 1508 2104 animetis,
1550 2031 1586 2092 nt
1622 2029 1812 2092 exhortatio

1020 2131 1134 2192 nostra
1147 2146 1203 2192 eos
1214 2131 1307 2192 tanto
1317 2129 1503 2206 paratiores
1513 2127 1673 2198 inveniat,
1688 2126 1812 2204 quanto

1020 2229 1131 2290 vestra
1150 2227 1275 2289 suerint
1297 2225 1528 2287 exhortatione
1551 2223 1722 2302 praeventi.
1747 2225 1815 2284 Da-

1019 2326 1090 2387 tum
1105 2325 1272 2398 Laterani,
1288 2325 1334 2385 ΙΧ
1345 2322 1413 2385 kal.
1428 2323 1590 2401 januarii,
1605 2336 1693 2384 anno
1705 2319 1812 2383 sexto.

1355 2634 1479 2724 LXVI

1020 2791 1073 2852 Ad
1082 2793 1304 2851 Berrmrdanc
1316 2792 1513 2864 episcopum
1524 2789 1814 2850 Lemovicenecm.
1909 2829 1910 2832 ,

1267 2921 1302 2978 10
1314 2919 1473 2976 decembris
1486 2919 1566 2978 1111.

1308 3042 1446 3110 [bouquet
1460 3042 1528 3104 tlh]

1020 3159 1232 3222 Matrimonium
1249 3157 1324 3232 quod
1343 3159 1411 3226 olim
1429 3156 1585 3218 hairaldus
1603 3157 1766 3216 vicecomes
1778 3156 1816 3216 de

1054 3250 1213 3310 Albueonio
1233 3263 1299 3308 cum
1318 3249 1479 3321 Margareta
1499 3245 1586 3305 nobili
1604 3247 1724 3307 muliere
1744 3260 1814 3304 con·

1056 3345 1189 3406 traxerat,
1202 3344 1317 3412 propter
1328 3336 1608 3408 conmnguinitatem
1622 3335 1763 3394 Honorius
1776 3333 1815 3392 ir·

1055 3428 1140 3485 ritum
1155 3426 1335 3500 pronunciat.

1059 3551 1227 3615 Honorius
1266 3533 1453 3629 episcopus,
1492 3549 1679 3612 venerabili
1719 3547 1816 3612 tratri

1021 3651 1176 3728 episcopo
1197 3648 1440 3721 Lemovicensi‚
1465 3647 1604 3710 salntem
1627 3649 1660 3710 et
1675 3649 1816 3724 aposto-

1020 3747 1120 3809 licam
1133 3745 1408 3808 benedictionem.

1060 3847 1177 3906 Coram
1190 3843 1310 3905 dilecto
1320 3843 1432 3904 filioB.
1443 3839 1502 3921 (3),
1512 3841 1609 3904 titulo
1618 3839 1817 3902 Sanctorum

1020 3941 1182 4006 iohannis
1198 3943 1231 4002 et
1242 3941 1338 4002 Pauli
1348 3939 1541 4018 presbytero
1551 3937 1726 4010 cardinali,
1737 3939 1817 4000 tunc

1020 4039 1218 4117 Apostolicae
1233 4038 1328 4100 Sedis
1343 4038 1464 4113 legato,
1483 4039 1521 4098 Δ.
1538 4035 1644 4098 milite
1656 4036 1698 4098 de
1711 4033 1818 4098 Albu-

1021 4137 1117 4200 conio
1143 4137 1322 4198 accrmante
1348 4133 1597 4196 matrimonium
1626 4133 1712 4210 quod
1736 4133 1817 4194 olirn

1020 4233 1142 4296 nobilis
1155 4233 1208 4295 rir
1222 4228 1445 4311 R[ainaldus],
1463 4231 1647 4292 vicecomes
1667 4228 1817 4306 ejusdem

169 4325 297 4386 lemnes
332 4326 374 4388 ad
402 4327 614 4404 praesentiam
650 4329 799 4390 nostram
832 4328 965 4388 nuntios
1021 4331 1087 4393 loci
1107 4345 1182 4392 cum
1203 4327 1307 4391 nobili
1328 4327 1468 4390 muliere
1489 4324 1706 4406 M[argareta]
1731 4327 1818 4388 dioe-

169 4422 362 4496 destinavii,
376 4421 444 4486 tam
461 4425 581 4487 litteris
597 4426 668 4486 suis
681 4425 869 4502 quamvira
886 4441 967 4487 voce
1022 4429 1107 4490 cesis
1132 4428 1198 4489 tuae
1221 4424 1397 4498 contraxit,
1426 4425 1467 4486 de
1500 4440 1565 4500 qua
1589 4428 1660 4500 jam
1691 4424 1817 4500 prolem

169 4521 321 4596 ipsorum
341 4521 534 4583 nuntiorum
555 4521 650 4583 nobis
674 4523 860 4594 insinuans,
881 4521 967 4599 quod
1023 4524 1215 4602 susceperat
1246 4539 1320 4584 cum
1355 4520 1551 4598 aliquandiu
1581 4520 1815 4592 cohabitasset,

168 4621 243 4694 ejus
256 4620 307 4679 est
321 4616 523 4679 desiderium
538 4620 571 4681 et
590 4619 796 4696 propositum
811 4620 898 4681 hanc
913 4619 968 4680 in·
1023 4622 1108 4684 idern
1126 4620 1305 4683 cardinalis
1327 4620 1399 4696 ipse
1420 4617 1531 4680 abbati
1551 4617 1664 4680 Sancti
1684 4617 1819 4679 Genesii

163 4715 292 4792 jnriam
307 4715 429 4777 Christi
452 4719 485 4777 et
503 4716 617 4794 populi
639 4716 826 4790 christiani,
852 4716 966 4779 side-
1024 4722 1055 4781 et
1074 4718 1198 4780 decano
1223 4715 1486 4778 Glaromontensi
1506 4715 1671 4777 commisit
1694 4715 1817 4793 hujus-

207 4891 249 4963 (1)
271 4891 439 4951 Christianis
453 4892 560 4950 scilicet
575 4891 610 4951 ad
629 4889 802 4952 deditionem
817 4893 895 4951 urbis
909 4893 965 4952 Da·
1023 4892 1135 4951 natibus
1153 4892 1325 4976 colloquium
1347 4889 1525 4964 sperabatur,
1548 4907 1636 4964 quum
1654 4893 1717 4964 ipse
1737 4893 1816 4964 Papa

168 4963 268 5022 miatoe
281 4965 398 5029 coactis,
414 4978 490 5022 enno
505 4965 585 5033 1111,
602 4979 702 5022 meuse
717 4965 881 5038 septembri.
1043 4964 1336 5036 ropterindrmrtatem
1345 4963 1486 5035 colloquio
1494 4963 1698 5020 interessenon
1707 4969 1814 5035 posset.

207 5033 248 5106 (2)
265 5035 400 5107 Sequenti
415 5049 490 5091 anno
502 5035 580 5104 1111,
592 5033 773 5094 Frederioum
786 5050 821 5092 eo
831 5034 867 5092 de
880 5049 917 5092 ne
940 5049 968 5092 o
1022 4981 1101 5093 iuno
1112 5040 1218 5092 tractus
1233 5049 1248 5091 a
1262 5033 1454 5092 cardinalibus
1464 5041 1508 5091 est
1518 5034 1548 5089 in
1561 5033 1746 5106 Campaniam
1762 5034 1816 5088 im·

169 5103 212 5161 tio
234 5119 299 5161 cum
320 5105 446 5162 Honorio
465 5104 599 5162 habuisse
620 5106 791 5178 colloquium
815 5105 900 5162 tradit
919 5050 966 5164 fii·
1023 5112 1147 5178 perator,
1164 5103 1211 5162 ubi
1229 5107 1325 5170 etiam,
1343 5103 1456 5162 hortatu
1472 5102 1819 5186 regisllierosolymitanl

167 5173 296 5232 cbardus
312 5175 348 5232 de
371 5177 474 5232 Sancto
494 5177 646 5245 Germano,
670 5176 745 5248 apud
769 5176 965 5246 Muratorium,
1022 5184 1050 5234 et
1066 5191 1111 5233 ma
1136 5175 1196 5232 istri
1211 5175 1377 5247 Hospitalis,
1391 5190 1423 5231 se
1438 5181 1581 5232 commisit
1599 5175 1661 5246 ipse
1675 5177 1764 5246 Papa,
1777 5179 1818 5242 et,

167 5252 191 5304 t.
203 5247 471 5327 Vll,·lierum1tot..
483 5246 537 5304 col.
550 5248 612 5315 995,
625 5247 669 5304 his
680 5246 775 5304 verbis
787 5264 816 5304 r«
830 5249 966 5315 loannes,
1023 5246 1096 5319 apud
1113 5191 1298 5304 {sterlinum
1315 5245 1424 5302 babens
1443 5259 1508 5302 cum
1532 5245 1712 5327 imperatore·
1729 5244 1816 5326 collo·

168 5331 221 5374 rex
239 5315 510 5389 Hierosolymorum,
528 5317 575 5389 qui
593 5317 774 5388 postmodum
791 5317 827 5374 de
843 5317 898 5375 lilia
915 5332 966 5375 sua
1042 5319 1120 5374 nium
1143 5317 1272 5389 promisit
1296 5315 1407 5398 publice
1438 5329 1528 5387 usque
1558 5314 1594 5372 ed
1618 5315 1765 5372 biennium
1789 5329 1818 5398 rn

168 5401 236 5444 cum
247 5387 419 5458 imperatore
428 5388 699 5456 contraxit,vcniens
707 5389 735 5444 in
745 5387 871 5459 partibus
880 5396 968 5444 trans·
1022 5335 1115 5446 fferre
1127 5390 1237 5446 Sancta
1248 5386 1410 5466 subsidium¹
1416 5385 1606 5455 transfretare,
1618 5394 1645 5444 et
1653 5385 1741 5444 liliam
1752 5385 1824 5442 dion

169 5457 291 5513 marinis
304 5471 370 5514 cum
386 5458 522 5531 magistro
536 5459 689 5530 Hospitalis
705 5458 966 5531 hierosolymitani,
1023 5461 1100 5532 regis
1115 5458 1218 5516 ducere
1231 5459 1390 5515 inuxorem
1400 5457 1516 5530 paravit.
1534 5479 1544 5507 ι

169 5529 292 5585 Romam
314 5527 422 5584 uadunt
445 5527 480 5584 ad
509 5529 664 5586 honorium
689 5531 804 5600 Papam,
831 5530 878 5600 qni
901 5535 968 5585 tunc
1059 5531 1099 5601 (3)
1116 5529 1282 5598 Bertrando,
1303 5528 1351 5600 qui
1372 5528 1401 5583 in
1417 5525 1595 5584 Narbonensi
1616 5525 1760 5600 provincia
1776 5526 1817 5582 le-

169 5597 475 5726 gJaAvitSfinffitisgrffittur
479 5611 534 5725 1:30
538 5613 628 5726 crtrlrrqe.
636 5601 808 5726 ssmpefffissss
818 5599 854 5682 de
871 5598 967 5726 {ticglia
1020 5601 1147 5732 ggtilozriig
1165 5598 1260 5658 cilicio
1279 5598 1392 5658 iunctus
1411 5605 1473 5655 eret
1487 5599 1522 5655 ab
1542 5611 1618 5656 anno
1640 5599 1710 5655 1111
1727 5607 1819 5669 usque

169 5685 179 5724 r
468 5685 1152 5730 ireamrrex·e.

170 5683 288 5798 indeped
305 5710 638 5810 Sanetnm'dermonum,
658 5741 707 5798 ubl
721 5739 783 5798 lieri
795 5713 859 5798 cum
873 5737 965 5798 cardi·
