4002 6326
306 355 370 416 355
924 347 1101 412 uouoau
1121 347 1168 410 111
1190 347 1337 414 oanni.
1878 355 1934 446 ,sse

309 511 448 586 vitoni
470 507 615 582 muntem,
631 506 838 571 contumacia
856 507 988 570 illorum
1008 511 1102 572 cres-
1155 508 1224 572 tam
1239 507 1376 572 evidens
1397 507 1629 588 prejudicium
1647 507 1837 572 monasterii
1859 511 1936 574 ulte-

307 613 416 683 cente,
426 611 526 672 ineos
536 605 889 670 excommunicationis
903 605 1099 670 sententiam
1155 607 1227 668 rins
1250 605 1342 668 salva
1364 605 1539 668 honestate
1562 606 1701 680 deterre,
1715 607 1933 672 vobisnostris

307 707 541 788 promulgavit,
559 720 657 782 quam
682 703 733 764 illi
759 717 819 780 per
842 703 1101 780 quadriennium
1156 703 1305 764 dedimus
1321 703 1441 766 litteris
1455 703 1491 764 in
1516 705 1702 781 praeceptis
1720 705 1756 766 ut
1776 706 1813 766 iu
1832 707 1935 781 potes·

307 804 589 882 contempserunt,
601 802 732 862 demum
744 801 910 863 mediante
923 801 998 880 ipso
1012 815 1103 882 prae·
1155 801 1268 870 tatem,
1280 803 1314 864 et
1328 801 1539 864 consiliarios
1554 803 1748 864 Cremonen.
1763 819 1935 864 excommu-

309 905 484 966 decessore
498 901 613 962 nostro
628 899 715 961 iacta
729 898 792 958 tuit
807 897 957 975 quaedam
971 899 1101 976 tempo·
1156 897 1333 960 nicationis
1348 901 1381 961 et
1394 899 1430 959 in
1446 898 1614 961 civitatem
1628 900 1795 962 interdicti
1810 901 1934 962 sentem

308 1001 391 1063 ralis
413 998 607 1075 compositio
628 997 850 1073 interpertes,
867 998 900 1058 et
914 995 1101 1074 injunctum
1155 995 1231 1068 tias,
1258 995 1387 1056 sublato
1409 995 1642 1073 appellationis
1664 996 1844 1068 obstaculo,
1864 1015 1934 1074 pro·

308 1095 492 1161 venerabili
511 1095 608 1156 tratri
627 1094 779 1156 nostro...
802 1089 983 1154 Parmen...
1006 1094 1101 1170 epis·
1156 1091 1299 1165 terratis,
1311 1093 1359 1154 ita
1372 1093 1458 1170 quod
1470 1091 1517 1166 bi,
1529 1091 1746 1171 qni,durante
1758 1093 1935 1170 hujusmodi

308 1211 402 1273 copo,
430 1195 467 1256 ut
489 1193 623 1270 recepto
652 1207 672 1254 a
698 1190 845 1268 praetatis
877 1193 1099 1252 Cremonen...
1156 1189 1377 1262 contumacia,
1388 1190 1512 1252 eisdem
1521 1191 1685 1268 potestati,
1701 1192 1734 1253 et
1746 1191 1935 1254 consiliariis

304 1295 402 1372 Juxta
430 1292 569 1353 formam
588 1289 747 1351 Ecclesiae
770 1288 988 1365 corporaliter
1008 1289 1102 1366 jura·
1155 1288 1191 1348 in
1199 1287 1364 1362 regimine
1378 1288 1523 1350 civitatis
1534 1289 1760 1360 succederent,
1772 1289 1857 1350 dicta
1869 1306 1936 1350 sen-

308 1393 430 1462 mento,
458 1389 641 1450 relaxatam
664 1385 876 1448 denuntiaret
902 1387 1101 1448 sententiam
1155 1385 1260 1446 tentia
1274 1385 1480 1458 tenerentur,
1498 1387 1597 1448 nutra
1613 1385 1689 1466 (sic)
1708 1385 1934 1448 sententiarum

308 1483 1102 1566 supradictam,quidiligentermandatumllpos·
1156 1483 1322 1544 ullatenus
1333 1483 1528 1557 relaxanda,
1547 1484 1652 1546 donec
1665 1483 1744 1546 dicti
1757 1485 1935 1546 civesresti·

306 1587 443 1648 tolicum
453 1580 928 1659 adimplevitbeindequoque
939 1597 958 1642 a
968 1580 1100 1642 nobis...
1154 1579 1268 1641 tuendi
1284 1580 1422 1656 praefato
1437 1582 1639 1644 monasterio
1656 1598 1820 1660 expensas
1834 1581 1934 1658 legiti-

307 1683 443 1760 arcbipr
446 1724 506 1742 .....
528 1681 720 1750 marineus,
747 1679 780 1741 et
803 1678 913 1739 abbati
936 1678 977 1740 de
997 1678 1101 1740 Muti·
1156 1691 1238 1749 mas,
1253 1674 1359 1757 [quas]
1375 1677 1494 1740 bac‘de
1508 1671 1742 1740 causa‘fecisse
1755 1681 1935 1741 constareta

307 1781 397 1842 liano
410 1782 489 1842 tunc
501 1777 606 1856 priori
617 1776 657 1837 de
669 1776 890 1847 columbario,
906 1776 976 1838 at...
990 1775 1101 1837 abbati
1156 1775 1381 1852 temporeque
1396 1775 1558 1838 terminus
1574 1777 1816 1854 peremptorius
1830 1779 1935 1838 aucto·

306 1877 422 1940 Sancti
437 1875 608 1938 Benedicti
631 1885 731 1951 supra
753 1873 879 1934 Padurn
893 1887 994 1934 cansa
1010 1887 1103 1936 com-
1156 1872 1255 1934 ritate
1265 1874 1377 1934 nostm
1393 1873 1442 1934 eis
1458 1873 1567 1936 iuerat
1579 1873 1828 1950 assignatae
1842 1863 1936 1934 standi

309 1976 420 2046 missa,
436 1973 536 2035 iidem
563 1985 664 2048 snper
685 1971 750 2033 boc
773 1970 822 2032 eis
844 1971 1101 2048 peremptorium
1152 1971 1937 2049 Juripraetarjuratoriampraestarentaliampla·

306 2071 484 2136 terminum
500 2071 726 2146 assignarunt,
741 2085 805 2146 quo
821 2068 889 2129 illis
904 2083 970 2129 nou
983 2083 1102 2129 curan·
1156 2071 1285 2129 nariam
1298 2069 1498 2131 cautionem.
1509 2069 1572 2130 Sed
1583 2069 1729 2131 licetvos
1743 2070 1779 2129 in
1790 2069 1935 2146 eosjuxta

307 2166 691 2243 tibuscoramdelegatis
706 2165 787 2242 ipsis
801 2179 860 2241 per
874 2165 1102 2244 responsalem
1156 2166 1347 2228 mandatum
1369 2168 1518 2228 nostrum
1543 2166 1725 2229 sententias
1753 2165 1934 2244 promulga-

308 2268 463 2328 idoueum
483 2273 686 2341 comparere,
714 2262 865 2339 praedicti
893 2263 1038 2338 delegati
1061 2262 1101 2324 de
1155 2264 1271 2326 veritis
1283 2265 1496 2340 praenotatas,
1506 2265 1556 2326 illi
1568 2265 1679 2326 umen
1692 2265 1849 2326 malleum
1858 2263 1936 2326 velut

192 2376 196 2385 ·
307 2363 506 2442 prudentum
520 2361 668 2426 virorum
689 2359 830 2422 consilto
847 2361 1101 2437 pronuntiantes
1155 2355 1312 2438 stipulam
1324 2363 1546 2440 repulsantes,
1560 2363 1592 2424 et
1608 2363 1758 2439 percussi
1772 2361 1936 2424 renuentes

306 2463 385 2523 illos
406 2459 798 2529 existere‘contumaces,
824 2468 956 2535 poenam
985 2459 1103 2519 conm-
1156 2459 1937 2536 reciperedisciplinam,adbucinsuacontuma·

307 2559 424 2621 macies
440 2557 563 2619 diutius
577 2557 809 2634 prorogarunt.
833 2554 896 2616 Sed
910 2555 978 2614 illis
991 2553 1025 2615 iu
1041 2569 1102 2616 sua
1157 2553 1208 2618 cia
1231 2557 1460 2634 perseverant,
1477 2557 1685 2635 aspernando
1700 2557 1812 2619 redire
1829 2557 1868 2618 ad
1886 2573 1935 2617 ec·

308 2651 1101 2731 contumaciaperdurantibus,duopraediotorum
1157 2653 1378 2716 clesiastlcam
1414 2655 1586 2717 unitatem.
1620 2655 1790 2731 utigitur
1818 2653 1934 2733 justitia

305 2754 467 2831 judicum,
488 2751 587 2814 tertio
609 2749 767 2812 excusato
787 2749 945 2825 legitime,
967 2747 1001 2808 iu
1022 2750 1104 2809 Gre-
1156 2729 1284 2813 vincat‘
1295 2753 1468 2824 malitiam,
1498 2753 1531 2814 et
1560 2752 1672 2813 acrior
1696 2768 1795 2830 poena
1823 2751 1937 2830 pnrgat

310 2867 440 2914 monen.
454 2849 588 2911 eosdem
601 2845 955 2910 excommunicationis
968 2847 1104 2908 senten·
1157 2864 1240 2926 quos
1261 2850 1354 2912 nulla
1375 2849 1568 2926 compunxit
1587 2849 1749 2912 hactenus
1768 2847 1934 2928 poenitudo,

305 2951 391 3012 tiam
407 2945 629 3026 protulerunt,
646 2959 685 3008 ac
700 2943 907 3023 postmodum
920 2958 1034 3006 eornm
1047 2943 1104 3004 du·
1157 2961 1218 3008 nos
1240 2947 1390 3008 eumdem
1411 2947 1562 3008 abbatem
1576 2961 1691 3009 verum
1712 2947 1935 3009 constituentes

309 3048 420 3110 ritiam
436 3045 657 3115 advertentes,
674 3042 922 3120 possessionem
937 3054 1037 3103 causa
1053 3041 1101 3102 rei
1157 3045 1334 3121 petitorum
1358 3045 1399 3106 de
1420 3046 1541 3106 caetero
1562 3055 1801 3122 possessorem,
1819 3045 1934 3106 discre—
1988 3038 1989 3125 t

311 3143 483 3207 servandae
500 3140 774 3219 adjudicaverunt
795 3139 918 3211 abbati,
942 3139 1050 3217 ipsum
1068 3139 1102 3199 in
1155 3141 1241 3203 tioni
1256 3143 1375 3204 vestrae
1390 3159 1450 3220 per
1463 3143 1651 3220 Apostolica
1667 3141 1936 3220 scripta'iirmiter

306 3257 384 3303 eam
400 3239 618 3315 corporaliter
632 3236 830 3308 inducendo,
843 3239 876 3298 et
895 3237 944 3298 sic
962 3235 1103 3312 singulis
1156 3239 1380 3317 praecipiendo
1393 3239 1599 3312 mandamus,
1614 3241 1776 3317 quatenus
1788 3241 1895 3318 ipsum
1905 3237 1932 3297 iu

309 3337 741 3402 de'eonsilio·cremonen...
755 3333 989 3410 praestantibus
999 3336 1104 3410 -jura-
1157 3337 1526 3414 possessionemeorum
1541 3337 1761 3414 corporaliter
1772 3335 1934 3406 inducatis,

308 3437 430 3500 teriam
453 3435 651 3505 cautionem,
677 3433 762 3510 qivod
790 3432 917 3495 starent
938 3431 1103 3494 mandatis
1157 3435 1191 3497 et
1213 3435 1397 3497 defendatis
1423 3436 1606 3508 inductum,
1634 3435 1891 3497 contradictores
1911 3430 1936 3492 si
1987 3489 1988 3514 ἶ

315 3531 480 3602 Ecclesiae,
493 3546 531 3591 ac
546 3529 581 3591 in
599 3529 714 3589 eadem
730 3543 830 3589 causa
848 3527 918 3605 juri
933 3527 1100 3605 parerent,
1157 3533 1213 3610 qui
1248 3532 1372 3595 suerint
1405 3533 1458 3594 vel
1492 3532 1650 3606 rebelles,
1680 3548 1741 3611 per
1772 3545 1936 3596 censuram
1987 3515 1988 3520 ’

309 3630 458 3692 eamdem
472 3627 670 3689 sententiam
686 3625 892 3688 relaxarunt.
908 3625 1014 3696 Quum
1036 3639 1102 3685 au·
1158 3629 1430 3703 ecclesiasticam,
1446 3631 1577 3693 sublato
1592 3630 1829 3708 appellationis
1843 3629 1936 3691 obsta·

309 3731 376 3790 te'm
390 3726 470 3788 dicti
492 3727 687 3787 cremonen.
709 3724 784 3801 post
807 3723 949 3799 plurima
963 3720 1104 3784 'subter-
1157 3726 1243 3799 culo,
1263 3728 1512 3805 compescendo.
1527 3729 1733 3790 Praenotatas
1757 3729 1859 3790 etiam
1883 3741 1936 3786 ex-

310 3827 401 3901 lugia
417 3839 477 3901 per
488 3822 714 3885 venerabilem
728 3821 862 3884 tratrem
875 3819 1024 3882 nostrum
1041 3820 1104 3881 Os-
1157 3823 1468 3888 communicationis
1498 3826 1531 3888 et
1563 3825 1731 3889 interdicti
1766 3823 1935 3887 sententias

309 3925 451 3984 tiensem
476 3921 678 3998 episcopum,
694 3920 772 3980 tunc
799 3918 988 3994 fungentem
1010 3917 1104 3993 lega·
1157 3938 1218 4000 per
1231 3923 1304 3984 loca
1319 3923 1354 3985 in
1370 3923 1489 4000 quibus
1504 3923 1661 4000 expedire
1671 3922 1824 3985 videritis
1837 3921 1939 3983 solem·
1986 3909 1987 3939 ¹

310 4011 411 4082 tionis
438 4017 550 4080 cilicio
575 4018 611 4079 in
637 4017 787 4093 partibus
823 4015 1042 4087 Lambardiae,
1062 4013 1103 4076 de
1157 4021 1245 4082 niter
1269 4019 1488 4097 publicantes,
1515 4021 1548 4082 et
1579 4022 1778 4083 renovantes
1807 4017 1936 4088 easdem,

310 4116 467 4178 mandato
481 4115 595 4177 nostro
608 4113 712 4184 citati,
731 4113 891 4190 quosdam
908 4113 1105 4189 procurato-
1157 4116 1289 4178 iacietis
1304 4117 1461 4196 usquead
1477 4117 1737 4180 satisfactionem
1752 4117 1938 4192 condignam

312 4214 572 4276 resadnostram
586 4211 798 4288 praeentiam
811 4209 1045 4280 destinassent,
1058 4209 1102 4281 et,
1158 4214 1297 4276 tirmiter
1311 4214 1494 4288 observari,
1522 4216 1555 4278 et
1577 4213 1757 4277 lnbibeatis
1778 4227 1936 4292 expresse,

312 4311 639 4392 ipsis'indcientibus
660 4309 775 4371 eorum
798 4322 972 4370 commune
992 4308 1103 4385 possi·
1158 4328 1200 4374 ne
1228 4311 1340 4390 aliqua
1364 4312 1483 4374 civitas
1511 4327 1709 4390 quemquam
1738 4311 1845 4373 civem
1868 4311 1937 4369 Gra·
1985 4295 1986 4342 ³

311 4413 390 4474 dore
409 4410 579 4489 praedicta,
603 4408 710 4470 dictus
734 4405 836 4468 abbas
857 4407 993 4484 paratus
1016 4407 1104 4468 esset
1158 4425 1273 4470 mon...
1289 4409 1324 4470 iu
1340 4411 1535 4486 potestatem
1555 4409 1714 4480 assumat,
1728 4407 1783 4470 vel
1800 4421 1939 4480 assump-

312 4511 463 4588 probare,
480 4506 565 4586 quod
582 4509 777 4568 Cremonen.
802 4505 862 4565 illa
887 4503 1104 4581 possederant
1157 4506 1661 4578 tumaudeatretlnere.Quodsi
1675 4503 1936 4575 nonomnes,etc.

313 4609 485 4685 postquam
498 4619 558 4684 per
569 4603 701 4666 eosdem
716 4601 824 4664 luerat
838 4599 1011 4679 spoliatus,
1023 4602 1102 4662 tan-
1158 4606 1277 4666 Datum
1291 4604 1459 4676 Laterani,
1476 4605 1551 4666 XVI
1568 4603 1729 4666 kmendas
1741 4603 1841 4682 junii,
1863 4613 1938 4680 pon·

312 4705 385 4766 dem
409 4702 567 4765 exhibitis
589 4699 701 4763 abbati
724 4697 882 4777 praedicto
905 4697 1025 4761 litteris
1040 4696 1106 4757 im·
1157 4702 1303 4764 titicatus
1318 4701 1424 4764 nostri
1438 4716 1528 4764 anno
1543 4701 1695 4779 septimo.
1718 4739 1726 4746 -

311 4787 504 4879 parielibus,
516 4814 577 4876 per
588 4813 671 4876 quas
684 4797 745 4858 sub
756 4809 853 4874 poena
866 4793 999 4858 centum
1014 4809 1105 4855 mar-

312 4913 426 4960 carum
446 4893 658 4958 inhibebatur
673 4895 793 4966 eidem,
818 4909 860 4955 ne
885 4893 992 4955 dictos
1014 4893 1104 4954 cives

314 5009 414 5074 super
436 4992 490 5055 bis
509 4993 545 5054 ln
566 4991 882 5054 foro'ecclesia‘stico
899 4989 1102 5060 conveniret,
1460 4948 1652 5038 CXXXVI

312 5093 460 5172 petentes
483 5089 546 5151 sibi
570 5087 643 5150 dari
667 5087 828 5161 libellum,
843 5088 877 5149 et
892 5086 1045 5148 inducias
1062 5085 1104 5147 ad
1158 5093 1936 5169 AdAtpertomarobteptsc.Mopdeburpcaaun.

312 5189 516 5254 redeundum
529 5187 693 5258 Cromen,
708 5186 742 5246 et
754 5181 1014 5255 deliberandum,
1029 5197 1104 5245 cum
1451 5223 1484 5293 Π
1500 5233 1568 5292 maii
1584 5232 1652 5290 Μ

312 5281 1105 5364 sicutpraemissumestdudumipsmspopulipro
1526 5357 1532 5368 Ι

213 5365 215 5370 ’
312 5383 521 5448 curatoribus
541 5397 615 5443 curn
638 5379 782 5442 induciis
797 5379 838 5440 ad
854 5377 1103 5440 deliberandum
1309 5355 1796 5422 [conmer‚ncn1mp0m‚11,p.cca.]

313 5475 1104 5552 semel,etsecundolibellusoblatus‚etreceptus
1159 5467 1195 5524 Ut
1209 5463 1341 5524 abbatem
1361 5463 1542 5524 sanctisimi
1563 5464 1722 5521 Placentini
1741 5464 1772 5520 iss
1791 5459 1937 5536 possessio·

271 5555 274 5562 ¹
311 5578 440 5649 suisset,
468 5591 488 5637 a
514 5574 628 5637 nostra
654 5572 833 5652 praesentia
864 5572 1105 5635 contumaciter
1374 5551 1593 5612 sstmb⁰¹¹⁰l⁰¹¹¹
1608 5551 1732 5610 inducat.

314 5673 532 5740 recesserunt.
563 5672 742 5734 [iudanos
767 5669 1042 5748 reprcunteseis
1068 5669 1103 5730 in
1198 5661 1936 5748 Honoriusepiscopusservusservorumiiei
