4104 6330
130 343 187 406 2oe
745 337 975 400 EPISTOLAE.
998 337 1076 398 ulli.
1100 339 1155 400 VI.
1284 389 1288 400 ,
1703 341 1762 402 206

165 500 310 566 Dilectus
323 500 414 564 illius
428 503 578 580 tiegerus
600 499 742 564 clericus
756 499 791 561 in
803 499 917 562 nostra
1011 497 1763 582 Recepimuslitterasnobilisvirilttalmundil,

128 599 296 682 proposuit
307 600 484 678 praesentia
496 599 705 670 constitutus,
716 597 804 676 quod
817 613 916 676 quum
972 597 1032 659 lilii
1047 599 1212 676 quondam
1230 602 1268 662 R.
1290 601 1420 662 comitis
1435 601 1574 672 Tolosae,
1598 599 1766 661 continen-

127 701 202 762 olim
228 712 291 776 pro
315 699 389 774 ipso
414 697 598 760 venerabili
622 696 718 758 tratri
738 695 852 757 nostro
855 737 915 754 .....
971 697 1021 759 tes
1041 697 1126 773 quod
1147 699 1200 759 est
1222 696 1386 758 solemnes
1402 697 1543 758 nuncios
1559 697 1601 758 ad
1616 697 1765 758 nostmm

128 798 279 876 episcopo
295 797 328 858 et
341 795 471 856 dilectis
486 794 565 856 filiis
579 793 725 870 capitulo
738 792 919 855 cathalau-
972 796 1182 871 presentiam
1188 795 1456 867 transmissurus,
1467 794 1614 856 tacturos
1624 810 1682 871 pro
1692 794 1764 871 ipso

128 911 214 968 nen„
236 894 274 955 ut
291 909 358 954 non
383 891 535 956 obstante
564 907 605 954 eo
639 891 725 969 quod
753 890 836 967 ipsis
857 905 917 966 pro
971 895 1093 954 nostrae
1114 891 1358 970 beneplacitum
1384 892 1565 954 voluntatis
1584 890 1642 971 (1).
1658 893 1764 963 Quum

128 993 199 1054 aliis
213 990 467 1068 scripseramus,
481 1005 557 1052 eum
567 988 755 1066 reciperent
767 989 916 1049 incano—
972 1005 1051 1066 ergo
1066 989 1107 1050 de
1120 991 1164 1062 te,
1188 991 1357 1068 tamquam
1373 1005 1494 1066 magno
1518 991 1551 1052 et
1575 987 1763 1050 honorabili

128 1089 232 1152 uicum
248 1088 332 1152 etin
352 1087 501 1159 trahem,
523 1087 560 1147 in
577 1087 743 1148 mandatis
763 1085 869 1162 primo
885 1086 918 1147 et
971 1087 1127 1150 Ecclesiae
1153 1088 1212 1150 Dei
1245 1087 1402 1160 membro,
1434 1087 1581 1164 gerimus
1609 1086 1764 1148 fiduciam

127 1184 266 1250 secundo
282 1185 469 1248 dederimus
494 1185 531 1246 in
554 1185 740 1262 praeceptis,
764 1181 866 1244 iidem
883 1181 916 1242 id
971 1185 1160 1263 specialem,
1186 1186 1374 1262 certiusque
1392 1200 1587 1267 responsum
1609 1200 1629 1245 a
1649 1185 1693 1256 te,
1710 1183 1763 1244 cui

127 1284 255 1346 efficere
285 1281 447 1345 hactenus
474 1297 541 1344 non
572 1283 752 1357 curarunt;
784 1281 918 1357 propter
968 1280 1164 1360 jamdudum
1189 1297 1290 1359 super
1315 1282 1379 1344 hoc
1404 1281 1588 1342 direximus
1617 1280 1762 1352 litteras,

128 1381 207 1460 quod
233 1381 325 1442 idem
349 1379 492 1442 clericus
510 1381 582 1457 jam
605 1379 738 1450 coactus
752 1378 803 1440 est
818 1377 917 1440 tertio
971 1381 1213 1457 exspectamus,
1243 1379 1485 1441 fraternitatem
1513 1379 1605 1440 tuam
1633 1377 1763 1440 sollici·-

127 1471 217 1542 Sedis
254 1477 454 1556 Apostolicae
494 1475 692 1538 beneficium
724 1475 915 1552 implorare.
969 1475 1106 1539 undam
1130 1477 1285 1539 duximus
1308 1480 1342 1538 et
1361 1476 1570 1547 hortandam,
1580 1491 1644 1552 per
1657 1479 1765 1553 Apos-

126 1575 277 1638 volentes
288 1573 403 1651 igitur,
419 1575 457 1636 ut
477 1573 563 1651 quod
578 1573 619 1634 de
638 1572 828 1650 provisione
843 1571 916 1633 cle·
970 1575 1070 1637 tolica
1087 1574 1147 1637 tibi
1169 1575 1292 1654 scripta
1311 1574 1505 1636 mandantes
1521 1575 1694 1651 quatenus,
1710 1589 1765 1634 se-

126 1674 184 1735 rici
210 1673 386 1735 memorati
410 1671 465 1749 pie
492 1672 706 1748 incoepimus,
732 1669 917 1747 praesertim
971 1673 1114 1735 cundum
1134 1673 1244 1735 datam
1267 1672 1328 1734 tibi
1345 1688 1364 1734 a
1381 1675 1448 1734 Deo
1470 1672 1690 1748 prudentiam,
1707 1671 1764 1732 des

126 1787 219 1849 quum
233 1769 332 1832 bonae
347 1769 515 1832 memoriae
538 1771 608 1831 Η...
634 1768 779 1830 decanus
795 1767 828 1828 et
841 1765 918 1844 plu·
970 1786 1106 1848 operam
1118 1769 1288 1834 efficacem
1304 1771 1441 1833 utterra
1460 1769 1507 1832 ita
1520 1771 1679 1846 purgetur
1694 1769 1766 1831 hae·

125 1884 175 1930 res
196 1867 436 1940 archidiaconi,
456 1882 587 1930 necnon
608 1867 642 1928 et
654 1866 766 1943 plures
780 1863 840 1926 alii
854 1879 915 1926 oa-
971 1869 1094 1943 reticis,
1110 1871 1143 1932 at
1155 1869 1201 1931 ita
1217 1869 1368 1932 ecclesiis
1383 1869 1441 1930 liat
1455 1867 1621 1930 restitutio
1636 1867 1765 1928 ablato-

126 1966 233 2028 nonici
254 1964 498 2028 cathalaunen.
521 1963 672 2026 ecclesiae
692 1977 751 2041 pro
766 1977 806 2024 eo
821 1961 917 2022 nobis
970 1966 1091 2038 torum,
1108 1967 1224 2028 etcum
1240 1961 1629 2044 nobiliuirot[malrico]
1645 1963 1765 2024 comite

126 2063 292 2126 humiliter
318 2062 559 2140 supplicarunt,
593 2061 775 2138 perducere
800 2059 842 2120 ad
867 2057 918 2120 es·
971 2062 1136 2126 Tolosano
1157 2064 1269 2126 taliter
1286 2063 1512 2140 componatur,
1532 2061 1618 2138 quod
1642 2059 1683 2122 ad
1698 2075 1764 2122 au·-

127 2157 251 2230 sectum‚
274 2156 468 2222 discreiioni
487 2159 607 2221 VOStt'ae
636 2172 696 2234 ΡΘΙ
725 2155 917 2232 APOSiOliGa
972 2162 1109 2224 diendos
1145 2161 1297 2239 jamdicti
1334 2160 1456 2221 nobilis
1491 2159 1632 2220 nuncios
1666 2173 1765 2220 aures

127 2257 243 2334 scripta
267 2256 477 2326 mandamus,
501 2257 663 2332 subitonus
680 2255 871 2331 episcopum
885 2252 918 2317 et
971 2260 1178 2338 apostolicas
1203 2259 1368 2321 inclinare
1390 2259 1509 2320 merito
1525 2256 1716 2327 debeamus,
1733 2257 1766 2318 et

128 2355 304 2432 capitulum
327 2353 538 2426 memoratos,
563 2354 600 2415 ut
620 2352 744 2414 dictum
759 2349 917 2412 clericum
972 2359 1058 2436 quod
1080 2373 1181 2436 super
1193 2357 1235 2418 iis
1250 2357 1360 2418 actum
1375 2355 1487 2424 luem,
1508 2355 1688 2431 nobisper
1705 2354 1766 2415 lit-

125 2453 214 2530 ium
227 2453 375 2530 Primum
389 2451 627 2513 ⁰011tiss0ssti³m
642 2448 829 2512 littflrflrum
844 2447 916 2508 sal·
972 2458 1062 2518 teras
1082 2455 1158 2518 tuas
1180 2454 1322 2516 fideliter
1343 2454 1499 2516 intimare
1520 2467 1680 2530 procures
1695 2473 1703 2513 ι
1717 2451 1766 2512 ita

127 2551 187 2612 em
201 2550 264 2612 hac
278 2549 354 2612 vice
371 2549 536 2626 recipiant
558 2548 593 2610 ln
620 2547 819 2610 canonicum
834 2546 868 2607 et
881 2545 918 2606 in
972 2553 1058 2632 quod
1071 2553 1136 2630 ipsi
1151 2553 1265 2614 nuncii
1283 2552 1367 2614 salsa
1378 2566 1438 2629 pro
1455 2550 1541 2612 veris
1553 2564 1620 2612 non
1632 2549 1767 2610 valeant

129 2646 271 2721 fratrem,
298 2647 523 2724 ltraebessdassb
550 2646 580 2707 Si
599 2661 665 2724 (lua
680 2643 778 2707 Vacat
796 2642 918 2704 ibidem
972 2651 1122 2714 suadere.
1141 2648 1620 2729 (calceamentorumque
1635 2647 1767 2720 tempo-
1855 2645 1857 2652 ’

129 2745 166 2806 ad
191 2760 357 2824 praesens,
379 2745 434 2808 vel
460 2759 559 2821 quum
586 2743 693 2822 primo
712 2757 749 2804 se
776 2739 917 2802 facultas
972 2753 1025 2812 ,qs
1038 2745 1242 2828 superacuto.)

130 2842 290 2916 obtulerit,
312 2841 522 2905 conterentes
544 2841 670 2914 eidam,
687 2855 823 2902 monere
838 2837 918 2899 dili·
1011 2869 1055 2928 Μ
1083 2867 1241 2926 cumdem
1267 2866 1407 2926 modum
1433 2863 1467 2926 ep
1497 2865 1615 2924 ,opem
1645 2861 1766 2923 tenore

129 2941 264 3016 φῶθ’
277 2942 313 3003 θῘ
331 2940 489 3002 ind¹¹⁰⁰s⁰
503 2937 688 3016 Pr⁰⁰¹¹r⁰fi⁸
709 2937 800 3015 i1³⁸os
815 2935 856 2996 ad
873 2935 916 3006 Μ’
972 2961 1208 3038 scriptumest
1227 2959 1488 3036 archiepiscopis
1500 2959 1534 3021 et
1547 2958 1712 3035 episcopis
1726 2971 1766 3018 ac

129 3037 188 3100 nisi
212 3037 341 3117 aliquid
369 3036 568 3100 rationabile
590 3035 754 3114 objectum
772 3033 873 3096 tuerit
885 3034 919 3094 et
973 3059 1146 3122 abbatibus
1163 3059 1197 3121 et
1210 3058 1286 3120 apis
1301 3057 1519 3122 ecclesiarum
1538 3055 1686 3135 praepaqs
1706 3069 1768 3134 per

131 3135 310 3212 probatum,
335 3150 438 3212 quare
464 3134 527 3196 hoc
550 3133 624 3194 lieri
645 3148 712 3194 non
731 3129 849 3194 debeat
862 3129 917 3192 uel
973 3155 1185 3219 provinciam
1196 3152 1394 3217 oonsqquqs,

130 3247 189 3294 non
204 3233 321 3310 possit,
338 3231 468 3294 sublato
483 3229 718 3309 appellationis
733 3227 916 3300 obstacula,

130 3331 320 3393 scommate
342 3331 457 3392 nostre
480 3329 650 3404 cogentes.
679 3327 771 3400 Quod
798 3325 827 3388 si
851 3340 918 3387 non

130 3441 246 3502 omnes,
272 3427 336 3490 etc.
361 3428 481 3491 Datum
505 3425 677 3498 Laterani,
704 3425 734 3486 V
756 3408 918 3486 kalendas
1274 3449 1461 3538 CCXXXI

128 3525 211 3602 julli,
225 3524 440 3604 pontificatus
463 3524 568 3588 nostri
587 3537 676 3586 anno
691 3521 797 3584 sexto.

1032 3603 1085 3666 Act
1102 3603 1375 3676 archiepiscopos
1395 3601 1429 3663 et
1448 3601 1623 3674 episcopos
1637 3611 1708 3672 per·

1076 3713 1223 3777 raparum
1237 3699 1433 3774 Hesperio
1445 3695 1659 3760 constitutos.

1272 3829 1290 3888 t
1305 3828 1370 3902 jure
1385 3828 1465 3886 reat.

438 3883 607 3972 CCXXX
939 3985 940 3990 =
1124 3953 1214 4018 [chcc
1227 3951 1289 4005 eod.
1303 3951 1422 4016 diplom..
1434 3951 1478 4008 ΙΙΙ,
1490 3963 1513 4010 up
1521 3963 1548 4014 p.
1559 3947 1627 4014 388]

149 4040 195 4099 Ad
210 4038 414 4108 arnobium,
426 4037 688 4099 Narbonensem
702 4031 905 4104 archiepisc.

974 4081 1009 4140 Ut
1022 4078 1148 4138 licetret
1165 4077 1254 4136 tilium
1268 4091 1353 4136 suum
1367 4075 1396 4134 in
1412 4089 1512 4150 regem
1523 4073 1655 4134 coronari
1668 4071 1766 4132 lecerit

432 4175 516 4236 Anno
532 4175 612 4234 1²22.
888 4173 890 4178 ‘
1009 4169 1159 4227 universos
1170 4174 1267 4225 tamen
1282 4165 1345 4240 regi
1365 4164 1438 4239 petri
1452 4163 1570 4224 obedire
1583 4162 1766 4235 compellant.

163 4343 166 4348 >
272 4301 475 4366 [conquetas.
487 4297 532 4350 ¹¹⁰⁵
543 4295 784 4360 ffi⁵teffl=⁷²⁷d
1013 4303 1182 4367 Honorius
1213 4301 1400 4380 episcopus,
1442 4315 1559 4362 seruus
1591 4313 1767 4360 seruorum

132 4425 284 4486 ltatmundo
293 4428 356 4496 Vll,
368 4425 473 4484 comite
481 4422 631 4492 tolosano,
648 4422 775 4478 missuro
787 4419 916 4489 nuncios,
974 4401 1043 4476 Dei,
1058 4399 1306 4463 venerabilibus
1330 4396 1489 4460 'smil'flllls
1503 4395 1764 4472 archiepiscopis

162 4517 207 4589 qui
230 4515 405 4590 apostolicae
419 4513 596 4572 auctoritatis
615 4510 827 4583 beneplacitum
841 4507 918 4566 lace·
975 4501 1009 4563 et
1029 4496 1194 4578 episcopis
1209 4512 1269 4574 per
1282 4511 1421 4572 regnum
1436 4493 1618 4569 ilungariae
1635 4491 1764 4556 consti·-

165 4611 234 4675 reut,
252 4603 370 4662 mandet
383 4601 535 4670 Honorius,
552 4609 583 4659 ut
599 4600 712 4657 interim
727 4597 921 4656 Narbonensis
973 4598 1065 4671 tutis,
1091 4595 1232 4658 salutem
1256 4594 1290 4656 et
1310 4591 1535 4670 apostolicam
1561 4589 1768 4652 benedictio·

165 4693 395 4767 archiepiscopus
422 4691 528 4760 omnia,
546 4703 610 4762 que
624 4693 736 4760 oportet
751 4683 822 4757 lieri,
834 4683 918 4758 perfl-
974 4711 1062 4758 nem,

162 4781 260 4839 cienda
284 4786 425 4856 procuret,
450 4779 488 4836 ita
509 4784 540 4836 ut
556 4776 655 4836 nuncii
677 4775 748 4833 lalsa
773 4773 920 4847 proteris
1014 4791 1098 4866 Quia
1122 4788 1315 4852 carissimus
1334 4785 1371 4849 in
1395 4785 1525 4850 Christo
1551 4785 1640 4847 plius
1654 4783 1769 4850 noster

164 4883 218 4928 ⁰⁰¹¹
233 4870 348 4929 V⁸¹⁶³¹¹¹
362 4866 496 4928 mimi·
974 4888 1157 4966 Hungariae
1180 4903 1242 4948 rex
1255 4885 1408 4957 illustris,
1424 4885 1593 4962 tamquam
1617 4883 1692 4960 pius
1707 4898 1768 4961 pa-

168 4995 335 5060 Honorius
359 4995 585 5072 episcopus...,
615 4988 801 5053 venerabili
824 4988 920 5051 tratri
974 4991 1025 5053 ter
1039 4986 1081 5050 ad
1107 4984 1347 5064 promotionem
1372 4981 1583 5061 primogeniti
1606 4981 1660 5042 sui
1686 4979 1768 5042 dili-

135 5093 377 5172 archiepiscopo
391 5088 614 5161 Narbonensi,
631 5090 693 5150 etc.
974 5086 1091 5164 genter
1105 5083 1271 5161 aspirans,
1287 5096 1417 5160 necnon
1435 5079 1469 5142 et
1482 5078 1663 5143 discrimen
1681 5092 1772 5154 pree·-

167 5247 205 5323 (Ι)
223 5251 308 5309 Anno
332 5249 412 5318 rata,
432 5247 583 5306 consitium
612 5243 667 5303 hoc
688 5251 783 5302 mente
807 5243 922 5326 agitans
974 5243 1091 5302 unicum
1106 5247 1134 5300 et
1153 5239 1442 5320 principalerecurro
1456 5234 1610 5320 retugium,
1624 5232 1700 5318 apud
1713 5233 1770 5292 do·

136 5318 312 5390 boimundus,
329 5320 442 5392 scripsit
457 5318 493 5376 ad
511 5317 673 5389 Philippum
694 5329 792 5388 regern
814 5315 921 5372 litteras
976 5315 1083 5373 minum
1102 5327 1199 5370 meum
1219 5318 1248 5368 et
1262 5323 1400 5382 majorem
1414 5315 1443 5365 et
1458 5307 1494 5378 (st
1509 5305 1643 5364 auderem
1660 5303 1774 5380 diceret>

137 5404 200 5460 ques
212 5395 310 5450 recitat
322 5389 491 5458 vaissetius,
508 5387 624 5456 ibidem,
640 5386 694 5444 col.
712 5387 776 5454 275,
792 5385 837 5442 his
852 5399 916 5441 ver·
974 5385 1233 5458 consanguineum,
1258 5379 1402 5438 humiliter
1416 5393 1468 5436 vos
1482 5377 1639 5460 deprecans
1657 5381 1686 5434 et
1699 5391 1767 5435 exo·

136 5458 192 5520 bis:
208 5483 219 5512 ε
235 5462 422 5520 Serenissimo
433 5459 549 5517 domino
564 5473 627 5526 suo,
642 5457 781 5528 Philippo,
796 5457 846 5514 Dei
857 5469 922 5529 gra·
975 5471 1052 5523 rans,
1075 5461 1217 5527 quatenus
1234 5453 1291 5509 mei
1302 5449 1429 5507 misereri
1447 5447 1770 5516 velitrt,etintuitu1lei

138 5531 374 5599 detruncatum
401 5544 433 5586 re
456 5531 475 5596 i,
504 5527 688 5602 llaymundus
712 5529 787 5584 lilius
812 5526 920 5584 domini
976 5541 1022 5585 me
1045 5524 1205 5608 dignemini
1227 5523 1376 5580 restituere
1397 5525 1588 5578 sacrosanctae
1598 5519 1649 5576 Dei
1669 5519 1767 5576 Eccle-

137 5603 393 5670 comittsl'olcsont,
404 5545 524 5659 cinctu
538 5607 566 5657 et
576 5597 718 5656 mandatis
733 5597 795 5671 ejus
807 5611 921 5669 semper
975 5599 1026 5655 site
1040 5595 1152 5663 unitati,
1168 5602 1209 5662 ut,
1229 5589 1466 5650 exhaeredationis
1481 5605 1499 5647 o
1521 5589 1633 5663 probriu
1647 5588 1769 5658 sublato,

139 5675 261 5732 motinus
275 5673 400 5732 obedire.
416 5667 460 5730 Ad
471 5686 534 5738 vos,
545 5669 670 5740 domiue,
689 5669 762 5726 sicut
774 5667 810 5726 ad
824 5683 920 5726 meum
974 5683 1096 5742 perum
1116 5665 1253 5739 recipiam
1269 5661 1476 5721 hereditatem.
1543 5675 1591 5718 am
1609 5659 1698 5728 sirim,
1716 5657 1770 5750 ἀοῖ
2017 5673 2018 5762 q
