4002 6326
91 459 145 518 noe

382 627 575 714 LXXXIX

90 777 137 838 Ad
156 775 308 837 abbatem
326 776 360 837 et
385 777 593 839 conventum
610 774 872 840 Mercbtnnnen.

363 905 593 966 anmnrniiltta.

105 1029 167 1094 [llas.
182 1028 268 1089 latins,
279 1028 355 1080 ionds
366 1031 476 1092 Morene,
492 1036 510 1080 t.
525 1031 579 1092 132,
591 1047 618 1096 p.
632 1032 656 1082 h.
674 1030 739 1082 nihl.
748 1031 859 1096 natium]

187 1155 237 1212 Eis
250 1153 388 1227 quasdam
401 1157 599 1228 possessiones
609 1155 769 1214 confirmat.

124 1288 300 1361 Honorius,
328 1289 404 1360 etc,
432 1289 563 1352 dilectis
597 1290 676 1351 liliis
704 1289 816 1351 abbati
844 1288 877 1350 et

91 1386 261 1448 conventui
274 1387 472 1460 Marchian„
485 1390 638 1461 salutem,
654 1390 716 1449 etc.

123 1482 223 1545 iustis
249 1485 432 1561 petentium
461 1484 635 1546 desideriis
664 1485 800 1560 dignum
824 1483 877 1545 est

89 1579 211 1643 facilem
227 1581 376 1658 praehere
391 1597 590 1644 eonsensum
612 1585 644 1644 et
665 1585 754 1654 vota,
767 1597 875 1660 quaen

90 1677 214 1740 tramite
224 1679 367 1741 rationis
377 1695 443 1744 non
454 1679 656 1753 discordant,
666 1680 786 1741 effectu
797 1695 876 1756 prn-

89 1777 238 1852 sequente
247 1777 424 1854 complere.
433 1779 479 1838 lia
487 1778 632 1854 propter,
641 1777 752 1839 dilecti
767 1777 803 1838 in
815 1779 875 1838 Do·

88 1873 873 1952 minotilii,vestrisjustispostulationihusgrato

89 1973 319 2034 concurrentes
336 1989 488 2044 assensu,
504 1972 669 2034 vivarium
684 1973 724 2034 de
737 1973 874 2034 Clevre-

89 2067 183 2142 enies,
204 2068 367 2132 fossatum
388 2070 428 2132 de
449 2070 602 2146 Rulagio,
622 2071 742 2142 terras,
766 2071 874 2146 prata,

87 2181 216 2228 nemora
228 2166 273 2228 ad
286 2167 368 2230 illud
384 2168 579 2245 spectantia,
599 2167 685 2230 siout
708 2183 749 2228 ea
763 2165 875 2228 omnia

84 2262 166 2339 iuste
180 2265 213 2326 et
232 2265 394 2326 canonice
409 2281 449 2326 ac
464 2265 601 2343 pacifice
617 2264 804 2342 possidetis,
818 2279 873 2326 ro-

85 2358 173 2423 hiset
185 2377 319 2438 parvos
334 2363 535 2424 monasterio
548 2365 659 2425 vestro
674 2362 876 2424 auctoritate

85 2457 269 2534 apostolica
282 2459 516 2522 confirmamus
530 2460 743 2537 etpraesentis
759 2459 876 2536 scripti

86 2556 266 2631 patrocinio
279 2557 532 2618 communimus.
545 2557 636 2619 Nulli
648 2573 728 2634 ergo
741 2556 875 2618 omnino

86 2650 251 2716 hominum
266 2653 368 2717 lineat
382 2654 469 2718 hanc
484 2656 640 2732 paginam
655 2656 778 2718 nostrae
794 2669 876 2716 con-

86 2747 280 2816 firmationis
293 2751 488 2828 intringere,
504 2754 563 2815 aut
576 2753 608 2814 ei
623 2767 707 2814 ausu
727 2753 876 2815 mmera-

86 2847 132 2908 rio
153 2849 332 2912 conuaire.
355 2849 390 2912 Si
405 2851 480 2928 quis
501 2853 611 2913 autem
626 2849 690 2913 hoc
709 2851 876 2913 attentare

86 2947 341 3024 presumpserit,
358 2947 622 3024 indignationem
642 2947 876 3024 omnipotentis

86 3042 140 3103 hei
149 3045 181 3105 el
194 3043 371 3108 beatorum
386 3047 478 3108 Petri
491 3049 524 3108 et
538 3045 635 3108 Pauli
650 3045 877 3122 apostolorum

86 3141 152 3215 ojus
174 3157 211 3202 se
236 3143 370 3204 norant
390 3143 615 3204 incursurum.
632 3143 751 3205 Datum
773 3143 875 3207 Late-

86 3237 164 3308 rani,
176 3240 222 3299 111
234 3239 399 3301 kalendas
419 3241 548 3319 aprilis,
563 3240 776 3319 pontificatus
792 3253 875 3302 nos-

85 3332 124 3394 tri
137 3349 224 3398 anuo
240 3337 394 3415 septimo.

445 3639 509 3728 XG

237 3821 292 3879 Ad
313 3820 509 3893 episcopum
529 3823 715 3882 Tornncen.

362 3958 394 4016 31
409 3958 503 4015 martii
517 3959 594 4016 1223.

110 4081 228 4146 [liegest.,
237 4081 345 4141 lih.vll,
356 4082 432 4146 epist.
442 4081 495 4131 lbi.
508 4081 567 4132 hirs.
581 4083 617 4132 La
629 4083 705 4134 Porte
714 4083 749 4134 dn
760 4083 853 4149 Theti]

87 4203 193 4263 linudat
209 4213 242 4264 ut
255 4207 287 4262 in
301 4205 422 4264 ecclesia
437 4205 611 4263 tornacensi
625 4207 796 4264 heneficium
809 4223 877 4281 prae·

116 4292 234 4440 propala
248 4295 400 4367 capellano
421 4294 500 4368 regis
521 4294 785 4354 Thessalonicensis
803 4311 873 4355 con·

128 4397 173 4440 era
188 4425 196 4439 .

683 458 912 520 EP18TOLAE.
936 412 1015 520 nin.
1038 459 1107 522 Vll.

1568 420 1576 434 ’
1665 455 1726 518 aro

886 667 892 674 .
930 620 962 684 ei
987 621 1124 683 minime
1157 619 1344 699 providisti,
1369 617 1448 682 licet
1479 617 1601 680 ibidem
1631 633 1724 696 qua

930 719 1005 779 dnm
1042 718 1177 780 interim
1207 717 1384 796 praehenda
1418 716 1603 789 vacaverit,
1638 716 1724 780 slent

930 815 1045 878 fertur.
1079 816 1235 878 volentes
1263 816 1366 891 igitur
1391 816 1427 876 ut
1457 830 1519 876 nec
1549 813 1636 891 apud
1661 825 1723 878 nos

931 929 1045 990 preces
1059 915 1148 990 regis
1161 913 1321 990 praedicti,
1337 929 1397 974 nec
1412 913 1499 990 apud
1511 913 1544 976 te
1557 912 1723 990 praecepta

929 1012 1044 1072 nostra
1064 1011 1173 1072 debito
1195 1011 1390 1073 fraudentur
1411 1011 1542 1082 effectu,
1565 1009 1725 1072 fraterni-

930 1109 1031 1169 tatem
1054 1109 1146 1170 tuam
1170 1123 1341 1170 monemus
1368 1109 1492 1194 attente
1518 1123 1578 1185 per
1602 1107 1723 1172 iterata
1777 1136 1783 1142 ·

929 1206 990 1268 tihi
1010 1207 1133 1283 scripta
1153 1206 1301 1268 districte
1317 1205 1538 1284 praecipiendo
1558 1203 1723 1268 mandau-

931 1305 992 1376 tes,
1009 1305 1172 1381 quatenus
1193 1303 1414 1381 prebendam,
1426 1319 1498 1381 quae
1511 1303 1546 1364 in
1561 1303 1648 1364 dicta
1663 1311 1723 1364 ee·

932 1401 1034 1464 clesia
1055 1401 1177 1463 dicitur
1200 1414 1288 1464 nuno
1303 1417 1435 1474 vacare,
1452 1400 1504 1464 vel
1526 1399 1722 1478 quantocius

931 1499 1088 1562 obtulerit
1114 1515 1150 1561 se
1175 1499 1331 1570 facultas,
1352 1499 1510 1576 praedicto
1531 1497 1722 1574 presbytero

932 1597 1083 1658 conseras
1114 1597 1147 1659 et
1180 1597 1342 1672 assignes,
1371 1595 1631 1657 contradictores
1662 1609 1722 1670 per

931 1710 1105 1756 censuram
1116 1693 1388 1766 ecclesiasticam,
1401 1692 1623 1771 appellatione
1637 1692 1722 1768 post·

931 1792 1050 1870 posita,
1075 1791 1324 1868 compescendo.
1347 1791 1503 1868 Alioquin
1529 1789 1657 1851 dilectis
1682 1787 1724 1848 li-

931 1889 1022 1951 liis...
1046 1889 1282 1951 archidiacono
1307 1889 1506 1950 Pontivcn...
1533 1887 1720 1958 scolastico,

932 1987 965 2049 et
986 1987 1143 2063 magistro
1168 1987 1329 2048 canonico
1355 1985 1467 2048 Sancti
1486 1983 1618 2046 Nicolai
1638 1986 1721 2044 Am-

929 2084 1063 2147 hianen.
1090 2083 1243 2147 dioecesis
1266 2083 1389 2145 nostris
1412 2083 1528 2144 damus
1545 2079 1666 2144 litteris
1686 2081 1722 2141 in

931 2183 1106 2255 mandatis,
1124 2183 1161 2245 ut
1180 2181 1214 2243 id
1239 2181 1436 2244 auctoritate
1451 2181 1576 2250 nostra,
1592 2177 1722 2239 sublato

931 2280 1165 2358 appellationis
1192 2278 1372 2351 obstaculo,
1396 2277 1630 2354 exsequantur.
1657 2277 1725 2336 Da-

931 2382 1000 2442 tum
1016 2378 1182 2450 Laterani,
1203 2381 1233 2438 ΙΙ
1254 2377 1415 2439 kalendas
1438 2375 1567 2454 aprilis,
1590 2371 1724 2453 pontill-

932 2478 1024 2540 catus
1037 2476 1144 2539 nostri
1159 2491 1247 2538 anno
1264 2475 1415 2553 septimo.

972 2574 1138 2652 Scriptum
1152 2573 1202 2636 est
1217 2589 1317 2651 super
1330 2573 1393 2635 hoc
1407 2569 1543 2634 eisdem.

1285 2903 1371 2990 xni

951 3059 1004 3118 Ad
1014 3056 1179 3132 praelatos
1190 3069 1256 3129 per
1269 3055 1600 3130 andehnrpenscm
1609 3065 1695 3126 pro-

1134 3155 1287 3214 cinctam
1306 3151 1518 3214 constitutos.

1205 3283 1238 3340 tl
1259 3281 1354 3340 martii
1375 3281 1453 3340 1223.

978 3407 1116 3475 [Garadum.
1127 3407 1190 3460 Cod.
1207 3407 1313 3472 diplom.
1329 3405 1455 3465 Saxonis,
1466 3405 1497 3463 ll,
1509 3418 1527 3464 r,
1540 3404 1580 3464 no,
1590 3418 1616 3454 n.
1626 3403 1679 3468 92]

932 3537 981 3594 Eis
994 3533 1111 3593 mandat
1121 3539 1152 3592 nt
1166 3529 1240 3590 lilios
1251 3531 1368 3590 Arnoldi
1378 3530 1414 3589 de
1429 3529 1597 3590 hlildensten
1611 3535 1639 3586 et
1650 3541 1726 3586 com·

967 3625 1055 3698 plicas
1080 3621 1258 3689 eorumdem,
1285 3621 1333 3692 qui
1359 3621 1532 3678 hiisnensem
1558 3618 1725 3690 episcopum

966 3727 1070 3786 capere
1102 3715 1354 3784 presumpserunt,
1381 3707 1492 3782 publice
1526 3704 1722 3764 excommuni-

966 3808 1041 3858 cent.

971 3925 1139 3987 Honorius
1148 3924 1332 4000 episcopus,
1342 3936 1459 3984 servus
1470 3933 1642 3982 servorum
1650 3919 1723 3990 Dei,

932 4023 1062 4086 dilectis
1076 4023 1155 4083 liliis
1170 4021 1337 4082 universis
1351 4019 1498 4097 praelatis
1511 4033 1571 4095 per
1584 4016 1724 4092 Magde-

930 4121 1130 4197 burgeusem
1145 4119 1351 4197 provinciam
1364 4117 1562 4189 constitutis,
1583 4115 1725 4177 salutem

931 4220 965 4282 et
977 4219 1201 4295 Apostolicnm
1215 4216 1490 4278 benedictionem.

971 4316 1127 4377 Pervenit
1154 4314 1195 4375 ad
1219 4313 1423 4374 audientiam
1453 4310 1613 4382 nostram,
1637 4303 1748 4384 quod

932 4413 991 4472 rilii
1005 4411 1143 4473 Arnoldi
1159 4411 1198 4472 de
1217 4410 1416 4472 Mildensten
1441 4405 1563 4468 milites
1583 4406 1616 4467 et
1631 4419 1725 4466 nom·

120 4509 301 4581 Honorius
319 4509 394 4580 etc„
419 4508 605 4570 venerabili
626 4507 761 4570 fratri...
787 4511 877 4588 epis·
931 4509 1033 4588 plicas
1048 4509 1238 4570 eorumdem
1250 4505 1474 4568 venerabilem
1492 4503 1627 4564 fratrem
1645 4516 1727 4561 nos-

87 4619 161 4682 nnpo
176 4609 378 4680 Tornacen.‚
393 4603 878 4684 salutemettpostolicamhe-
930 4608 1029 4678 trum,
1053 4607 1254 4668 Misnensem
1282 4603 1484 4680 episcopum,
1510 4615 1595 4661 ausu
1620 4599 1727 4660 teme-

87 4702 315 4764 nedictionem.
931 4705 1022 4766 rario
1050 4719 1170 4780 capere
1199 4699 1493 4778 praesumpserunt,
1525 4713 1564 4758 ac
1595 4697 1726 4758 demum

121 4801 266 4864 Dilectus
292 4801 382 4862 lilius
407 4805 443 4862 Ε.
469 4799 653 4878 presbyter,
681 4801 875 4879 capellanus
931 4802 1143 4864 extorserunt
1154 4799 1380 4877 juramentum
1399 4795 1441 4857 ah
1464 4795 1549 4873 ipso,
1573 4794 1659 4872 quod
1686 4793 1727 4854 de

88 4897 248 4959 carissimi
279 4898 315 4959 in
352 4898 483 4960 Christo
521 4899 582 4960 filii
615 4899 756 4961 nostri...
787 4901 876 4977 regis
931 4895 1120 4978 hujusmodi
1146 4913 1213 4958 non
1236 4895 1497 4972 conquereretur
1517 4893 1641 4971 injuria
1666 4905 1728 4952 nec

87 4993 352 5058 Thessalonicen.
365 4996 517 5064 illustris,
527 4996 562 5056 in
580 4996 693 5058 nostra
705 4998 877 5074 proposuit
931 5012 1031 5074 super
1055 4996 1118 5056 hoc
1142 4994 1211 5055 ullo
1234 4995 1382 5070 tempore
1397 4991 1512 5068 ageret
1526 4991 1640 5052 contra
1656 5003 1725 5050 eos.

87 5093 260 5164 prasentia
285 5093 495 5160 constitutus.
512 5093 598 5170 quod
625 5110 725 5172 quum
747 5095 808 5156 tihi
835 5095 876 5156 ad
932 5095 1052 5172 sicque
1085 5093 1234 5170 ipsorum
1261 5089 1517 5168 praesumptione
1545 5085 1725 5149 damnabili

88 5203 195 5262 preces
210 5191 301 5266 regis
316 5191 463 5269 ejusdem
479 5191 602 5252 nostris
618 5190 806 5252 dederimus
820 5192 877 5254 lit·
930 5191 1123 5254 remanente
1147 5188 1309 5250 haotenus
1335 5187 1498 5264 impunita
1525 5201 1592 5246 non
1619 5184 1726 5245 solum

86 5283 160 5345 teris
175 5288 210 5346 in
226 5289 411 5365 praeceptis,
426 5291 462 5348 ut
481 5288 517 5348 in
531 5288 735 5366 praeheudali
750 5287 877 5350 hened—
931 5305 996 5350 non
1013 5287 1246 5350 satisfecerunt
1259 5286 1365 5346 eidem
1382 5285 1421 5346 de
1435 5283 1536 5345 tantas
1547 5297 1727 5358 preasump-

88 5380 145 5452 oio,
162 5383 190 5444 si
205 5384 335 5454 vacarit
348 5385 383 5444 in
399 5384 542 5445 ecclesia
553 5387 751 5457 Tomaros„
763 5386 877 5463 provi·
930 5386 1032 5448 tionis
1047 5401 1200 5456 excessu,
1216 5382 1446 5445 verumetiam
1462 5379 1504 5440 ad
1518 5379 1605 5440 hona
1618 5395 1677 5440 sua
1692 5379 1726 5442 et

88 5475 177 5540 deres
191 5480 311 5554 eidem,
328 5481 475 5559 alioquin
492 5482 631 5558 primam
649 5485 822 5544 vacantem
840 5484 876 5544 in
931 5483 1080 5546 ecclesiae
1101 5483 1164 5543 sihi
1188 5479 1373 5542 commissa
1389 5493 1507 5540 manus
1528 5477 1725 5539 temerarias

88 5576 223 5639 ecclesia
240 5578 311 5655 ipsa
326 5578 550 5655 praehendam,
567 5579 739 5642 donationi
754 5581 875 5642 nostrae
931 5581 1164 5652 extenderunt,
1181 5579 1327 5640 decimas
1342 5573 1473 5637 stallos
1488 5575 1638 5638 redditus
1653 5577 1725 5652 ejus

88 5675 326 5736 servaverimus
353 5691 505 5752 personae
538 5674 667 5738 idoneae
696 5675 874 5738 conieren-
932 5681 1057 5740 temere
1070 5677 1277 5738 invadentes.
1294 5673 1454 5735 Nolentes
1471 5673 1572 5749 igitur
1586 5671 1647 5732 suh
1662 5672 1726 5732 dis·

89 5765 169 5842 dam,
182 5771 219 5834 tn
234 5771 423 5836 mandatum
438 5773 589 5836 nostrum
604 5789 671 5836 non
693 5773 875 5836 ohaudiens
931 5776 1144 5838 simulatione
1162 5775 1308 5837 transire
1334 5773 1435 5834 tantas
1449 5770 1646 5834 temeritatis
1661 5785 1724 5830 ex-
