4018 6320
86 317 152 376 837

127 475 276 540 Dilectus
299 475 386 538 lilius
400 475 589 537 Bernardus
614 476 729 538 cantor
746 478 882 538 Menas-

84 574 242 637 ieriensis
253 573 348 634 nobis
359 573 549 650 significare
558 573 697 646 curavit,
711 573 880 651 quodcum

84 687 235 743 causam,
252 671 429 748 quainter
450 670 559 747 ipsum
580 686 624 731 ex
647 673 741 748 parte
763 687 878 743 una...

83 769 117 830 et
137 767 340 830 abbatissam
362 768 395 830 et
414 767 610 830 conventum
633 769 827 830 monasterii
846 769 880 828 in

83 866 307 928 Frikenhorst
321 863 592 927 Monasteriensis
608 865 759 928 dioecesis
775 881 817 926 ex
836 866 882 926 al-

84 967 173 1035 tera,
184 978 283 1041 super
293 963 566 1024 archidiaconatu
579 963 724 1040 eJusdem
732 964 798 1025 loci
806 978 882 1024 rer-

81 1063 180 1134 titur,
200 1062 332 1123 decano
359 1061 494 1138 majoris
521 1061 682 1133 ecelesia,
704 1061 881 1138 praeposito

83 1161 201 1221 Sancti
217 1159 306 1220 Petri
322 1158 355 1220 et
370 1158 533 1235 Volquino
559 1159 721 1220 canonico
737 1159 880 1222 Pather-

81 1256 269 1319 brunnensi
281 1256 473 1318 duxerimus
487 1256 767 1328 committendam,
780 1256 881 1318 iidem

81 1354 222 1416 biennio
246 1353 438 1432 etamplius
458 1356 528 1430 jam
544 1354 659 1430 elapso
682 1353 884 1416 distulerunt

81 1453 118 1512 in
146 1455 222 1530 ejus
249 1452 479 1529 praeiudicium
508 1451 700 1514 terminare.
727 1451 881 1514 volentes

80 1549 190 1624 igitur
201 1552 236 1611 ut
249 1549 324 1610 linis
335 1549 449 1612 litibus
461 1549 661 1625 imponatur,
673 1548 797 1610 eisdem
810 1564 883 1610 nos-

82 1647 146 1708 tris
171 1647 288 1708 damus
307 1646 428 1708 litteris
446 1647 482 1707 in
506 1646 745 1724 praeoptant
768 1646 802 1706 in
825 1661 883 1708 eo-

84 1744 162 1804 dem
191 1744 325 1820 negotio
353 1744 449 1822 Juxta
474 1744 622 1822 priorum
646 1745 882 1806 continentiam

82 1841 277 1904 litterarum
289 1842 419 1904 ratione
434 1843 560 1919 praevia
570 1843 795 1920 procedentes,
809 1858 884 1904 cau-

83 1956 157 2002 sam
170 1941 276 2020 ipsam
291 1939 379 2000 inira
392 1943 460 2002 tres
471 1955 601 2002 menses
617 1942 691 2018 post
703 1941 884 2016 snsceptio-

82 2054 163 2100 nem
178 2053 294 2103 earum
319 2037 429 2100 debito
452 2038 516 2098 fine
535 2038 698 2099 decidant.
721 2038 883 2109 Quocirca

82 2135 281 2196 discretioni
309 2138 428 2198 vestrae
454 2151 515 2212 per
539 2136 730 2212 Apostolica
761 2135 883 2212 scripta

83 2233 295 2304 mandamus
313 2235 486 2309 quatenus,
502 2233 531 2293 si
551 2232 628 2294 dicti
641 2233 771 2308 judices
793 2248 882 2310 prae-

83 2333 220 2408 ceptum
230 2332 381 2391 nostrum
395 2330 605 2405 neglexerint
619 2331 812 2406 adimplere,
824 2346 883 2392 ros

83 2444 126 2488 ax
142 2428 224 2490 tunc
250 2427 398 2488 eamdem
414 2443 549 2488 causam
573 2429 671 2504 juxta
693 2428 882 2488 earumdem

81 2525 275 2587 litterarum
303 2526 464 2596 tenorem,
489 2525 620 2593 sublato
642 2524 883 2601 appellationis

82 2622 270 2694 obstaculo,
286 2622 446 2684 studeatis
470 2622 636 2684 mediante
660 2623 792 2699 justitia
815 2627 884 2684 ter-

81 2721 228 2781 minare.
243 2720 335 2791 Quod
349 2720 376 2780 si
389 2735 579 2781 nouomnes
595 2721 648 2782 his
661 2721 883 2798 exsequendis

83 2816 263 2894 potueritis
276 2817 448 2892 interesse,
463 2817 528 2879 duo
540 2819 687 2879 vestrum
703 2833 743 2878 ea
753 2818 882 2879 nihilo-

84 2915 202 2976 minus
231 2915 466 2992 exsequantur.
496 2917 614 2976 Datum
645 2915 813 2982 Laterani,
838 2917 882 2975 Ili

84 3013 161 3072 idus
178 3011 307 3088 aprilis,
324 3011 535 3089 pontificatus
550 3013 654 3074 nostri
679 3028 767 3074 anno
781 3028 880 3074 nono.

440 3342 537 3430 CXL

83 3499 136 3556 Ad
151 3499 332 3566 decertum,
348 3498 629 3557 archidiaconum
653 3495 686 3556 ei
705 3496 883 3556 cantorem

360 3596 611 3654 Parisiansem.

372 3731 600 3804 liaprilisliiti.

132 3859 255 3921 [Regesl.,
266 3855 310 3906 lib.
324 3855 367 3912 IX,
381 3869 421 3919 ep.
431 3855 486 3907 260.
498 3855 555 3905 Mss.
567 3855 602 3904 La
613 3855 688 3905 Porta
699 3853 732 3904 du
743 3853 836 3919 Theil.]

84 3982 206 4042 Mandat
220 3982 262 4040 eis
277 3989 406 4054 utquam
426 3995 524 4050 causa,
539 3996 603 4054 quae
618 3981 691 4036 inter
710 3979 883 4038 Meldensem

120 4075 290 4145 episcopum
317 4077 345 4128 et
366 4069 538 4126 abbatissam
572 4077 803 4141 conventumque
834 4071 881 4126 io·

121 4171 250 4218 mensem
260 4157 547 4234 superjurisdictlone
558 4157 728 4226 vertebatur,
740 4155 883 4214 sufficien-

120 4257 166 4306 ter
178 4250 314 4305 instructa
327 4245 408 4309 foret,
419 4255 513 4319 partes
522 4245 556 4302 ad
569 4245 671 4304 Sedem
679 4246 883 4319 Apostotioam,

120 4338 177 4395 sub
198 4337 320 4394 termino
342 4335 377 4392 ab
397 4335 599 4393 archidiacono
620 4335 755 4393 'trecensi
780 4333 885 4392 adhoc

122 4432 240 4494 statuto,
256 4423 478 4496 comparendum
491 4424 675 4496 compellent.

127 4562 308 4634 Honorius,
325 4560 402 4632 ete,
423 4559 551 4620 dilectis
582 4558 696 4618 filiis..
720 4557 882 4620 decano...

86 4659 338 4730 archidiacono
355 4661 423 4720 et...
441 4656 569 4718 cantori
585 4656 778 4728 Parisiensl,
794 4657 886 4718 salu-

86 4761 168 4828 tem,
184 4757 247 4818 eto.

128 4857 211 4916 Cum
226 4853 338 4916 dilecti
354 4853 450 4914 filii...
468 4851 724 4914 archidiaconus
740 4853 886 4913 Trecen-

88 4955 148 5026 sis,
179 4954 213 5012 et
247 4951 383 5026 collegae
410 4950 472 5020 sui,
504 4949 623 5027 quibus
659 4950 884 5009 commisimus

88 5065 238 5121 oausam,
266 5063 339 5124 quae
368 5047 456 5108 inter
492 5046 718 5108 venerabilem
747 5045 884 5108 fratrem

89 5151 239 5209 nostrum
244 5189 330 5207 .......
365 5145 577 5217 Meldensem,
618 5144 808 5221 episcopum
843 5160 886 5204 ex

89 5247 185 5323 parte
199 5259 277 5310 una,
293 5245 361 5304 et...
385 5241 599 5308 abbatissam,
615 5244 649 5307 et
674 5245 883 5314 conventum,

89 5345 123 5406 et
137 5342 264 5404 clerum
284 5355 323 5400 ac
339 5340 494 5417 populum
508 5341 694 5401 lotrensem
711 5355 753 5399 ex
767 5340 883 5410 altera,

90 5437 886 5516 vertitursuperjurisdictione,quarnidemepis-

91 5553 194 5614 copus
219 5537 252 5596 in
276 5551 333 5596 eos
358 5551 393 5595 se
420 5533 543 5595 hahere
558 5534 727 5596 contendit
751 5550 885 5596 catrsam

91 5637 198 5712 ipsam
208 5632 437 5704 instruxerint,
450 5633 483 5693 et
493 5631 612 5694 festum
624 5631 776 5692 Omnium
787 5635 887 5692 Sanc·

704 316 931 378 EPlSTOLAE.
955 315 1032 374 nte.
1058 317 1111 376 lx.

1619 294 1790 380 ‘aas‘

935 474 1043 536 torum
1073 477 1223 552 proximo
1238 476 1413 538 venturum
1437 477 1586 554 partibus
1612 481 1727 542 termi-

935 573 1238 649 nnmassignarint,
1256 589 1319 650 quo
1339 577 1473 650 propter
1489 576 1550 636 hoo
1567 579 1679 639 nostro
1693 594 1729 640 se

935 672 1124 747 conspectui
1142 673 1380 748 repraesentent
1399 675 1597 736 sententiam
1613 691 1730 754 recep-

935 767 1030 839 turae,
1069 767 1261 830 discretioni
1294 771 1414 830 vestrae
1447 786 1506 846 per
1539 772 1729 848 apostolica

936 865 1059 944 scripta
1074 865 1280 937 mandamus,
1299 868 1461 942 quatenus
1481 868 1562 944 ipsis
1578 870 1727 946 partibus

936 963 1131 1024 auctoritate
1167 964 1281 1024 nostra
1310 963 1449 1025 tirmiter
1473 965 1665 1042 injungatis,
1695 969 1730 1029 ut

935 1061 1128 1136 praescripta
1142 1060 1283 1122 termino
1299 1076 1373 1121 cum
1389 1077 1491 1122 causa
1505 1065 1666 1126 instructa
1682 1065 1729 1127 ita

936 1156 1140 1218 suslloienter
1153 1159 1367 1234 compareant
1379 1175 1490 1220 coram
1512 1160 1617 1232 nobis,
1642 1164 1727 1238 quod

937 1254 1051 1316 eadem
1075 1255 1140 1316 line
1168 1257 1273 1332 possit
1295 1257 1404 1319 debito
1432 1259 1616 1331 terminari,
1644 1262 1728 1336 quod

936 1351 1013 1412 inde
1029 1351 1175 1413 feceritis
1189 1369 1248 1429 per
1269 1355 1399 1414 nostras
1423 1354 1517 1415 vobis
1535 1355 1662 1417 litteras
1677 1359 1731 1418 in-

936 1449 1104 1510 timantes.
1117 1450 1207 1522 Quod
1218 1449 1245 1509 si
1255 1465 1454 1522 nonomneS,
1465 1452 1525 1512 eto.
1536 1454 1652 1514 Datum
1665 1457 1730 1514 La-

936 1545 1056 1618 terani,
1074 1548 1103 1606 II
1118 1546 1193 1606 idus
1208 1547 1336 1624 aprilis,
1353 1563 1440 1608 anno
1457 1563 1555 1609 nono.

1252 1895 1257 1903 ·
1274 1869 1391 1957 CXLI

937 2020 989 2078 Ad
1007 2020 1211 2089 Mattianum,
1228 2022 1263 2080 S.
1281 2024 1401 2096 Artpelt
1420 2023 1600 2082 diaconam
1615 2027 1730 2084 cordi-

1017 2121 1141 2187 aotem,
1159 2118 1360 2190 apostolica
1374 2119 1472 2179 Sedis
1486 2121 1649 2196 tapetam.

1221 2247 1446 2320 loaprtlisliat.
1533 2305 1535 2309 ,

969 2371 1090 2436 [aegest.
1107 2369 1152 2422 lib.
1166 2372 1210 2430 IX,
1224 2385 1264 2437 ep.
1276 2371 1330 2450 idi.
1345 2373 1403 2422 Mss.
1418 2375 1453 2424 La
1469 2375 1543 2424 Porta
1553 2374 1588 2424 du
1607 2377 1700 2438 Theti]

937 2495 1052 2554 Mandat
1066 2498 1092 2553 ei
1108 2503 1138 2554 ut
1150 2497 1328 2570 diligentiam
1344 2511 1458 2554 omnem
1473 2498 1616 2569 adhibeat,
1631 2515 1667 2558 ne
1689 2503 1729 2560 ci·

973 2599 1023 2644 ves
1049 2587 1243 2643 Massilienses
1269 2585 1417 2659 eujusdam
1449 2589 1563 2645 unionis
1596 2598 1733 2662 praetextu

972 2689 1004 2732 se
1019 2676 1146 2747 episcopi
1162 2674 1350 2733 Massiliensis
1360 2675 1552 2748 jurisdictioni
1565 2679 1733 2736 subtrahere

973 2771 1158 2836 presumant.

977 2899 1648 2976 Honoriusepiscopus,servasservorum
1660 2904 1731 2975 Dei,

937 2995 1135 3058 dilectolllio
1147 2995 1326 3076 R(0mano)
1338 2997 1449 3060 Sancti
1461 3000 1576 3076 angeli
1593 2999 1733 3063 diacono

938 3093 1112 3166 cardinali,
1126 3093 1325 3170 Apostolicae
1347 3094 1441 3155 Sedis
1456 3095 1575 3172 legato,
1593 3098 1732 3159 salutem

938 3193 971 3252 et
981 3191 1206 3268 Apostolioam
1220 3190 1496 3253 benedictionem.

977 3288 1187 3351 Venerabilis
1206 3288 1311 3349 irater
1334 3290 1496 3351 nostem...
1513 3291 1735 3353 Massiliensis

938 3387 1112 3465 episcopus
1125 3387 1299 3464 proposuit
1313 3403 1424 3448 coram
1438 3388 1544 3461 nebia,
1562 3390 1734 3466 quodcum

938 3486 1079 3548 ecclesia
1095 3501 1154 3545 sua
1168 3484 1203 3544 in
1219 3485 1360 3561 quadam
1374 3487 1467 3562 parte
1481 3486 1625 3549 civitatis
1641 3489 1734 3550 Mas-

939 3583 1096 3654 siliensis,
1114 3599 1187 3658 quae
1208 3581 1249 3642 ab
1274 3583 1341 3642 alia
1367 3583 1466 3644 certis
1496 3584 1655 3645 limitibus
1685 3579 1735 3647 est

939 3681 1091 3752 discreta,
1112 3678 1380 3756 jurisdictionem
1399 3680 1546 3743 obtineat
1562 3684 1733 3759 tempora-

938 3779 1013 3850 lem,
1029 3777 1118 3838 cives
1134 3775 1281 3853 ejusdem
1297 3792 1371 3836 cnm
1386 3777 1513 3837 civibus
1526 3779 1630 3854 partis
1646 3781 1733 3842 alte-

938 3877 1008 3936 rius
1034 3876 1069 3935 in
1083 3889 1177 3938 snum
1193 3874 1225 3934 et
1239 3874 1458 3934 Massiliensis
1470 3877 1619 3936 ecclesiae
1631 3893 1733 3952 grate

939 3971 1168 4052 praejudicium
1181 3969 1221 4032 de
1233 3985 1318 4031 novo
1332 3978 1614 4050 praesumpserunt
1623 3976 1734 4037 facere

940 4071 1106 4142 unionem,
1121 4069 1157 4129 ut
1170 4068 1217 4130 sio
1231 4071 1393 4131 evacuent
1398 4071 1666 4146 jurisdictionem
1678 4091 1734 4136 ec-

939 4169 1049 4229 clesiae
1061 4166 1271 4243 supradictae.
1285 4169 1364 4228 Cum
1377 4168 1479 4244 igitur
1493 4185 1535 4231 ex
1546 4171 1609 4232 hoc
1618 4189 1731 4248 grave,

940 4265 1025 4326 sicut
1036 4265 1225 4342 accepimus
1241 4265 1415 4326 imminere
1426 4268 1530 4342 possit
1547 4269 1610 4346 ipsi
1626 4271 1734 4331 eecle-

940 4362 1734 4439 siaedetrimentum‚experientiamtuamsollici-

938 4460 1072 4522 tandam
1088 4459 1243 4520 duximus
1259 4460 1291 4520 et
1312 4460 1523 4532 hortandam,
1540 4477 1599 4538 per
1621 4468 1732 4540 Apos-

937 4559 1039 4620 tolica
1053 4557 1112 4619 tihi
1128 4558 1252 4633 scripta
1266 4557 1479 4630 mandantes,
1499 4561 1661 4635 quatenus
1677 4578 1732 4622 se-

939 4655 1082 4717 eundum
1104 4655 1214 4716 datam
1229 4654 1289 4715 tibi
1309 4670 1329 4714 a
1352 4657 1420 4715 beo
1435 4656 1645 4730 prudentiam
1661 4660 1734 4720 eld-

940 4753 1063 4814 caciter
1086 4751 1224 4814 obvians
1250 4750 1386 4812 malitia
1408 4753 1531 4814 civium
1558 4757 1735 4832 praedicto-

939 4867 1024 4922 rum,
1041 4865 1080 4910 ac
1088 4852 1146 4926 jus
1171 4865 1277 4920 suum,
1294 4851 1327 4911 et
1350 4850 1510 4912 honorem
1532 4869 1733 4916 conservans

940 4949 1089 5010 ecclesiae
1108 4947 1318 5024 supradictae,
1333 4948 1422 5008 cives
1437 4949 1528 5024 ipsos
1542 4954 1576 5011 ut
1591 4953 1734 5016 rescissa

939 5045 1128 5124 hujusmodl
1142 5045 1275 5115 unione,
1291 5060 1357 5105 non
1369 5045 1520 5108 obstante
1531 5051 1731 5123 juramento,

940 5143 1024 5221 quod
1041 5143 1082 5203 de
1105 5158 1144 5203 ea
1169 5143 1332 5203 servanda
1354 5143 1548 5219 praestitisse
1566 5145 1731 5219 dicuntur,

940 5241 1106 5303 civitatem
1122 5240 1228 5316 ipsam
1241 5239 1351 5316 quoad
1364 5240 1523 5316 praedicta
1542 5241 1577 5301 in
1592 5257 1632 5302 eo
1647 5244 1734 5307 statu

940 5339 1117 5409 dimittant,
1135 5338 1170 5398 in
1194 5353 1258 5414 quo
1285 5337 1434 5398 noscitur
1457 5337 1618 5400 hactenus
1640 5343 1732 5402 exti-

939 5436 1031 5506 tisse,
1049 5434 1178 5496 sublato
1207 5434 1440 5510 appellationis
1469 5433 1651 5508 obstaculo,
1665 5441 1732 5500 tam

941 5532 1146 5594 districtione
1157 5529 1317 5592 canonica
1329 5547 1426 5607 priam
1437 5531 1514 5592 aliis
1528 5533 1643 5606 modis,
1659 5537 1735 5612 qui-

940 5629 1001 5693 bus
1016 5629 1140 5690 videris
1156 5628 1312 5706 expedire
1327 5628 1518 5706 compellas,
1541 5631 1617 5692 etsi
1639 5649 1736 5694 man-
