3948 6328
9 375 64 440 421
631 369 858 434 EPISTOLAE'..
883 370 961 432 LIB.
985 371 1071 434 v111.
1262 429 1265 438 ,
1395 370 1398 389 ’
1611 379 1672 440 422

9 533 187 606 dientiam,
205 533 248 598 et
263 529 485 598 reverentiam
507 532 732 594 sacrosanctae
755 533 824 594 lto-
876 529 1672 610 suspensum,etsicusqueintramensemunum
1701 517 1704 520 ¹

12 647 116 694 manae
132 630 310 694 Ecclesia
319 630 420 692 matri
431 631 510 694 tue.
525 629 660 692 Utinam
674 641 821 706 saperes,
876 629 991 690 nostro
1011 632 1045 690 te
1066 630 1258 708 conspectui
1279 634 1509 708 repraesentes,
1527 651 1671 712 respon·-

11 731 40 791 et
53 728 295 805 intelilgeres,
311 744 351 790 ac
366 727 548 791 novissima
564 726 742 806 providens
756 740 823 786 non
877 741 990 788 surum
1010 727 1051 789 de
1073 729 1165 790 tanta
1181 729 1406 793 inobedientia
1420 732 1454 795 et
1466 735 1670 811 contemptu,
1792 751 1795 756 ·

12 829 80 891 baec
105 828 140 890 ei
165 827 395 900 retribueres,
416 838 489 904 quae
511 827 544 888 te
569 825 705 897 creavit,
728 825 761 886 et
781 823 824 886 ad
877 823 910 884 et
933 825 1145 903 recepturum
1167 826 1253 904 quod
1280 825 1321 888 de
1346 827 1379 889 te
1405 829 1512 892 nostri
1538 831 1672 892 consilii

11 927 139 988 tantum
149 924 323 1002 provexit
331 924 461 1003 apicem
470 921 654 1000 dignitatis,
665 937 739 1000 quoe
747 935 826 1000 quo·
878 921 1130 1000 circumspectio
1143 923 1328 1002 providerit
1340 926 1596 990 decernendum.
1610 932 1673 991 Da·

14 1039 73 1102 qne
90 1038 188 1084 nnnc
204 1022 326 1085 dicere
345 1021 386 1084 de
400 1023 434 1084 te
451 1021 581 1097 potest:
602 1019 725 1084 llilium
741 1033 826 1084 enu-
877 1018 949 1080 tum
961 1019 1123 1098 Signiae...
1139 1021 1348 1100 septembris,
1362 1025 1575 1102 pontificatus
1587 1043 1671 1090 nos·-

14 1122 102 1194 trivi,
114 1121 152 1182 et
166 1119 341 1193 exaltavi,
352 1119 425 1200 ipse
439 1121 551 1182 autem
564 1133 617 1180 me
631 1116 823 1188 contemnit,
877 1115 922 1182 tri
936 1131 1026 1180 enno
1039 1118 1167 1182 octavo.

15 1221 46 1282 et
58 1217 219 1296 spernit,
237 1216 477 1296 propterquod
495 1216 646 1278 dolentes
660 1213 827 1292 compelli·

15 1311 825 1380 mnrexclamare:Poenitstncsbominembunc

18 1413 153 1492 iecisse;
176 1429 266 1476 cum
280 1414 417 1492 propter
435 1413 509 1476 baec
523 1411 564 1474 de
583 1413 617 1474 te
631 1425 698 1474 non
713 1409 826 1472 modi-

18 1526 88 1573 cum
107 1509 381 1583 conmudamm,
400 1511 436 1573 et
449 1507 636 1573 adversarii
646 1506 696 1570 tui
711 1506 827 1570 contra
1141 1507 1145 1516 '
1229 1459 1322 1549 XIV

20 1624 86 1681 nos,
99 1608 160 1686 qui
174 1609 213 1670 te
229 1607 474 1688 promovimus,
486 1605 661 1669 materiam
681 1602 828 1668 habeant
923 1608 1143 1686 admoram
1157 1610 1191 1673 et
1204 1611 1624 1686 bctrcscartbusteuses.
1740 1674 1742 1688 ,

20 1705 220 1767 insultandi.
233 1705 401 1770 Nonnulli
412 1704 553 1767 tratrnm
566 1703 755 1766 nostrorum
765 1715 828 1762 no·
1162 1739 1181 1800 ²
1198 1741 1293 1800 octob.
1310 1743 1389 1803 Μ

23 1802 69 1864 bis
85 1803 120 1864 in
135 1803 269 1866 faciem
279 1805 351 1882 jam
364 1800 490 1880 pluries
504 1799 772 1872 memoranter
785 1813 826 1860 eo
1040 1861 1047 1874 ,
1193 1863 1199 1875 ,

23 1901 102 1978 quod
124 1901 342 1980 Apostonoae
359 1899 451 1973 sedi,
474 1900 507 1962 et
525 1898 621 1962 nobis
635 1899 668 1961 te
683 1896 827 1960 indm·
989 1861 1156 1928 [Guiobcncn
1169 1863 1232 1915 lissi.
1246 1863 1385 1927 delirasse,
1398 1881 1485 1934 prcnv.
1499 1869 1567 1938 ili]

25 1999 88 2060 tum
119 1999 172 2061 sic
197 1997 346 2061 exhibes
365 1997 399 2060 et
421 1996 601 2074 ingratum,
625 1997 666 2058 Et
695 1993 827 2074 quidem
880 1985 1121 2061 Compositionem
1140 1988 1214 2048 inter
1232 1991 1357 2064 priorem
1377 1999 1406 2050 et
1431 1991 1534 2052 frares
1553 1994 1674 2056 carthu-

25 2095 261 2172 poenjtenfiam
277 2087 426 2160 nostrat„
439 2095 474 2156 in
493 2094 527 2158 te
541 2093 697 2156 optol-1101·
714 2091 827 2155 sortiri
915 2077 1027 2136 sienses
1041 2091 1077 2134 ex
1096 2086 1176 2150 perte
1190 2093 1259 2150 una,
1270 2087 1299 2138 et
1316 2088 1488 2140 conventum
1508 2086 1676 2148 monasterii

27 2191 213 2256 faceremus
230 2189 771 2270 effectum‚03oessushujusm0ffi
781 2189 829 2252 pa,
916 2163 952 2224 de
979 2167 1055 2240 lngo
1075 2167 1128 2224 bei
1156 2181 1192 2226 ex
1219 2168 1319 2238 altere,
1335 2185 1422 2243 super
1449 2169 1535 2230 domo
1554 2175 1674 2233 blentis·

27 2289 96 2352 mer
109 2291 331 2370 castigando,
350 2290 448 2369 quod,
470 2305 568 2368 poena
586 2289 736 2361 domme,
749 2303 829 2364 003-
916 2254 1033 2358 merulae
1046 2255 1239 2358 intercedente
1253 2257 1410 2332 liaynendo
1425 2261 1612 2336 lugdunensi
1627 2279 1674 2322 ar-

30 2403 179 2451 nosceres
202 2405 309 2468 quam
334 2387 550 2454 temerarinm
571 2387 616 2449 sit
628 2384 828 2464 apostolicis
915 2341 1099 2420 ⁰hi⁰p¹⁸⁰⁰p⁰
1113 2353 1214 2404 ¹⁰¹¹⁰¹¹¹
1230 2345 1391 2407 mmmm·

31 2499 90 2546 non
102 2485 248 2550 obedire
270 2485 450 2558 mendatis,
465 2483 605 2548 brachia
621 2483 737 2548 contra
758 2483 830 2546 tor·
921 2479 1594 2560 Honoriusepiscopus,servusservorum
1602 2488 1675 2562 Dei,

33 2583 149 2646 rentem
162 2583 362 2657 extendere,
377 2583 559 2661 contraque
573 2581 744 2644 stimulum
758 2579 830 2642 cal-
882 2575 1013 2641 dilectis
1027 2577 1107 2640 flliis
1121 2579 1227 2656 priori
1241 2581 1275 2644 et
1286 2580 1445 2644 iratribus
1459 2584 1679 2648 carthusien-

34 2679 156 2754 citrare,
172 2682 246 2744 nisi
261 2679 482 2744 mansuetudo
494 2680 619 2742 motum
635 2677 830 2742 nostriani-
882 2673 991 2749 sibus,
1020 2675 1162 2740 salntem
1191 2677 1225 2742 et
1256 2679 1482 2758 apostolicam
1515 2680 1678 2748 benedic-

37 2776 74 2836 mi
86 2778 304 2856 temperaret,
320 2779 354 2841 et
377 2793 446 2840 non
461 2777 572 2838 minus
587 2776 712 2848 nostro,
729 2790 828 2857 quam
881 2771 1017 2836 tionem.

36 2871 85 2934 tuo
98 2890 300 2952 pareremus
317 2874 449 2954 pudori,
461 2889 562 2952 quum
576 2873 636 2936 vix
658 2872 731 2934 sine
750 2887 830 2934 nos-
922 2872 969 2932 Ea
985 2885 1058 2950 qnae
1078 2871 1208 2950 judicio
1230 2873 1285 2936 vel
1300 2875 1478 2941 concordia
1492 2877 1680 2940 terminan-

39 2969 91 3043 tra,
119 2973 176 3050 qui
201 2973 239 3036 te
269 2972 441 3037 nonnullis
467 2969 771 3036 contradicentibus
796 2970 830 3032 et
881 2967 947 3041 tur,
977 2969 1074 3030 tirma
1104 2969 1226 3034 debent
1254 2971 1288 3034 et
1308 2971 1438 3035 illibata
1466 2990 1676 3051 permanere,

39 3065 140 3132 invitis
155 3071 400 3148 promovimus,
415 3085 531 3148 posses
544 3067 740 3131 contusione
754 3082 830 3130 con·
882 3068 916 3129 et
933 3081 977 3128 ne
1001 3067 1037 3128 in
1060 3067 1218 3131 recidivae
1235 3071 1460 3134 contentionis
1484 3074 1678 3151 scrupulum
1804 3078 1806 3093 '

41 3163 131 3228 lundi.
141 3167 265 3232 Adbuc
277 3167 381 3245 igitur
394 3167 543 3246 experiri
553 3165 703 3228 volentes
718 3165 829 3227 unum
882 3163 1088 3240 relabantur,
1114 3167 1304 3243 Apostolico
1337 3168 1493 3232 convenit
1519 3172 1678 3249 praesidio
1710 3237 1721 3260 x

41 3260 71 3322 in
91 3263 122 3326 te
143 3266 269 3330 saltem
290 3265 484 3344 synderesis
509 3264 710 3328 remanserit
732 3263 831 3325 inex·
883 3262 1093 3325 communiri.
1110 3266 1157 3326 lta
1182 3266 1329 3344 propter,
1350 3266 1464 3330 dilecti
1483 3268 1519 3330 in
1537 3269 1678 3334 Domino

43 3357 141 3436 tincta,
163 3363 214 3427 ita
245 3364 334 3444 qnod
368 3362 558 3442 hujusmodi
586 3360 829 3441 objurgationis
883 3360 956 3433 tilii,
988 3361 1110 3424 vestris
1139 3361 1241 3439 justis
1273 3364 1554 3441 postulationibus
1582 3368 1678 3444 grato

43 3459 162 3522 vemtio
175 3461 236 3524 tno
252 3461 384 3524 auditui
395 3460 521 3524 tribuat
536 3460 753 3530 intellectum,
765 3458 830 3521 ira·
882 3459 1119 3522 concurrentes
1135 3473 1288 3533 assensu,
1302 3463 1589 3539 compositionem,
1602 3481 1677 3542 quae

46 3553 177 3620 temitati
191 3559 263 3622 tnae
287 3574 348 3637 per
369 3559 561 3637 apostoliea
585 3557 709 3636 scripta
732 3573 829 3619 man·
881 3555 970 3617 inter
994 3571 1055 3618 vos
1077 3571 1121 3619 ex
1144 3557 1240 3634 parte
1263 3574 1341 3632 una,
1363 3559 1397 3621 et
1424 3560 1563 3624 dilectos
1589 3562 1677 3624 tilios

48 3648 163 3728 damus,
185 3659 220 3720 et
251 3657 288 3718 in
308 3657 433 3720 virtute
457 3655 654 3720 obedientiae
678 3655 828 3718 districte
881 3651 1034 3715 abbatem
1048 3653 1081 3716 et
1095 3655 1294 3718 conventum
1313 3658 1509 3720 monasterii
1528 3659 1569 3722 de
1589 3662 1676 3736 Jugo

48 3753 258 3829 praecipimus,
270 3756 435 3832 quatenus
449 3753 641 3816 mandatum
654 3751 829 3830 praescrip·
882 3739 943 3812 Dei
957 3765 1001 3812 ex
1013 3750 1131 3824 altera,
1158 3767 1260 3829 super
1280 3752 1378 3816 domo
1401 3755 1674 3829 Montismerulae,

48 3844 116 3918 tum,
131 3853 220 3913 omni
234 3852 347 3930 gratia
366 3853 400 3915 et
415 3853 535 3916 timore
553 3851 722 3914 mundano
737 3851 829 3928 post»
882 3862 955 3926 quae
970 3847 1038 3910 alio
1057 3848 1194 3910 nomine
1207 3848 1308 3912 vallis
1330 3851 1363 3912 S.
1385 3850 1545 3928 Stephani
1559 3855 1679 3931 appel-

51 3946 161 4022 posius,
185 3950 271 4014 illud
294 3949 386 4013 intra
404 3951 478 4014 octo
499 3950 570 4012 dies
589 3950 665 4028 post
691 3964 830 4026 suscep-
881 3944 982 4020 latur,
1010 3945 1177 4007 mediante
1202 3946 1387 4009 venerabili
1423 3946 1526 4013 tratre
1562 3953 1677 4016 nostro

52 4036 158 4104 tionem
195 4046 428 4124 praesentium,
460 4045 608 4124 qualibet
639 4045 826 4117 occasione,
882 4043 921 4104 lt.
937 4041 1153 4118 Lugdunensi
1178 4044 1431 4124 archiepiscopo
1454 4048 1679 4113 amicabiliter

53 4139 348 4206 onnadienoneac
367 4143 592 4221 appellatione
607 4142 826 4214 cessantibus,
882 4139 1087 4208 intercessit,
1119 4139 1207 4204 sicut
1238 4141 1313 4203 sine
1342 4144 1508 4220 pravitate
1538 4147 1678 4225 provide

56 4232 134 4307 liene
153 4255 191 4303 ac
215 4241 361 4305 fideliter
380 4241 587 4320 exsequaris,
601 4243 635 4304 et
655 4241 697 4302 ad
721 4255 829 4318 saepe-
881 4237 970 4300 iacta
988 4235 1049 4310 est,
1074 4238 1108 4300 et
1133 4237 1175 4300 ab
1198 4239 1341 4319 utraque
1363 4243 1458 4318 parte
1479 4249 1596 4320 sponte
1621 4261 1678 4308 re-
1748 4247 1752 4254 '

56 4327 120 4394 dicti
137 4339 252 4414 perfidi
276 4339 506 4402 confusionem
520 4341 694 4417 majorem,
710 4339 744 4402 et
755 4340 828 4416 etus
881 4336 989 4414 cepta,
1004 4335 1038 4398 et
1058 4335 1220 4402 hactenus
1235 4338 1374 4416 pacifice
1389 4339 1575 4414 observata,
1591 4344 1627 4406 ut
1640 4343 1676 4406 in

59 4431 276 4500 contumaciam
284 4437 649 4515 confutandamipsum
657 4451 733 4498 cum
742 4451 829 4498 com·
880 4433 1102 4496 instrumento
1120 4435 1243 4498 exinde
1266 4435 1429 4510 conlecto,
1451 4437 1563 4513 sigillo
1584 4443 1678 4518 ejus-

59 4525 177 4599 plicibus
191 4551 231 4599 ac
244 4535 528 4608 fautoribussuiS,
546 4535 690 4614 singulis
711 4533 828 4595 diebus
880 4530 956 4594 dem
970 4531 1216 4610 archiepiscopi
1230 4532 1398 4606 roborato,
1412 4536 1508 4610 cirins
1526 4537 1676 4602 tenorem

62 4619 210 4694 dominicis
230 4634 264 4697 et
283 4632 425 4702 festivis,
441 4632 583 4710 pulsatis
596 4631 778 4708 campanis,
796 4632 829 4694 et
880 4628 922 4692 de
935 4628 1037 4692 verbo
1052 4629 1093 4692 ad
1108 4629 1245 4693 verbum
1265 4631 1423 4708 praesenti
1443 4633 1574 4709 pagine
1588 4633 1676 4698 ieci-

62 4723 185 4790 candelis
205 4731 369 4804 accensis,
386 4730 714 4803 anathematizatum,
732 4731 766 4792 et
786 4729 827 4792 ab
881 4743 954 4790 mus
969 4727 1135 4800 annotari,
1150 4727 1284 4805 plenius
1299 4729 1500 4800 continetur,
1525 4734 1677 4797 auctori-

64 4819 265 4891 ecclesiastice
288 4829 415 4891 unitate
434 4828 623 4904 praecisum,
644 4829 678 4890 et
699 4827 828 4905 tuipse
880 4827 948 4889 tate
971 4823 1163 4903 apostoliea
1184 4824 1433 4898 confirmamus,
1448 4829 1481 4892 et
1500 4834 1676 4907 presentis

63 4909 219 4998 denunties,
243 4927 278 4989 et
309 4926 415 4988 iacias
441 4941 502 5002 per
526 4927 631 4988 totam
656 4925 826 4990 civitatem
880 4922 996 5000 scripti
1011 4921 1197 4999 patrocinio
1214 4925 1469 4988 communimus.
1485 4929 1597 4992 Tenor
1610 4947 1677 4994 au·

65 5007 193 5082 Pitanam
205 5025 237 5086 et
250 5026 323 5102 ejus
333 5023 504 5086 dioecesim
514 5023 645 5100 publice
660 5023 825 5098 nuntiari;
880 5021 946 5082 tem
961 5019 1173 5082 instrumenti
1186 5021 1335 5096 ejusdem
1349 5024 1400 5086 est
1411 5024 1489 5086 talis
1506 5046 1514 5086 s

66 5108 457 5212 libutiusprovisurusmt
471 5121 652 5207 incivitate
666 5120 826 5199 praedicta
919 5117 1169 5195 «Raynaudns,
1192 5118 1252 5180 Dei
1271 5119 1381 5196 gratia
1404 5123 1520 5199 primae
1539 5125 1676 5200 Lugdu-

68 5205 211 5280 1nterdicto
238 5219 411 5290 conclusa,
437 5217 595 5297 quamdin
628 5217 827 5294 saepedictus
881 5216 994 5280 nensis
1017 5215 1168 5280 ecclesiae
1188 5218 1342 5282 minister
1356 5218 1505 5292 humilis,
1521 5221 1675 5286 omnibus

68 5307 200 5379 relitoius
212 5317 319 5378 eidem
340 5315 522 5394 prefuerit,
543 5315 672 5376 nullum
688 5331 827 5392 prorsus
880 5314 1136 5392 inperpetuum,
1153 5314 1240 5393 quod
1253 5331 1366 5378 coram
1379 5315 1475 5379 nobis
1490 5318 1545 5395 pia
1558 5319 1674 5384 inten-

71 5401 297 5504 ttclesiasticum
325 5415 570 5476 sacramentnm
592 5415 715 5490 praeter
739 5413 826 5491 bap·
879 5412 970 5474 tione
983 5411 1122 5489 geritur,
1138 5427 1181 5474 ne
1197 5415 1393 5491 cujusquam
1408 5413 1496 5484 dolo,
1518 5417 1573 5478 vel
1596 5434 1675 5481 ver-

71 5492 145 5600 tuna
157 5513 373 5584 parvulorum,
392 5513 425 5574 et
439 5512 653 5588 poenitentias
674 5512 825 5574 morien·
880 5510 967 5573 sutia
982 5511 1202 5587 pervertatur,
1218 5511 1272 5572 vel
1286 5511 1385 5573 annis
1409 5511 1510 5575 tacito
1524 5513 1672 5580 labenti·-

73 5589 134 5658 tum
145 5605 354 5684 ministretur;
368 5610 516 5687 alioquin
532 5625 575 5672 ex
593 5626 682 5670 nunc
702 5610 735 5672 te
759 5625 825 5672 no·
879 5607 939 5669 bus
954 5606 1115 5671 oblivioni
1129 5608 1281 5670 tradatur
1293 5608 1329 5668 in
1343 5611 1523 5685 posterum,
1535 5611 1672 5690 dignuin

74 5693 140 5756 verte
161 5701 196 5766 nb
221 5705 331 5769 officio
356 5707 539 5784 pontificali
565 5708 598 5768 et
626 5707 825 5770 sacerdotali
879 5706 1034 5768 duximus
1047 5706 1234 5768 litterarum
1247 5705 1450 5770 adminiculo
1461 5715 1670 5778 communiri.
