4018 6320
310 377 372 442 803

310 539 529 600 'tornacensis
542 539 706 611 dioecesis,
721 555 763 601 ex
774 540 891 614 altera,
907 541 1102 617 quaestione,

311 635 531 706 mediantibus
549 636 682 699 tandem
707 636 802 698 bonae
828 638 997 698 memoriae
1021 641 1105 699 (los-

312 736 408 796 66166
424 735 578 810 66166666
596 736 629 795 61
645 737 701 796 J...
720 734 956 796 archidiacono
971 737 1103 796 Torna-

311 831 413 903 censi,
440 832 559 908 quibus
582 847 683 908 super
707 831 769 892 1166
803 849 904 894 causa
929 833 1038 894 fuerat
1062 831 1103 892 ab

309 929 499 1006 Apostolica
513 928 596 990 Sede
609 931 796 1002 commissa,
812 930 922 991 extitit
936 928 1102 990 amicabili

310 1027 1103 1104 compositionesopita3sedcumiidemcanonici

310 1125 581 1200 compositionem
594 1140 661 1186 non
675 1127 848 1187 servarent
867 1123 1028 1196 eamdem,
1045 1139 1103 1186 vos

310 1237 367 1283 eos
386 1219 587 1300 6666111166]
607 1237 718 1284 coram
741 1221 878 1283 officiali
902 1221 1103 1282 Tornacensi

310 1333 376 1378 non
397 1333 439 1377 61
454 1317 661 1392 delegatione
676 1317 866 1394 Apostolica
889 1316 1102 1389 convenistis,

310 1415 366 1492 qui
386 1413 589 1476 definitivam
612 1429 671 1491 pro
690 1415 784 1477 vobis
803 1415 1001 1476 sententiam
1022 1429 1103 1491 pro·

309 1511 480 1588 mulgavit,
493 1527 591 1590 quam
603 1529 622 1572 a
633 1511 819 1574 venarabili
830 1513 942 1573 nostro
953 1512 1104 1572 Waltero

308 1610 511 1670 Tornaoensi
533 1610 699 1686 episcopo,
727 1612 762 1672 ut
784 1610 946 1680 asseritis,
976 1624 1103 1686 appro-

308 1705 431 1774 batam,
447 1707 636 1783 Apostolico
652 1708 781 1784 petistis
802 1707 985 1768 munimine
1000 1705 1103 1766 robo-

307 1804 387 1864 rari.
415 1805 483 1864 Nos
512 1819 592 1880 ergo
616 1805 736 1866 vestris
761 1803 913 1881 precibus
937 1803 1101 1870 inclinati,

307 1902 504 1963 sententiam
520 1902 636 1978 ipsam,
662 1902 747 1963 sicut
763 1903 813 1964 est
826 1903 917 1978 justa
937 1917 998 1962 nec
1019 1899 1104 1975 legi-

306 1999 388 2060 tima
426 2000 661 2075 provocatione
697 2015 869 2077 suspensa,
907 1999 1102 2060 auctoritate

306 2096 973 2173 666616116666611116616666166666616
987 2095 1102 2172 scripti

307 2193 492 2269 patrocinio
519 2195 771 2254 communimus
803 2193 896 2254 Nulli
921 2209 1001 2270 ergo
1030 2207 1104 2253 om-

306 2291 386 2350 nino
403 2291 572 2351 hominum
588 2291 688 2352 liceat
703 2291 788 2352 banc
809 2291 965 2369 paginam
980 2291 1102 2351 nostrae

307 2387 580 2456 confirmationis,
602 2388 654 2450 vel
670 2389 701 2449 ei
721 2404 805 2474 ausu
822 2387 999 2450 temerario
1022 2401 1103 2448 con-

305 2485 420 2545 traire.
447 2485 482 2546 Si
507 2485 581 2561 quis
608 2484 803 2547 6616161166
827 2485 991 2546 attentare
1015 2499 1103 2570 prae-

308 2583 486 2658 sumpserit
509 2582 771 2658 indignationem
792 2583 1026 2658 omnipotentis
1042 2581 1102 2642 Dei

307 2679 340 2740 61
363 2677 534 2740 beatorum
561 2680 651 2741 Petri
679 2683 712 2740 et
741 2679 848 2750 Pauli,
877 2679 1101 2754 apostolorum

307 2779 391 2854 ejus,
413 2793 448 2837 se
470 2777 601 2838 noverit
620 2777 843 2846 incursurum.
865 2779 983 2837 1161616
1004 2777 1103 2836 Late-

309 2874 395 2948 rani,
420 2877 449 2935 V
476 2891 582 2936 nonas
608 2875 730 2948 martii,
759 2873 970 2951 pontificatus
994 2873 1101 2936 nostri

308 2987 508 3034 annonono.

657 3159 748 3246 till

361 3304 412 3362 Ad
434 3304 727 3376 archiepiscopum
750 3306 1054 3379 nuraepoiecsem.

598 3423 615 3480 3
628 3423 810 3482 1666111115.

334 3539 455 3602 [liegest.,
465 3538 511 3588 lib.
522 3539 566 3596 lx,
578 3537 652 3602 epist.
665 3538 720 3588 ²07.
734 3539 793 3588 ldss.
804 3539 920 3590 LaPorte
933 3538 968 3589 du
981 3537 1074 3602 Thalli

308 3655 423 3714 Mandat
446 3657 473 3712 ei
492 3662 523 3714 ut
540 3653 657 3712 abbates
679 3652 843 3727 prioresque
856 3657 945 3728 ipsius
958 3655 1099 3726 dioecesis,

343 3744 378 3802 ad
393 3743 549 3801 rectoribus
563 3743 749 3802 ecclesiarum
762 3758 922 3818 congruam
941 3746 1100 3817 portionem

341 3832 558 3906 relinquendam
573 3840 669 3906 cogat.

347 3950 526 4022 Honorius,
541 3951 603 4011 eto.

346 4050 416 4108 Tua
441 4047 537 4108 nobis
574 4046 767 4110 fraternitas
803 4047 979 4120 intimavit,
1013 4048 1099 4124 quod

307 4161 382 4206 cum
408 4145 540 4221 quidam
564 4143 699 4206 abbates
726 4149 759 4206 et
783 4146 910 4222 priores
934 4145 994 4206 tibi
1026 4146 1100 4221 lege

306 4229 494 4304 dioecesana
519 4241 657 4318 subjecti
683 4243 810 4302 tantum
839 4243 1026 4319 percipiunt
1059 4244 1099 4303 16

304 4341 399 4402 bonis
413 4339 655 4416 parochialium
671 4339 888 4400 ecclesiarum
902 4341 968 4401 tuae
982 4339 1100 4402 116666-

304 4439 362 4512 616,
398 4439 434 4499 16
471 4437 588 4515 quibus
620 4441 677 4514 J'us
708 4436 858 4499 obtinent
891 4439 1096 4514 patronatus,

302 4535 610 4599 earumrectoribus
620 4536 894 4598 sustentationem
904 4552 1096 4612 congruam,

298 4638 396 4713 juxta
406 4635 564 4712 statutum
574 4634 742 4710 generalis
754 4633 905 4707 concilii,
920 4649 986 4696 non
999 4635 1099 4696 relin-

302 4735 418 4810 quunt.
445 4732 589 4810 1166666
610 4733 821 4806 1666166166,
839 4735 1003 4809 66616666
1017 4749 1101 4796 666-

300 4832 394 4908 gruis
414 4829 660 4906 provisionibus
686 4831 781 4908 juxta
808 4831 957 4907 ipsarum
984 4832 1096 4893 eccle-

301 4929 426 4990 siarum
450 4926 624 4988 facultates
651 4927 789 5005 provida
825 4927 1097 4990 consideratione

298 5027 441 5094 taxabis,
455 5025 502 5086 ita
524 5023 610 5102 quod
624 5026 657 5086 et
671 5040 786 5087 aarum
800 5027 1098 5088 66616666666166-

299 5126 458 5187 tationem
474 5122 619 5186 habeant
637 5123 888 5199 competentem,
917 5126 950 5185 et
962 5140 1099 5186 monas-

299 5224 384 5285 teria
400 5222 443 5283 ad
460 5237 533 5299 quae
560 5221 710 5298 spectant
723 5221 880 5282 solatium
906 5224 1097 5298 competens

300 5321 445 5382 babeant
468 5336 511 5380 611
539 5318 674 5390 6161661,
701 5320 910 5396 provisiones
936 5321 1029 5396 ipsas
1044 5321 1099 5380 di-

300 5419 385 5480 mitti
405 5417 508 5478 facias
534 5415 720 5478 rectoribus
742 5417 942 5494 saepedictis,
958 5419 991 5479 61
1006 5417 1096 5494 16666

300 5517 367 5579 11116
398 5515 502 5576 166166
535 5531 610 5577 6666
644 5496 826 5577 contentos.
867 5515 1098 5578 Contradicto·

299 5631 367 5687 res,
394 5613 455 5674 etc.
482 5613 599 5674 Datum
625 5613 791 5686 Laterani,
808 5616 837 5675 V
852 5629 957 5675 nonas
971 5613 1094 5685 martii,

303 5729 390 5774 anno
412 5725 510 5772 nono.

929 369 1104 442 HONORII
1127 382 1170 442 111
1193 381 1340 442 OPERA.

1515 549 1600 634 clv

1181 703 1229 762 Ad
1253 702 1460 772 0616611166,
1479 700 1708 760 portuensem
1725 701 1922 773 episcopum.

1441 829 1563 887 dmartii
1579 829 1659 886 late.

1186 955 1307 1018 [liegest.,
1315 953 1361 1005 lib.
1376 953 1420 1012 111,
1432 955 1507 1018 66161.
1516 954 1571 1004 108.
1584 955 1641 1004 1166.
1655 954 1692 1004 La
1703 954 1780 1004 Porte
1790 955 1825 1004 dn
1836 955 1921 1021 111611]

1159 1079 1320 1147 116616161,
1333 1087 1364 1136 61
1378 1094 1465 1151 quum
1482 1078 1597 1151 quidam
1607 1078 1741 1136 monachi
1757 1079 1855 1138 Sancti
1868 1081 1940 1137 1166-

1194 1167 1268 1226 sueti
1296 1168 1437 1225 Tullensis
1469 1167 1632 1240 regularem
1658 1167 1867 1224 observantiam
1891 1184 1941 1224 non
1995 1211 1996 1222 .

1193 1254 1313 1329 61616661
1329 1256 1358 1312 16
1373 1255 1484 1312 abbatis
1499 1257 1667 1313 electionem
1682 1257 1895 1328 processissent,
1910 1256 1942 1313 ad

1195 1345 1279 1401 aliam
1294 1343 1587 1416 electionemprocedi
1602 1343 1697 1400 166161.

1199 1480 1379 1551 Honorius,
1401 1479 1673 1551 etc.,venerabili
1695 1479 1792 1540 fratri
1811 1482 1844 1540 (1
1865 1483 1940 1541 Ρ61-

1158 1577 1268 1638 166661
1292 1577 1459 1654 66166666,
1482 1578 1681 1654 Apostolicae
1704 1577 1801 1638 Sedis
1828 1577 1938 1654 legato,

1158 1675 1299 1736 salutem
1314 1675 1579 1752 etnpostoucem
1594 1674 1869 1736 benedictionem.

1198 1775 1263 1834 Per
1287 1772 1415 1834 litteras
1435 1788 1525 1844 suas,
1548 1775 1580 1834 61
1607 1772 1832 1848 depositiones
1850 1772 1939 1832 etiam

1158 1869 1301 1942 testium,
1317 1885 1400 1946 quas
1421 1869 1479 1932 tua
1490 1869 1586 1930 nobis
1601 1869 1795 1931 fraternitas
1808 1869 1940 1929 destina-

1157 1967 1215 2040 vit,
1239 1967 1459 2044 comperimus
1481 1967 1662 2037 evidenter,
1681 1967 1769 2044 quod
1797 1966 1939 2027 monachi

1158 2064 1271 2127 Sancti
1286 2065 1451 2125 Mansueti
1464 2064 1630 2125 Tullensis
1645 2062 1818 2140 regulares
1831 2063 1938 2124 obser·

1157 2163 1287 2224 vantias
1312 2179 1378 2223 non
1403 2161 1545 2240 professi
1569 2161 1744 2240 quemdam
1770 2159 1939 2238 ipsiusloci

1157 2261 1355 2322 monachum
1383 2259 1538 2321 similiter
1552 2275 1619 2321 non
1641 2259 1827 2336 professum
1841 2259 1873 2318 in
1885 2258 1940 2318 ab·

1157 2357 1265 2420 batem
1281 2373 1388 2429 suum,
1402 2357 1598 2434 contemptis
1614 2356 1810 2434 quibusdam
1825 2373 1865 2417 ex
1880 2354 1940 2414 ira-

1156 2455 1263 2517 tribus
1274 2455 1354 2527 suis,
1369 2455 1425 2532 qui
1439 2455 1552 2516 vocari
1562 2453 1726 2516 debebant
1738 2456 1771 2515 et
1786 2455 1937 2531 poterant,

1156 2554 1339 2628 elegerunt.
1361 2553 1516 2614 Volentes
1529 2553 1629 2630 igitur
1644 2554 1682 2614 ut
1694 2554 1806 2613 errata
1817 2553 1940 2627 661166

1157 2651 1391 2712 sollicitudinis
1402 2651 1547 2712 studium
1561 2652 1783 2727 corrigantur,
1797 2648 1940 2710 fraterni·

1155 2749 1215 2810 tati
1234 2749 1299 2810 tnae
1322 2764 1381 2825 per
1393 2749 1584 2826 Apostolica
1602 2750 1727 2824 scripta
1742 2747 1938 2814 mandamus,

1156 2849 1318 2924 quatenus
1338 2846 1534 2908 electionem
1556 2845 1747 2922 hujusmodi
1767 2845 1938 2906 decernens
1978 2872 1986 2884 ·

1157 2943 1284 3005 irritam
1311 2944 1345 3005 61
1383 2944 1528 3014 inanem,
1556 2939 1731 3003 universos
1756 2943 1859 3020 ipsius
1882 2939 1937 3001 1661

1157 3041 1337 3101 monachos
1364 3039 1405 3100 ad
1421 3039 1607 3102 faciendam
1633 3039 1883 3117 professionem,
1908 3037 1940 3096 ut

1157 3138 1286 3210 debent,
1298 3137 1480 3200 monitione
1492 3137 1677 3214 praemissa,
1699 3152 1759 3213 per
1774 3151 1938 3198 censuram

1156 3236 1417 3297 ecclesiasticam
1442 3235 1665 3314 appellatione
1689 3236 1828 3301 remota,
1853 3250 1939 3294 com-

1156 3333 1476 3411 661166,6616111661
1497 3333 1651 3410 injungas
1676 3332 1801 3393 eisdem
1822 3333 1939 3407 61661-

1156 3429 1433 3490 66661611666616
1445 3445 1518 3489 6616
1530 3429 1672 3489 66661116
1682 3429 1738 3490 166
1750 3427 1811 3488 sibi
1823 3427 1938 3502 eligant

1156 3528 1315 3590 canonice
1328 3527 1362 3587 in
1376 3526 1537 3588 abbatem.
1559 3526 1607 3588 Ad
1624 3527 1696 3588 lraec
1715 3542 1790 3586 cum
1802 3525 1886 3585 sicut
1899 3525 1940 3584 in-

1157 3626 1345 3686 telleximus
1367 3624 1525 3702 pleraque
1550 3625 1685 3685 suntin
1715 3624 1782 3684 illis
1799 3621 1938 3700 partibus

1156 3723 1368 3795 monasteria,
1386 3738 1525 3800 quorum
1535 3722 1692 3783 monachi
1708 3720 1937 3798 professionem

1156 3821 1447 3882 monasticamnon
1466 3819 1625 3892 fecerunt,
1641 3819 1794 3881 volumus
1808 3819 1840 3880 et
1859 3833 1939 3878 man-

1155 3919 1283 3990 161666,
1306 3921 1341 3981 61
1362 3934 1419 3979 666
1439 3919 1480 3979 61
1502 3917 1687 3980 1661661616
1710 3917 1937 3994 professionem

1155 4015 1257 4076 simili
1271 4015 1478 4078 districtione
1504 4017 1695 4093 compellas.
1718 4017 1836 4076 Datum
1851 4016 1938 4074 Lata-

1154 4114 1275 4186 terani,
1292 4115 1337 4176 111
1349 4129 1453 4176 66666
1464 4114 1588 4187 martii,
1604 4131 1693 4175 anno
1708 4129 1808 4176 nono.

1521 4391 1585 4479 GV

1154 4555 1205 4614 Ad
1235 4553 1531 4626 archiepiscopos,
1564 4555 1759 4626 episcopos,
1796 4551 1935 4618 annales,

1190 4655 1349 4726 priores,
1373 4653 1535 4721 1666666,
1563 4652 1838 4718 archidiaconos,
1865 4647 1936 4722 ofd-

1193 4753 1306 4822 ctoles,
1330 4749 1363 4810 et
1383 4750 1469 4810 altos
1490 4749 1712 4809 ecclesiarum
1731 4747 1902 4821 prcelatos.

1442 4889 1568 4976 111166
1583 4889 1663 4946 naa

1153 5027 1230 5091 [1166.
1244 5041 1311 5092 6661
1324 5025 1404 5076 servir
1415 5026 1428 5076 1
1441 5023 1565 5074 1111616116
1579 5021 1623 5072 166
1641 5022 1775 5086 provinces
1793 5021 1825 5072 ds
1841 5021 1935 5074 Nannr,

1437 5105 1469 5163 11,
1484 5119 1503 5162 1,
1517 5103 1558 5160 17,
1573 5118 1598 5153 n.
1615 5103 1667 5166 11,]

1152 5213 1336 5288 Privilegium
1363 5227 1419 5286 quo
1445 5209 1564 5269 abbates
1591 5211 1795 5269 cistercienses
1820 5207 1935 5265 decimas

1187 5304 1296 5361 solvere
1321 5317 1377 5360 non
1404 5308 1537 5358 tenentur
1558 5299 1594 5357 de
1620 5299 1771 5357 novalibus
1796 5297 1857 5355 sive
1880 5301 1935 5352 6616

1187 5393 1343 5451 Concilium
1375 5391 1436 5448 sive
1469 5397 1568 5462 666166
1599 5389 1756 5460 6666161116,
1791 5401 1881 5458 66666
1905 5381 1935 5438 16

1187 5480 1285 5550 hortis,
1299 5481 1431 5555 virgultis
1451 5487 1480 5537 61
1504 5479 1580 5536 aliis.

1192 5610 1358 5670 Honorius
1389 5608 1584 5684 episcopus,
1622 5620 1738 5666 servus
1773 5615 1933 5664 servorum

1152 5709 1221 5780 Ilei,
1237 5706 1484 5771 venerabilibus
1503 5703 1661 5768 fratribus
1684 5697 1933 5779 archiepiscopis
