<?xml version="1.0" encoding="UTF-8"?>
<!DOCTYPE html PUBLIC "-//W3C//DTD XHTML 1.0 Transitional//EN"
    "http://www.w3.org/TR/xhtml1/DTD/xhtml1-transitional.dtd">
<html xmlns="http://www.w3.org/1999/xhtml" xml:lang="en" lang="en">
 <head>
  <title>
</title>
<meta http-equiv="Content-Type" content="text/html;charset=utf-8" />
  <meta name='ocr-system' content='tesseract 3.04.00' />
  <meta name='ocr-capabilities' content='ocr_page ocr_carea ocr_par ocr_line ocrx_word'/>
</head>
<body>
  <div class='ocr_page' id='page_1' title='image "./mediiaevibiblio06bottgoog_0450.png"; bbox 0 0 4036 6330; ppageno 0'>
   <div class='ocr_carea' id='block_1_1' title="bbox 68 319 137 382">
    <p class='ocr_par' dir='ltr' id='par_1_1' title="bbox 68 319 137 382">
     <span class='ocr_line' id='line_1_1' title="bbox 68 319 137 382; baseline -0.029 0"><span class='ocrx_word' id='word_1_1' title='bbox 68 319 137 382; x_wconf 73' lang='grc'>869</span> 
     </span>
    </p>
   </div>
   <div class='ocr_carea' id='block_1_2' title="bbox 68 472 876 1623">
    <p class='ocr_par' dir='ltr' id='par_1_2' title="bbox 68 472 876 1623">
     <span class='ocr_line' id='line_1_2' title="bbox 70 472 873 554; baseline -0.009 -13"><span class='ocrx_word' id='word_1_2' title='bbox 70 478 237 541; x_wconf 77' lang='lat' dir='ltr'>distantia</span> <span class='ocrx_word' id='word_1_3' title='bbox 252 491 289 538; x_wconf 88' lang='lat' dir='ltr'>se</span> <span class='ocrx_word' id='word_1_4' title='bbox 311 475 518 552; x_wconf 88' lang='lat' dir='ltr'>contingunt,</span> <span class='ocrx_word' id='word_1_5' title='bbox 540 473 702 554; x_wconf 72' lang='lat' dir='ltr'><strong>adjiciens</strong></span> <span class='ocrx_word' id='word_1_6' title='bbox 722 472 873 551; x_wconf 76' lang='lat' dir='ltr'>quadarn</span> 
     </span>
     <span class='ocr_line' id='line_1_3' title="bbox 69 571 875 650; baseline -0.007 -12"><span class='ocrx_word' id='word_1_7' title='bbox 69 577 158 649; x_wconf 88' lang='lat' dir='ltr'>alia,</span> <span class='ocrx_word' id='word_1_8' title='bbox 175 576 205 636; x_wconf 89' lang='lat' dir='ltr'>si</span> <span class='ocrx_word' id='word_1_9' title='bbox 219 575 283 636; x_wconf 92' lang='lat' dir='ltr'>boc</span> <span class='ocrx_word' id='word_1_10' title='bbox 296 588 363 636; x_wconf 89' lang='lat' dir='ltr'>non</span> <span class='ocrx_word' id='word_1_11' title='bbox 376 571 546 650; x_wconf 80' lang='lat' dir='ltr'><strong>prodesset</strong></span> <span class='ocrx_word' id='word_1_12' title='bbox 567 571 611 632; x_wconf 87' lang='lat' dir='ltr'>ad</span> <span class='ocrx_word' id='word_1_13' title='bbox 628 571 875 634; x_wconf 71' lang='grc'>0000100010-</span> 
     </span>
     <span class='ocr_line' id='line_1_4' title="bbox 70 667 872 740; baseline -0.012 -4"><span class='ocrx_word' id='word_1_14' title='bbox 70 690 154 736; x_wconf 90' lang='lat' dir='ltr'>nem</span> <span class='ocrx_word' id='word_1_15' title='bbox 177 670 382 734; x_wconf 87' lang='lat' dir='ltr'>matrimonii</span> <span class='ocrx_word' id='word_1_16' title='bbox 403 669 587 732; x_wconf 87' lang='lat' dir='ltr'>memorati.</span> <span class='ocrx_word' id='word_1_17' title='bbox 614 669 776 740; x_wconf 84' lang='lat' dir='ltr'>Quocirca</span> <span class='ocrx_word' id='word_1_18' title='bbox 800 667 872 728; x_wconf 91' lang='lat' dir='ltr'>dis-</span> 
     </span>
     <span class='ocr_line' id='line_1_5' title="bbox 68 766 874 844; baseline -0.009 -12"><span class='ocrx_word' id='word_1_19' title='bbox 68 770 221 832; x_wconf 88' lang='lat' dir='ltr'>crationi</span> <span class='ocrx_word' id='word_1_20' title='bbox 235 769 355 830; x_wconf 84' lang='lat' dir='ltr'>vestrae</span> <span class='ocrx_word' id='word_1_21' title='bbox 370 782 429 844; x_wconf 93' lang='lat' dir='ltr'>per</span> <span class='ocrx_word' id='word_1_22' title='bbox 441 766 633 844; x_wconf 72' lang='lat' dir='ltr'>apostolica</span> <span class='ocrx_word' id='word_1_23' title='bbox 647 766 771 843; x_wconf 88' lang='lat' dir='ltr'>scripta</span> <span class='ocrx_word' id='word_1_24' title='bbox 784 779 874 826; x_wconf 88' lang='lat' dir='ltr'>man·</span> 
     </span>
     <span class='ocr_line' id='line_1_6' title="bbox 70 863 874 944; baseline -0.006 -15"><span class='ocrx_word' id='word_1_25' title='bbox 70 869 197 929; x_wconf 90' lang='lat' dir='ltr'>damus</span> <span class='ocrx_word' id='word_1_26' title='bbox 220 867 394 944; x_wconf 87' lang='lat' dir='ltr'>quatenus,</span> <span class='ocrx_word' id='word_1_27' title='bbox 419 865 546 926; x_wconf 85' lang='lat' dir='ltr'>vocatis</span> <span class='ocrx_word' id='word_1_28' title='bbox 572 863 630 941; x_wconf 88' lang='lat' dir='ltr'>qui</span> <span class='ocrx_word' id='word_1_29' title='bbox 653 863 778 925; x_wconf 83' lang='lat' dir='ltr'>luerint</span> <span class='ocrx_word' id='word_1_30' title='bbox 792 879 874 925; x_wconf 79' lang='lat' dir='ltr'>svo·</span> 
     </span>
     <span class='ocr_line' id='line_1_7' title="bbox 71 960 872 1040; baseline -0.007 -13"><span class='ocrx_word' id='word_1_31' title='bbox 71 965 190 1034; x_wconf 83' lang='lat' dir='ltr'>candi,</span> <span class='ocrx_word' id='word_1_32' title='bbox 214 964 393 1040; x_wconf 78' lang='lat' dir='ltr'>diligenter</span> <span class='ocrx_word' id='word_1_33' title='bbox 417 961 458 1023; x_wconf 94' lang='lat' dir='ltr'>de</span> <span class='ocrx_word' id='word_1_34' title='bbox 481 961 634 1024; x_wconf 90' lang='lat' dir='ltr'>omnibns</span> <span class='ocrx_word' id='word_1_35' title='bbox 653 960 872 1038; x_wconf 87' lang='lat' dir='ltr'>inquirentes,</span> 
     </span>
     <span class='ocr_line' id='line_1_8' title="bbox 71 1057 874 1141; baseline -0.006 -16"><span class='ocrx_word' id='word_1_36' title='bbox 71 1079 140 1141; x_wconf 88' lang='lat' dir='ltr'>per</span> <span class='ocrx_word' id='word_1_37' title='bbox 152 1063 283 1124; x_wconf 77' lang='lat' dir='ltr'>litteras</span> <span class='ocrx_word' id='word_1_38' title='bbox 298 1062 429 1123; x_wconf 79' lang='lat' dir='ltr'>vestras</span> <span class='ocrx_word' id='word_1_39' title='bbox 441 1059 617 1136; x_wconf 79' lang='lat' dir='ltr'>exponatis</span> <span class='ocrx_word' id='word_1_40' title='bbox 632 1057 728 1120; x_wconf 88' lang='lat' dir='ltr'>nobis</span> <span class='ocrx_word' id='word_1_41' title='bbox 743 1058 874 1135; x_wconf 79' lang='lat' dir='ltr'>plenius</span> 
     </span>
     <span class='ocr_line' id='line_1_9' title="bbox 70 1155 876 1235; baseline -0.009 -12"><span class='ocrx_word' id='word_1_42' title='bbox 70 1159 319 1230; x_wconf 75' lang='grc' dir='ltr'>0001101000,οῐ</span> <span class='ocrx_word' id='word_1_43' title='bbox 342 1173 402 1235; x_wconf 91' lang='lat' dir='ltr'>per</span> <span class='ocrx_word' id='word_1_44' title='bbox 428 1157 561 1219; x_wconf 89' lang='lat' dir='ltr'>ildelam</span> <span class='ocrx_word' id='word_1_45' title='bbox 585 1155 784 1218; x_wconf 83' lang='lat' dir='ltr'>relationem</span> <span class='ocrx_word' id='word_1_46' title='bbox 798 1171 876 1218; x_wconf 82' lang='lat' dir='ltr'>ves·</span> 
     </span>
     <span class='ocr_line' id='line_1_10' title="bbox 71 1253 875 1330; baseline -0.009 -11"><span class='ocrx_word' id='word_1_47' title='bbox 71 1259 167 1320; x_wconf 88' lang='lat' dir='ltr'>tram</span> <span class='ocrx_word' id='word_1_48' title='bbox 181 1256 347 1328; x_wconf 82' lang='lat' dir='ltr'>instructi,</span> <span class='ocrx_word' id='word_1_49' title='bbox 365 1255 464 1316; x_wconf 89' lang='lat' dir='ltr'>dante</span> <span class='ocrx_word' id='word_1_50' title='bbox 479 1256 558 1325; x_wconf 86' lang='lat' dir='ltr'>Deo,</span> <span class='ocrx_word' id='word_1_51' title='bbox 573 1269 675 1330; x_wconf 82' lang='lat' dir='ltr'>snper</span> <span class='ocrx_word' id='word_1_52' title='bbox 685 1253 749 1314; x_wconf 92' lang='lat' dir='ltr'>boc</span> <span class='ocrx_word' id='word_1_53' title='bbox 763 1253 875 1330; x_wconf 85' lang='lat' dir='ltr'>provi·</span> 
     </span>
     <span class='ocr_line' id='line_1_11' title="bbox 73 1350 876 1431; baseline -0.004 -16"><span class='ocrx_word' id='word_1_54' title='bbox 73 1355 160 1416; x_wconf 89' lang='lat' dir='ltr'>dere</span> <span class='ocrx_word' id='word_1_55' title='bbox 174 1353 343 1431; x_wconf 86' lang='lat' dir='ltr'>possimus</span> <span class='ocrx_word' id='word_1_56' title='bbox 356 1352 444 1430; x_wconf 92' lang='lat' dir='ltr'>quod</span> <span class='ocrx_word' id='word_1_57' title='bbox 460 1351 497 1412; x_wconf 92' lang='lat' dir='ltr'>in</span> <span class='ocrx_word' id='word_1_58' title='bbox 518 1351 579 1412; x_wconf 88' lang='lat' dir='ltr'>tali</span> <span class='ocrx_word' id='word_1_59' title='bbox 593 1350 735 1412; x_wconf 86' lang='lat' dir='ltr'>articulo</span> <span class='ocrx_word' id='word_1_60' title='bbox 749 1350 876 1412; x_wconf 83' lang='lat' dir='ltr'>videri-</span> 
     </span>
     <span class='ocr_line' id='line_1_12' title="bbox 74 1449 874 1530; baseline -0.009 -16"><span class='ocrx_word' id='word_1_61' title='bbox 74 1468 156 1514; x_wconf 86' lang='lat' dir='ltr'>mus</span> <span class='ocrx_word' id='word_1_62' title='bbox 170 1450 420 1530; x_wconf 83' lang='lat' dir='ltr'>providendum.</span> <span class='ocrx_word' id='word_1_63' title='bbox 435 1449 527 1522; x_wconf 89' lang='lat' dir='ltr'>Quod</span> <span class='ocrx_word' id='word_1_64' title='bbox 540 1450 571 1510; x_wconf 90' lang='lat' dir='ltr'>si</span> <span class='ocrx_word' id='word_1_65' title='bbox 584 1464 652 1510; x_wconf 93' lang='lat' dir='ltr'>non</span> <span class='ocrx_word' id='word_1_66' title='bbox 669 1463 794 1521; x_wconf 91' lang='lat' dir='ltr'>omnes,</span> <span class='ocrx_word' id='word_1_67' title='bbox 809 1449 874 1510; x_wconf 89' lang='lat' dir='ltr'>etc.</span> 
     </span>
     <span class='ocr_line' id='line_1_13' title="bbox 73 1545 821 1623; baseline -0.007 -13"><span class='ocrx_word' id='word_1_68' title='bbox 73 1549 200 1610; x_wconf 90' lang='lat' dir='ltr'>Datum</span> <span class='ocrx_word' id='word_1_69' title='bbox 213 1547 344 1620; x_wconf 81' lang='lat' dir='ltr'>Tibure,</span> <span class='ocrx_word' id='word_1_70' title='bbox 360 1548 404 1608; x_wconf 87' lang='lat' dir='ltr'>IV</span> <span class='ocrx_word' id='word_1_71' title='bbox 415 1545 491 1608; x_wconf 87' lang='lat' dir='ltr'>idus</span> <span class='ocrx_word' id='word_1_72' title='bbox 502 1545 602 1623; x_wconf 85' lang='lat' dir='ltr'>junii,</span> <span class='ocrx_word' id='word_1_73' title='bbox 618 1559 706 1608; x_wconf 88' lang='lat' dir='ltr'>anno</span> <span class='ocrx_word' id='word_1_74' title='bbox 721 1559 821 1606; x_wconf 90' lang='grc'>0000.</span> 
     </span>
    </p>
   </div>
   <div class='ocr_carea' id='block_1_3' title="bbox 383 1785 576 1874">
    <p class='ocr_par' dir='ltr' id='par_1_3' title="bbox 383 1785 576 1874">
     <span class='ocr_line' id='line_1_14' title="bbox 383 1785 576 1874; baseline -0.01 0"><span class='ocrx_word' id='word_1_75' title='bbox 383 1785 576 1874; x_wconf 83' lang='lat' dir='ltr'>CLXXIII</span> 
     </span>
    </p>
   </div>
   <div class='ocr_carea' id='block_1_4' title="bbox 119 1938 834 2109">
    <p class='ocr_par' dir='ltr' id='par_1_4' title="bbox 119 1938 834 2109">
     <span class='ocr_line' id='line_1_15' title="bbox 180 1938 778 2012; baseline -0.012 -10"><span class='ocrx_word' id='word_1_76' title='bbox 180 1941 233 2002; x_wconf 76' lang='lat' dir='ltr'>Ad</span> <span class='ocrx_word' id='word_1_77' title='bbox 247 1940 465 2001; x_wconf 80' lang='lat' dir='ltr'>Domtntcrrm</span> <span class='ocrx_word' id='word_1_78' title='bbox 477 1941 634 2012; x_wconf 75' lang='lat' dir='ltr'>priorem</span> <span class='ocrx_word' id='word_1_79' title='bbox 644 1938 778 1998; x_wconf 76' lang='lat' dir='ltr'>ordinis</span> 
     </span>
     <span class='ocr_line' id='line_1_16' title="bbox 119 2035 834 2109; baseline -0.007 -11"><span class='ocrx_word' id='word_1_80' title='bbox 119 2037 401 2099; x_wconf 74' lang='lat' dir='ltr'>Proedtcutomm</span> <span class='ocrx_word' id='word_1_81' title='bbox 413 2036 449 2097; x_wconf 82' lang='lat' dir='ltr'>et</span> <span class='ocrx_word' id='word_1_82' title='bbox 462 2035 614 2109; x_wconf 79' lang='lat' dir='ltr'>fratrem</span> <span class='ocrx_word' id='word_1_83' title='bbox 627 2035 834 2096; x_wconf 74' lang='lat' dir='ltr'>Martinam.</span> 
     </span>
    </p>
   </div>
   <div class='ocr_carea' id='block_1_5' title="bbox 216 2163 742 2356">
    <p class='ocr_par' dir='ltr' id='par_1_5' title="bbox 216 2163 742 2356">
     <span class='ocr_line' id='line_1_17' title="bbox 375 2163 586 2238; baseline -0.005 -16"><span class='ocrx_word' id='word_1_84' title='bbox 375 2163 410 2222; x_wconf 88' lang='grc'>11</span> <span class='ocrx_word' id='word_1_85' title='bbox 421 2164 494 2238; x_wconf 86' lang='lat' dir='ltr'>junii</span> <span class='ocrx_word' id='word_1_86' title='bbox 508 2165 586 2222; x_wconf 76' lang='grc'>1111.</span> 
     </span>
     <span class='ocr_line' id='line_1_18' title="bbox 216 2285 742 2356; baseline -0.008 -16"><span class='ocrx_word' id='word_1_87' title='bbox 216 2287 364 2356; x_wconf 72' lang='lat' dir='ltr'>[Wadding</span> <span class='ocrx_word' id='word_1_88' title='bbox 376 2287 469 2338; x_wconf 78' lang='lat' dir='ltr'>Annei.</span> <span class='ocrx_word' id='word_1_89' title='bbox 481 2289 619 2350; x_wconf 87' lang='lat' dir='ltr'>itinerum,</span> <span class='ocrx_word' id='word_1_90' title='bbox 632 2287 664 2350; x_wconf 87' lang='grc'>11,</span> <span class='ocrx_word' id='word_1_91' title='bbox 675 2285 742 2350; x_wconf 70' lang='lat' dir='ltr'>lit]</span> 
     </span>
    </p>
   </div>
   <div class='ocr_carea' id='block_1_6' title="bbox 77 2410 876 2662">
    <p class='ocr_par' dir='ltr' id='par_1_6' title="bbox 77 2410 876 2662">
     <span class='ocr_line' id='line_1_19' title="bbox 77 2410 876 2486; baseline -0.005 -12"><span class='ocrx_word' id='word_1_92' title='bbox 77 2417 131 2474; x_wconf 85' lang='lat' dir='ltr'>Eis</span> <span class='ocrx_word' id='word_1_93' title='bbox 157 2413 288 2472; x_wconf 87' lang='lat' dir='ltr'>concedit</span> <span class='ocrx_word' id='word_1_94' title='bbox 315 2421 346 2472; x_wconf 92' lang='lat' dir='ltr'>ut</span> <span class='ocrx_word' id='word_1_95' title='bbox 370 2415 454 2471; x_wconf 90' lang='lat' dir='ltr'>liceat</span> <span class='ocrx_word' id='word_1_96' title='bbox 480 2413 650 2486; x_wconf 86' lang='lat' dir='ltr'>praedicarc,</span> <span class='ocrx_word' id='word_1_97' title='bbox 672 2411 817 2485; x_wconf 84' lang='lat' dir='ltr'>baptizare</span> <span class='ocrx_word' id='word_1_98' title='bbox 840 2410 876 2470; x_wconf 82' lang='lat' dir='ltr'>ad</span> 
     </span>
     <span class='ocr_line' id='line_1_20' title="bbox 117 2501 874 2575; baseline -0.007 -13"><span class='ocrx_word' id='word_1_99' title='bbox 117 2503 204 2562; x_wconf 90' lang='lat' dir='ltr'>ildem</span> <span class='ocrx_word' id='word_1_100' title='bbox 232 2503 343 2560; x_wconf 74' lang='grc'>0001100</span> <span class='ocrx_word' id='word_1_101' title='bbox 363 2503 526 2571; x_wconf 85' lang='lat' dir='ltr'>venientes,</span> <span class='ocrx_word' id='word_1_102' title='bbox 555 2502 706 2575; x_wconf 86' lang='lat' dir='ltr'>injungere</span> <span class='ocrx_word' id='word_1_103' title='bbox 733 2501 874 2574; x_wconf 79' lang='grc'>00001100-</span> 
     </span>
     <span class='ocr_line' id='line_1_21' title="bbox 116 2594 253 2662; baseline -0.007 -12"><span class='ocrx_word' id='word_1_104' title='bbox 116 2594 183 2662; x_wconf 85' lang='lat' dir='ltr'>tias,</span> <span class='ocrx_word' id='word_1_105' title='bbox 198 2599 253 2650; x_wconf 89' lang='lat' dir='ltr'>etc.</span> 
     </span>
    </p>
   </div>
   <div class='ocr_carea' id='block_1_7' title="bbox 78 2715 883 4741">
    <p class='ocr_par' dir='ltr' id='par_1_7' title="bbox 78 2715 883 4741">
     <span class='ocr_line' id='line_1_22' title="bbox 120 2715 874 2788; baseline -0.005 -8"><span class='ocrx_word' id='word_1_106' title='bbox 120 2719 237 2780; x_wconf 89' lang='lat' dir='ltr'>Vineae</span> <span class='ocrx_word' id='word_1_107' title='bbox 261 2717 387 2779; x_wconf 92' lang='lat' dir='ltr'>domini</span> <span class='ocrx_word' id='word_1_108' title='bbox 414 2715 577 2788; x_wconf 87' lang='lat' dir='ltr'>custodes,</span> <span class='ocrx_word' id='word_1_109' title='bbox 603 2715 682 2776; x_wconf 88' lang='lat' dir='ltr'>licet</span> <span class='ocrx_word' id='word_1_110' title='bbox 706 2715 874 2788; x_wconf 84' lang='lat' dir='ltr'>Immeriti,</span> 
     </span>
     <span class='ocr_line' id='line_1_23' title="bbox 78 2812 877 2896; baseline -0.006 -19"><span class='ocrx_word' id='word_1_111' title='bbox 78 2817 182 2896; x_wconf 89' lang='lat' dir='ltr'>positi</span> <span class='ocrx_word' id='word_1_112' title='bbox 197 2817 230 2878; x_wconf 88' lang='lat' dir='ltr'>ct</span> <span class='ocrx_word' id='word_1_113' title='bbox 250 2815 404 2886; x_wconf 89' lang='lat' dir='ltr'>cultores,</span> <span class='ocrx_word' id='word_1_114' title='bbox 421 2829 558 2874; x_wconf 86' lang='lat' dir='ltr'>necesse</span> <span class='ocrx_word' id='word_1_115' title='bbox 577 2812 737 2874; x_wconf 90' lang='lat' dir='ltr'>habemus</span> <span class='ocrx_word' id='word_1_116' title='bbox 754 2813 789 2873; x_wconf 92' lang='grc'>10</span> <span class='ocrx_word' id='word_1_117' title='bbox 803 2827 877 2873; x_wconf 92' lang='lat' dir='ltr'>eam</span> 
     </span>
     <span class='ocr_line' id='line_1_24' title="bbox 79 2910 878 2989; baseline -0.008 -14"><span class='ocrx_word' id='word_1_118' title='bbox 79 2915 216 2976; x_wconf 89' lang='lat' dir='ltr'>mittere</span> <span class='ocrx_word' id='word_1_119' title='bbox 226 2912 409 2989; x_wconf 90' lang='lat' dir='ltr'>operarios,</span> <span class='ocrx_word' id='word_1_120' title='bbox 426 2910 653 2972; x_wconf 84' lang='lat' dir='ltr'>dIstribnendo</span> <span class='ocrx_word' id='word_1_121' title='bbox 664 2910 805 2986; x_wconf 90' lang='lat' dir='ltr'>singulis</span> <span class='ocrx_word' id='word_1_122' title='bbox 819 2910 878 2970; x_wconf 92' lang='lat' dir='ltr'>mi-</span> 
     </span>
     <span class='ocr_line' id='line_1_25' title="bbox 82 3009 877 3084; baseline -0.008 -11"><span class='ocrx_word' id='word_1_123' title='bbox 82 3011 224 3073; x_wconf 82' lang='lat' dir='ltr'>misteria</span> <span class='ocrx_word' id='word_1_124' title='bbox 252 3009 433 3070; x_wconf 89' lang='lat' dir='ltr'>secundum</span> <span class='ocrx_word' id='word_1_125' title='bbox 461 3009 628 3080; x_wconf 75' lang='lat' dir='ltr'>virtutem,</span> <span class='ocrx_word' id='word_1_126' title='bbox 653 3009 751 3084; x_wconf 81' lang='lat' dir='ltr'>juata</span> <span class='ocrx_word' id='word_1_127' title='bbox 778 3023 877 3084; x_wconf 91' lang='lat' dir='ltr'>quam</span> 
     </span>
     <span class='ocr_line' id='line_1_26' title="bbox 80 3105 877 3182; baseline -0.008 -12"><span class='ocrx_word' id='word_1_128' title='bbox 80 3107 219 3170; x_wconf 79' lang='lat' dir='ltr'>valeant</span> <span class='ocrx_word' id='word_1_129' title='bbox 255 3105 438 3167; x_wconf 86' lang='grc'>0110100100</span> <span class='ocrx_word' id='word_1_130' title='bbox 480 3105 624 3182; x_wconf 85' lang='lat' dir='ltr'>operari.</span> <span class='ocrx_word' id='word_1_131' title='bbox 665 3105 877 3166; x_wconf 77' lang='lat' dir='ltr'>attendentes</span> 
     </span>
     <span class='ocr_line' id='line_1_27' title="bbox 81 3201 878 3282; baseline -0.005 -16"><span class='ocrx_word' id='word_1_132' title='bbox 81 3206 198 3282; x_wconf 88' lang='lat' dir='ltr'>igitur,</span> <span class='ocrx_word' id='word_1_133' title='bbox 217 3203 302 3281; x_wconf 92' lang='lat' dir='ltr'>quod</span> <span class='ocrx_word' id='word_1_134' title='bbox 328 3201 531 3278; x_wconf 84' lang='lat' dir='ltr'>abnegantes</span> <span class='ocrx_word' id='word_1_135' title='bbox 553 3217 612 3263; x_wconf 84' lang='lat' dir='ltr'>nes</span> <span class='ocrx_word' id='word_1_136' title='bbox 631 3202 733 3278; x_wconf 90' lang='lat' dir='ltr'>ipsos,</span> <span class='ocrx_word' id='word_1_137' title='bbox 749 3201 878 3263; x_wconf 89' lang='lat' dir='ltr'>animas</span> 
     </span>
     <span class='ocr_line' id='line_1_28' title="bbox 82 3299 878 3378; baseline -0.006 -14"><span class='ocrx_word' id='word_1_138' title='bbox 82 3304 215 3364; x_wconf 80' lang='lat' dir='ltr'>vestras</span> <span class='ocrx_word' id='word_1_139' title='bbox 231 3316 290 3378; x_wconf 92' lang='lat' dir='ltr'>pro</span> <span class='ocrx_word' id='word_1_140' title='bbox 306 3299 436 3361; x_wconf 88' lang='lat' dir='ltr'>Christo</span> <span class='ocrx_word' id='word_1_141' title='bbox 452 3314 575 3376; x_wconf 89' lang='lat' dir='ltr'>ponere</span> <span class='ocrx_word' id='word_1_142' title='bbox 595 3299 726 3375; x_wconf 70' lang='lat' dir='ltr'>cupitis</span> <span class='ocrx_word' id='word_1_143' title='bbox 744 3301 779 3361; x_wconf 92' lang='lat' dir='ltr'>ut</span> <span class='ocrx_word' id='word_1_144' title='bbox 794 3299 878 3360; x_wconf 89' lang='lat' dir='ltr'>lucri</span> 
     </span>
     <span class='ocr_line' id='line_1_29' title="bbox 81 3395 879 3473; baseline -0.006 -11"><span class='ocrx_word' id='word_1_145' title='bbox 81 3400 216 3462; x_wconf 80' lang='lat' dir='ltr'>faciatis</span> <span class='ocrx_word' id='word_1_146' title='bbox 239 3397 309 3458; x_wconf 81' lang='grc'>0111·</span> <span class='ocrx_word' id='word_1_147' title='bbox 322 3397 451 3458; x_wconf 90' lang='lat' dir='ltr'>animas</span> <span class='ocrx_word' id='word_1_148' title='bbox 471 3397 625 3466; x_wconf 88' lang='lat' dir='ltr'>aliorum,</span> <span class='ocrx_word' id='word_1_149' title='bbox 641 3409 682 3456; x_wconf 92' lang='lat' dir='ltr'>eo</span> <span class='ocrx_word' id='word_1_150' title='bbox 702 3395 788 3473; x_wconf 89' lang='lat' dir='ltr'>quod</span> <span class='ocrx_word' id='word_1_151' title='bbox 808 3397 879 3457; x_wconf 86' lang='lat' dir='ltr'>nul·</span> 
     </span>
     <span class='ocr_line' id='line_1_30' title="bbox 81 3495 876 3572; baseline -0.004 -13"><span class='ocrx_word' id='word_1_152' title='bbox 81 3499 152 3559; x_wconf 88' lang='lat' dir='ltr'>lum</span> <span class='ocrx_word' id='word_1_153' title='bbox 170 3495 372 3556; x_wconf 81' lang='lat' dir='ltr'>sacrificinm</span> <span class='ocrx_word' id='word_1_154' title='bbox 386 3497 453 3554; x_wconf 88' lang='lat' dir='ltr'>Deo</span> <span class='ocrx_word' id='word_1_155' title='bbox 468 3495 598 3555; x_wconf 89' lang='lat' dir='ltr'>constat</span> <span class='ocrx_word' id='word_1_156' title='bbox 610 3509 684 3554; x_wconf 89' lang='lat' dir='ltr'>esse</span> <span class='ocrx_word' id='word_1_157' title='bbox 696 3495 876 3572; x_wconf 90' lang='lat' dir='ltr'>acceptius,</span> 
     </span>
     <span class='ocr_line' id='line_1_31' title="bbox 81 3591 878 3673; baseline -0.005 -18"><span class='ocrx_word' id='word_1_158' title='bbox 81 3609 184 3673; x_wconf 92' lang='lat' dir='ltr'>quam</span> <span class='ocrx_word' id='word_1_159' title='bbox 210 3593 338 3654; x_wconf 90' lang='lat' dir='ltr'>lucrum</span> <span class='ocrx_word' id='word_1_160' title='bbox 362 3606 512 3668; x_wconf 88' lang='lat' dir='ltr'>quaerere</span> <span class='ocrx_word' id='word_1_161' title='bbox 534 3591 722 3652; x_wconf 90' lang='lat' dir='ltr'>animarum</span> <span class='ocrx_word' id='word_1_162' title='bbox 738 3613 746 3652; x_wconf 75' lang='grc' dir='ltr'><em>ι</em></span> <span class='ocrx_word' id='word_1_163' title='bbox 762 3607 821 3654; x_wconf 87' lang='lat' dir='ltr'>vos</span> <span class='ocrx_word' id='word_1_164' title='bbox 843 3593 878 3652; x_wconf 93' lang='lat' dir='ltr'>in</span> 
     </span>
     <span class='ocr_line' id='line_1_32' title="bbox 80 3687 879 3768; baseline -0.008 -12"><span class='ocrx_word' id='word_1_165' title='bbox 80 3707 226 3768; x_wconf 89' lang='lat' dir='ltr'>regnum</span> <span class='ocrx_word' id='word_1_166' title='bbox 236 3689 439 3751; x_wconf 89' lang='lat' dir='ltr'>Miramolini</span> <span class='ocrx_word' id='word_1_167' title='bbox 454 3687 755 3763; x_wconf 79' lang='lat' dir='ltr'>sedisapostolicae</span> <span class='ocrx_word' id='word_1_168' title='bbox 767 3689 879 3750; x_wconf 83' lang='lat' dir='ltr'>trans-</span> 
     </span>
     <span class='ocr_line' id='line_1_33' title="bbox 80 3784 879 3861; baseline -0.006 -9"><span class='ocrx_word' id='word_1_169' title='bbox 80 3789 187 3852; x_wconf 85' lang='lat' dir='ltr'>mittit</span> <span class='ocrx_word' id='word_1_170' title='bbox 199 3787 392 3858; x_wconf 88' lang='lat' dir='ltr'>anctoritas,</span> <span class='ocrx_word' id='word_1_171' title='bbox 405 3787 441 3847; x_wconf 92' lang='lat' dir='ltr'>ut</span> <span class='ocrx_word' id='word_1_172' title='bbox 450 3784 717 3861; x_wconf 83' lang='lat' dir='ltr'>evangelizantes</span> <span class='ocrx_word' id='word_1_173' title='bbox 727 3784 797 3847; x_wconf 92' lang='lat' dir='ltr'>illic</span> <span class='ocrx_word' id='word_1_174' title='bbox 807 3788 879 3848; x_wconf 87' lang='lat' dir='ltr'>Do-</span> 
     </span>
     <span class='ocr_line' id='line_1_34' title="bbox 78 3883 878 3959; baseline -0.008 -9"><span class='ocrx_word' id='word_1_175' title='bbox 78 3889 211 3950; x_wconf 89' lang='lat' dir='ltr'>minum</span> <span class='ocrx_word' id='word_1_176' title='bbox 231 3887 344 3947; x_wconf 88' lang='lat' dir='ltr'>Jesum</span> <span class='ocrx_word' id='word_1_177' title='bbox 365 3883 544 3956; x_wconf 88' lang='lat' dir='ltr'>Christum,</span> <span class='ocrx_word' id='word_1_178' title='bbox 558 3884 717 3959; x_wconf 88' lang='lat' dir='ltr'>quantum</span> <span class='ocrx_word' id='word_1_179' title='bbox 732 3883 803 3959; x_wconf 89' lang='lat' dir='ltr'>ipse</span> <span class='ocrx_word' id='word_1_180' title='bbox 815 3883 878 3944; x_wconf 92' lang='lat' dir='ltr'>de·</span> 
     </span>
     <span class='ocr_line' id='line_1_35' title="bbox 79 3980 877 4057; baseline -0.008 -10"><span class='ocrx_word' id='word_1_181' title='bbox 79 3984 181 4056; x_wconf 89' lang='lat' dir='ltr'>derit,</span> <span class='ocrx_word' id='word_1_182' title='bbox 189 3982 390 4046; x_wconf 80' lang='lat' dir='ltr'>convertatis</span> <span class='ocrx_word' id='word_1_183' title='bbox 399 3980 599 4052; x_wconf 87' lang='lat' dir='ltr'>incredulos,</span> <span class='ocrx_word' id='word_1_184' title='bbox 609 3980 746 4056; x_wconf 85' lang='lat' dir='ltr'>erigatis</span> <span class='ocrx_word' id='word_1_185' title='bbox 754 3981 877 4057; x_wconf 84' lang='lat' dir='ltr'>lapsos,</span> 
     </span>
     <span class='ocr_line' id='line_1_36' title="bbox 80 4077 880 4156; baseline -0.005 -12"><span class='ocrx_word' id='word_1_186' title='bbox 80 4081 277 4144; x_wconf 86' lang='lat' dir='ltr'>sustentetis</span> <span class='ocrx_word' id='word_1_187' title='bbox 310 4077 447 4148; x_wconf 87' lang='lat' dir='ltr'>debiles,</span> <span class='ocrx_word' id='word_1_188' title='bbox 491 4077 723 4156; x_wconf 88' lang='lat' dir='ltr'>pusillanimes</span> <span class='ocrx_word' id='word_1_189' title='bbox 760 4094 880 4140; x_wconf 88' lang='lat' dir='ltr'>couse-</span> 
     </span>
     <span class='ocr_line' id='line_1_37' title="bbox 78 4174 877 4250; baseline -0.008 -8"><span class='ocrx_word' id='word_1_190' title='bbox 78 4179 211 4250; x_wconf 88' lang='lat' dir='ltr'>lemini,</span> <span class='ocrx_word' id='word_1_191' title='bbox 238 4177 272 4240; x_wconf 89' lang='lat' dir='ltr'>et</span> <span class='ocrx_word' id='word_1_192' title='bbox 294 4175 399 4238; x_wconf 82' lang='lat' dir='ltr'>fortes</span> <span class='ocrx_word' id='word_1_193' title='bbox 426 4175 646 4236; x_wconf 87' lang='lat' dir='ltr'>nibilominus</span> <span class='ocrx_word' id='word_1_194' title='bbox 669 4174 877 4238; x_wconf 78' lang='lat' dir='ltr'>confortetis.</span> 
     </span>
     <span class='ocr_line' id='line_1_38' title="bbox 81 4273 879 4340; baseline -0.008 0"><span class='ocrx_word' id='word_1_195' title='bbox 81 4279 127 4340; x_wconf 87' lang='lat' dir='ltr'>Ut</span> <span class='ocrx_word' id='word_1_196' title='bbox 148 4277 260 4338; x_wconf 88' lang='lat' dir='ltr'>antem</span> <span class='ocrx_word' id='word_1_197' title='bbox 282 4273 504 4336; x_wconf 87' lang='lat' dir='ltr'>ministerium</span> <span class='ocrx_word' id='word_1_198' title='bbox 528 4276 677 4336; x_wconf 84' lang='lat' dir='ltr'>vostrum</span> <span class='ocrx_word' id='word_1_199' title='bbox 705 4273 879 4336; x_wconf 84' lang='grc'>0001100-</span> 
     </span>
     <span class='ocr_line' id='line_1_39' title="bbox 80 4371 880 4450; baseline -0.005 -12"><span class='ocrx_word' id='word_1_200' title='bbox 80 4377 151 4439; x_wconf 89' lang='lat' dir='ltr'>tius</span> <span class='ocrx_word' id='word_1_201' title='bbox 173 4371 414 4450; x_wconf 82' lang='lat' dir='ltr'>exsequamini,</span> <span class='ocrx_word' id='word_1_202' title='bbox 431 4371 654 4442; x_wconf 87' lang='lat' dir='ltr'>concedimus,</span> <span class='ocrx_word' id='word_1_203' title='bbox 672 4371 709 4433; x_wconf 88' lang='lat' dir='ltr'>ut</span> <span class='ocrx_word' id='word_1_204' title='bbox 734 4371 771 4431; x_wconf 91' lang='grc'>10</span> <span class='ocrx_word' id='word_1_205' title='bbox 790 4387 880 4448; x_wconf 87' lang='lat' dir='ltr'>prae-</span> 
     </span>
     <span class='ocr_line' id='line_1_40' title="bbox 81 4467 883 4545; baseline -0.005 -11"><span class='ocrx_word' id='word_1_206' title='bbox 81 4473 173 4534; x_wconf 87' lang='lat' dir='ltr'>dicta</span> <span class='ocrx_word' id='word_1_207' title='bbox 192 4470 354 4532; x_wconf 81' lang='lat' dir='ltr'>duntaxat</span> <span class='ocrx_word' id='word_1_208' title='bbox 377 4468 513 4543; x_wconf 90' lang='lat' dir='ltr'>regione</span> <span class='ocrx_word' id='word_1_209' title='bbox 527 4467 622 4529; x_wconf 86' lang='lat' dir='ltr'>vobis</span> <span class='ocrx_word' id='word_1_210' title='bbox 640 4467 741 4530; x_wconf 89' lang='lat' dir='ltr'>liceat</span> <span class='ocrx_word' id='word_1_211' title='bbox 763 4468 883 4545; x_wconf 83' lang='lat' dir='ltr'>praedi·</span> 
     </span>
     <span class='ocr_line' id='line_1_41' title="bbox 83 4564 881 4644; baseline -0.008 -10"><span class='ocrx_word' id='word_1_212' title='bbox 83 4567 363 4644; x_wconf 86' lang='lat' dir='ltr'>case,baptizarc,</span> <span class='ocrx_word' id='word_1_213' title='bbox 380 4568 565 4627; x_wconf 83' lang='lat' dir='ltr'>saracenos</span> <span class='ocrx_word' id='word_1_214' title='bbox 576 4565 616 4626; x_wconf 91' lang='lat' dir='ltr'>ad</span> <span class='ocrx_word' id='word_1_215' title='bbox 638 4564 735 4626; x_wconf 85' lang='lat' dir='ltr'>fldem</span> <span class='ocrx_word' id='word_1_216' title='bbox 749 4566 881 4628; x_wconf 86' lang='lat' dir='ltr'>noviter</span> 
     </span>
     <span class='ocr_line' id='line_1_42' title="bbox 82 4661 880 4741; baseline -0.008 -10"><span class='ocrx_word' id='word_1_217' title='bbox 82 4661 269 4736; x_wconf 81' lang='lat' dir='ltr'>venientes,</span> <span class='ocrx_word' id='word_1_218' title='bbox 282 4665 315 4728; x_wconf 89' lang='lat' dir='ltr'>et</span> <span class='ocrx_word' id='word_1_219' title='bbox 333 4662 552 4724; x_wconf 89' lang='lat' dir='ltr'>rsconciliare</span> <span class='ocrx_word' id='word_1_220' title='bbox 565 4662 746 4738; x_wconf 87' lang='lat' dir='ltr'>apostatas,</span> <span class='ocrx_word' id='word_1_221' title='bbox 762 4663 880 4741; x_wconf 86' lang='lat' dir='ltr'>injun-</span> 
     </span>
    </p>
   </div>
   <div class='ocr_carea' id='block_1_8' title="bbox 695 313 1113 376">
    <p class='ocr_par' dir='ltr' id='par_1_8' title="bbox 695 313 1113 376">
     <span class='ocr_line' id='line_1_43' title="bbox 695 313 1113 376; baseline 0.002 -1"><span class='ocrx_word' id='word_1_222' title='bbox 695 313 923 376; x_wconf 75' lang='lat' dir='ltr'>EPISTOLAE.</span> <span class='ocrx_word' id='word_1_223' title='bbox 957 315 1035 376; x_wconf 80' lang='lat' dir='ltr'>nin.</span> <span class='ocrx_word' id='word_1_224' title='bbox 1059 317 1113 376; x_wconf 79' lang='lat'>11.</span> 
     </span>
    </p>
   </div>
   <div class='ocr_carea' id='block_1_9' title="bbox 1660 317 1721 378">
    <p class='ocr_par' dir='ltr' id='par_1_9' title="bbox 1660 317 1721 378">
     <span class='ocr_line' id='line_1_44' title="bbox 1660 317 1721 378; baseline 0.033 -2"><span class='ocrx_word' id='word_1_225' title='bbox 1660 317 1721 378; x_wconf 74' lang='lat'>870</span> 
     </span>
    </p>
   </div>
   <div class='ocr_carea' id='block_1_10' title="bbox 926 472 1722 1038">
    <p class='ocr_par' dir='ltr' id='par_1_10' title="bbox 926 472 1722 1038">
     <span class='ocr_line' id='line_1_45' title="bbox 926 472 1721 552; baseline 0.006 -18"><span class='ocrx_word' id='word_1_226' title='bbox 926 472 1011 535; x_wconf 84' lang='lat' dir='ltr'>biles</span> <span class='ocrx_word' id='word_1_227' title='bbox 1029 475 1177 552; x_wconf 87' lang='lat' dir='ltr'>operarii</span> <span class='ocrx_word' id='word_1_228' title='bbox 1191 475 1209 538; x_wconf 84' lang='lat' dir='ltr'>J</span> <span class='ocrx_word' id='word_1_229' title='bbox 1212 489 1271 536; x_wconf 89' lang='lat' dir='ltr'>esu</span> <span class='ocrx_word' id='word_1_230' title='bbox 1286 473 1420 546; x_wconf 80' lang='lat' dir='ltr'>Christi,</span> <span class='ocrx_word' id='word_1_231' title='bbox 1434 473 1483 536; x_wconf 93' lang='lat' dir='ltr'>lta</span> <span class='ocrx_word' id='word_1_232' title='bbox 1505 473 1721 552; x_wconf 85' lang='lat' dir='ltr'>irrepreben-</span> 
     </span>
     <span class='ocr_line' id='line_1_46' title="bbox 928 571 1721 656; baseline 0.004 -23"><span class='ocrx_word' id='word_1_233' title='bbox 928 572 1071 634; x_wconf 85' lang='lat' dir='ltr'>sibiliter</span> <span class='ocrx_word' id='word_1_234' title='bbox 1082 587 1141 634; x_wconf 78' lang='lat' dir='ltr'>ros</span> <span class='ocrx_word' id='word_1_235' title='bbox 1156 571 1291 648; x_wconf 75' lang='lat' dir='ltr'>geratis</span> <span class='ocrx_word' id='word_1_236' title='bbox 1309 571 1430 648; x_wconf 92' lang='lat' dir='ltr'>quoda</span> <span class='ocrx_word' id='word_1_237' title='bbox 1453 587 1580 656; x_wconf 84' lang='lat' dir='ltr'>summo</span> <span class='ocrx_word' id='word_1_238' title='bbox 1604 573 1721 650; x_wconf 88' lang='lat' dir='ltr'>patre·</span> 
     </span>
     <span class='ocr_line' id='line_1_47' title="bbox 928 667 1721 731; baseline 0.001 -1"><span class='ocrx_word' id='word_1_239' title='bbox 928 667 1072 730; x_wconf 82' lang='lat' dir='ltr'>familias</span> <span class='ocrx_word' id='word_1_240' title='bbox 1090 668 1318 730; x_wconf 81' lang='lat' dir='ltr'>retributionis</span> <span class='ocrx_word' id='word_1_241' title='bbox 1342 667 1515 730; x_wconf 90' lang='lat' dir='ltr'>denarium</span> <span class='ocrx_word' id='word_1_242' title='bbox 1543 672 1721 731; x_wconf 80' lang='lat' dir='ltr'>mereami-</span> 
     </span>
     <span class='ocr_line' id='line_1_48' title="bbox 928 764 1722 842; baseline 0.003 -14"><span class='ocrx_word' id='word_1_243' title='bbox 928 766 975 838; x_wconf 91' lang='lat' dir='ltr'>ni,</span> <span class='ocrx_word' id='word_1_244' title='bbox 990 767 1025 831; x_wconf 91' lang='lat' dir='ltr'>et</span> <span class='ocrx_word' id='word_1_245' title='bbox 1039 781 1100 827; x_wconf 85' lang='lat' dir='ltr'>nos</span> <span class='ocrx_word' id='word_1_246' title='bbox 1122 767 1249 842; x_wconf 80' lang='lat' dir='ltr'>majora</span> <span class='ocrx_word' id='word_1_247' title='bbox 1268 764 1362 826; x_wconf 84' lang='lat' dir='ltr'>vobis</span> <span class='ocrx_word' id='word_1_248' title='bbox 1385 765 1548 842; x_wconf 89' lang='lat' dir='ltr'>possimus</span> <span class='ocrx_word' id='word_1_249' title='bbox 1569 769 1722 831; x_wconf 79' lang='lat' dir='ltr'>commit·</span> 
     </span>
     <span class='ocr_line' id='line_1_49' title="bbox 927 862 1720 942; baseline 0 -16"><span class='ocrx_word' id='word_1_250' title='bbox 927 865 998 926; x_wconf 87' lang='lat' dir='ltr'>tene</span> <span class='ocrx_word' id='word_1_251' title='bbox 1009 862 1224 924; x_wconf 76' lang='lat' dir='ltr'>confidenter.</span> <span class='ocrx_word' id='word_1_252' title='bbox 1237 863 1354 924; x_wconf 88' lang='lat' dir='ltr'>Datum</span> <span class='ocrx_word' id='word_1_253' title='bbox 1366 863 1479 934; x_wconf 84' lang='lat' dir='ltr'>Reate,</span> <span class='ocrx_word' id='word_1_254' title='bbox 1491 865 1534 924; x_wconf 88' lang='lat' dir='ltr'>lv</span> <span class='ocrx_word' id='word_1_255' title='bbox 1548 863 1623 924; x_wconf 88' lang='lat' dir='ltr'>idus</span> <span class='ocrx_word' id='word_1_256' title='bbox 1631 866 1720 942; x_wconf 73' lang='lat' dir='ltr'>iunii</span> 
     </span>
     <span class='ocr_line' id='line_1_50' title="bbox 928 959 1474 1038; baseline -0.004 -15"><span class='ocrx_word' id='word_1_257' title='bbox 928 960 1138 1038; x_wconf 80' lang='lat' dir='ltr'>pontificatus</span> <span class='ocrx_word' id='word_1_258' title='bbox 1153 959 1260 1022; x_wconf 89' lang='lat' dir='ltr'>nostri</span> <span class='ocrx_word' id='word_1_259' title='bbox 1270 974 1359 1021; x_wconf 87' lang='lat' dir='ltr'>anno</span> <span class='ocrx_word' id='word_1_260' title='bbox 1375 975 1474 1022; x_wconf 92' lang='grc'>0000.</span> 
     </span>
    </p>
   </div>
   <div class='ocr_carea' id='block_1_11' title="bbox 1231 1181 1420 1270">
    <p class='ocr_par' dir='ltr' id='par_1_11' title="bbox 1231 1181 1420 1270">
     <span class='ocr_line' id='line_1_51' title="bbox 1231 1181 1420 1270; baseline 0 -2"><span class='ocrx_word' id='word_1_261' title='bbox 1231 1181 1420 1270; x_wconf 79' lang='lat' dir='ltr'>CLXXIV</span> 
     </span>
    </p>
   </div>
   <div class='ocr_carea' id='block_1_12' title="bbox 929 1317 1722 1504">
    <p class='ocr_par' dir='ltr' id='par_1_12' title="bbox 929 1317 1722 1504">
     <span class='ocr_line' id='line_1_52' title="bbox 929 1317 1722 1400; baseline 0.005 -6"><span class='ocrx_word' id='word_1_262' title='bbox 929 1331 1178 1398; x_wconf 70' lang='lat' dir='ltr'>numeroram</span> <span class='ocrx_word' id='word_1_263' title='bbox 1196 1333 1314 1394; x_wconf 75' lang='lat' dir='ltr'>Sarnali</span> <span class='ocrx_word' id='word_1_264' title='bbox 1338 1333 1454 1394; x_wconf 76' lang='lat' dir='ltr'>Amata·</span> <span class='ocrx_word' id='word_1_265' title='bbox 1477 1317 1722 1400; x_wconf 46' lang='lat' dir='ltr'>Dacocensts‘et</span> 
     </span>
     <span class='ocr_line' id='line_1_53' title="bbox 1178 1433 1470 1504; baseline 0 -12"><span class='ocrx_word' id='word_1_266' title='bbox 1178 1433 1371 1503; x_wconf 74' lang='lat' dir='ltr'>conjudices</span> <span class='ocrx_word' id='word_1_267' title='bbox 1385 1434 1470 1504; x_wconf 78' lang='lat' dir='ltr'>ejus.</span> 
     </span>
    </p>
   </div>
   <div class='ocr_carea' id='block_1_13' title="bbox 931 1568 1725 1772">
    <p class='ocr_par' dir='ltr' id='par_1_13' title="bbox 931 1568 1725 1772">
     <span class='ocr_line' id='line_1_54' title="bbox 1219 1568 1432 1641; baseline 0.005 -15"><span class='ocrx_word' id='word_1_268' title='bbox 1219 1569 1254 1626; x_wconf 82' lang='lat' dir='ltr'>Il)</span> <span class='ocrx_word' id='word_1_269' title='bbox 1264 1568 1337 1641; x_wconf 88' lang='lat' dir='ltr'>junii</span> <span class='ocrx_word' id='word_1_270' title='bbox 1352 1569 1432 1627; x_wconf 70' lang='grc'>1215.</span> 
     </span>
     <span class='ocr_line' id='line_1_55' title="bbox 931 1699 1725 1772; baseline 0.006 -20"><span class='ocrx_word' id='word_1_271' title='bbox 931 1699 1079 1766; x_wconf 75' lang='lat' dir='ltr'>[berberem</span> <span class='ocrx_word' id='word_1_272' title='bbox 1092 1701 1199 1754; x_wconf 79' lang='lat' dir='ltr'>chartea</span> <span class='ocrx_word' id='word_1_273' title='bbox 1211 1699 1364 1768; x_wconf 81' lang='lat' dir='ltr'>del&#39;abbaye</span> <span class='ocrx_word' id='word_1_274' title='bbox 1375 1701 1725 1772; x_wconf 77' lang='grc' dir='ltr'>108.·Ρ1000,211,0.181.]</span> 
     </span>
    </p>
   </div>
   <div class='ocr_carea' id='block_1_14' title="bbox 931 1825 1725 2150">
    <p class='ocr_par' dir='ltr' id='par_1_14' title="bbox 931 1825 1725 2150">
     <span class='ocr_line' id='line_1_56' title="bbox 931 1825 1724 1898; baseline 0.003 -12"><span class='ocrx_word' id='word_1_275' title='bbox 931 1825 980 1886; x_wconf 79' lang='lat' dir='ltr'>Eis</span> <span class='ocrx_word' id='word_1_276' title='bbox 995 1827 1026 1886; x_wconf 90' lang='lat' dir='ltr'>in</span> <span class='ocrx_word' id='word_1_277' title='bbox 1037 1839 1137 1894; x_wconf 80' lang='lat' dir='ltr'>causa,</span> <span class='ocrx_word' id='word_1_278' title='bbox 1154 1840 1218 1898; x_wconf 78' lang='grc'>000</span> <span class='ocrx_word' id='word_1_279' title='bbox 1231 1825 1349 1884; x_wconf 78' lang='lat' dir='ltr'>uertitur</span> <span class='ocrx_word' id='word_1_280' title='bbox 1363 1826 1437 1888; x_wconf 86' lang='lat' dir='ltr'>iuter</span> <span class='ocrx_word' id='word_1_281' title='bbox 1449 1826 1581 1892; x_wconf 77' lang='lat' dir='ltr'>abbatam</span> <span class='ocrx_word' id='word_1_282' title='bbox 1597 1843 1724 1888; x_wconf 79' lang='lat' dir='ltr'>muran-</span> 
     </span>
     <span class='ocr_line' id='line_1_57' title="bbox 966 1914 1723 1986; baseline 0.005 -14"><span class='ocrx_word' id='word_1_283' title='bbox 966 1921 1084 1986; x_wconf 83' lang='lat' dir='ltr'>tumque</span> <span class='ocrx_word' id='word_1_284' title='bbox 1103 1915 1131 1972; x_wconf 89' lang='lat' dir='ltr'>S.</span> <span class='ocrx_word' id='word_1_285' title='bbox 1155 1914 1229 1974; x_wconf 80' lang='lat' dir='ltr'>Petri</span> <span class='ocrx_word' id='word_1_286' title='bbox 1247 1914 1409 1974; x_wconf 78' lang='lat' dir='ltr'>(laudensis</span> <span class='ocrx_word' id='word_1_287' title='bbox 1425 1923 1453 1974; x_wconf 86' lang='lat' dir='ltr'>et</span> <span class='ocrx_word' id='word_1_288' title='bbox 1472 1915 1645 1976; x_wconf 84' lang='lat' dir='ltr'>abbatissam</span> <span class='ocrx_word' id='word_1_289' title='bbox 1661 1933 1723 1978; x_wconf 89' lang='lat' dir='ltr'>mo·</span> 
     </span>
     <span class='ocr_line' id='line_1_58' title="bbox 966 2002 1725 2078; baseline 0.008 -19"><span class='ocrx_word' id='word_1_290' title='bbox 966 2002 1589 2074; x_wconf 74' lang='grc'>00010111100111010100000,1101000100010</span> <span class='ocrx_word' id='word_1_291' title='bbox 1607 2005 1725 2078; x_wconf 86' lang='lat' dir='ltr'>ordinis,</span> 
     </span>
     <span class='ocr_line' id='line_1_59' title="bbox 965 2089 1175 2150; baseline 0.01 -2"><span class='ocrx_word' id='word_1_292' title='bbox 965 2090 1101 2150; x_wconf 89' lang='lat' dir='ltr'>mandata</span> <span class='ocrx_word' id='word_1_293' title='bbox 1117 2089 1175 2150; x_wconf 85' lang='lat' dir='ltr'>dat.</span> 
     </span>
    </p>
   </div>
   <div class='ocr_carea' id='block_1_15' title="bbox 930 2227 1730 4748">
    <p class='ocr_par' dir='ltr' id='par_1_15' title="bbox 930 2227 1728 2887">
     <span class='ocr_line' id='line_1_60' title="bbox 971 2227 1724 2305; baseline 0.007 -18"><span class='ocrx_word' id='word_1_294' title='bbox 971 2227 1334 2305; x_wconf 82' lang='lat' dir='ltr'>Honoriuaepisoopus,</span> <span class='ocrx_word' id='word_1_295' title='bbox 1347 2243 1644 2292; x_wconf 83' lang='lat' dir='ltr'>servusssrvorum</span> <span class='ocrx_word' id='word_1_296' title='bbox 1654 2231 1724 2304; x_wconf 83' lang='lat' dir='ltr'>Dei,</span> 
     </span>
     <span class='ocr_line' id='line_1_61' title="bbox 931 2322 1727 2392; baseline 0.011 -9"><span class='ocrx_word' id='word_1_297' title='bbox 931 2322 1151 2386; x_wconf 84' lang='lat' dir='ltr'>dilectisdliis</span> <span class='ocrx_word' id='word_1_298' title='bbox 1162 2326 1291 2388; x_wconf 89' lang='lat' dir='ltr'>cantori</span> <span class='ocrx_word' id='word_1_299' title='bbox 1303 2326 1533 2390; x_wconf 83' lang='lat' dir='ltr'>SanctiAmati</span> <span class='ocrx_word' id='word_1_300' title='bbox 1544 2329 1727 2392; x_wconf 78' lang='lat' dir='ltr'>buccensis</span> 
     </span>
     <span class='ocr_line' id='line_1_62' title="bbox 931 2421 1727 2502; baseline 0.006 -20"><span class='ocrx_word' id='word_1_301' title='bbox 931 2421 965 2482; x_wconf 88' lang='lat' dir='ltr'>et</span> <span class='ocrx_word' id='word_1_302' title='bbox 987 2421 1217 2498; x_wconf 88' lang='lat' dir='ltr'>conjudlcibus</span> <span class='ocrx_word' id='word_1_303' title='bbox 1239 2426 1313 2499; x_wconf 88' lang='lat' dir='ltr'>ejus</span> <span class='ocrx_word' id='word_1_304' title='bbox 1341 2423 1439 2495; x_wconf 87' lang='lat' dir='ltr'>datis,</span> <span class='ocrx_word' id='word_1_305' title='bbox 1468 2424 1504 2485; x_wconf 88' lang='lat' dir='ltr'>in</span> <span class='ocrx_word' id='word_1_306' title='bbox 1528 2439 1630 2486; x_wconf 84' lang='lat' dir='ltr'>causa</span> <span class='ocrx_word' id='word_1_307' title='bbox 1653 2441 1727 2502; x_wconf 80' lang='lat' dir='ltr'>quas</span> 
     </span>
     <span class='ocr_line' id='line_1_63' title="bbox 930 2519 1727 2586; baseline 0.005 -6"><span class='ocrx_word' id='word_1_308' title='bbox 930 2519 1073 2580; x_wconf 82' lang='lat' dir='ltr'>vertitur</span> <span class='ocrx_word' id='word_1_309' title='bbox 1083 2519 1172 2581; x_wconf 89' lang='lat' dir='ltr'>inter</span> <span class='ocrx_word' id='word_1_310' title='bbox 1185 2519 1337 2582; x_wconf 89' lang='lat' dir='ltr'>abbatem</span> <span class='ocrx_word' id='word_1_311' title='bbox 1350 2521 1384 2583; x_wconf 88' lang='lat' dir='ltr'>et</span> <span class='ocrx_word' id='word_1_312' title='bbox 1396 2523 1596 2583; x_wconf 89' lang='lat' dir='ltr'>conventum</span> <span class='ocrx_word' id='word_1_313' title='bbox 1613 2523 1727 2586; x_wconf 87' lang='lat' dir='ltr'>Sancti</span> 
     </span>
     <span class='ocr_line' id='line_1_64' title="bbox 932 2615 1728 2694; baseline 0.008 -18"><span class='ocrx_word' id='word_1_314' title='bbox 932 2615 1022 2676; x_wconf 83' lang='lat' dir='ltr'>Petri</span> <span class='ocrx_word' id='word_1_315' title='bbox 1034 2616 1220 2680; x_wconf 75' lang='lat' dir='ltr'>(lundensis</span> <span class='ocrx_word' id='word_1_316' title='bbox 1233 2633 1277 2678; x_wconf 82' lang='lat' dir='ltr'>ex</span> <span class='ocrx_word' id='word_1_317' title='bbox 1289 2619 1383 2694; x_wconf 88' lang='lat' dir='ltr'>parte</span> <span class='ocrx_word' id='word_1_318' title='bbox 1398 2633 1475 2689; x_wconf 89' lang='lat' dir='ltr'>una,</span> <span class='ocrx_word' id='word_1_319' title='bbox 1485 2621 1518 2680; x_wconf 87' lang='lat' dir='ltr'>et</span> <span class='ocrx_word' id='word_1_320' title='bbox 1525 2617 1728 2682; x_wconf 89' lang='lat' dir='ltr'>abbatissam</span> 
     </span>
     <span class='ocr_line' id='line_1_65' title="bbox 932 2715 1726 2789; baseline 0.005 -15"><span class='ocrx_word' id='word_1_321' title='bbox 932 2715 965 2774; x_wconf 91' lang='grc'>01</span> <span class='ocrx_word' id='word_1_322' title='bbox 978 2715 1176 2776; x_wconf 84' lang='lat' dir='ltr'>conventum</span> <span class='ocrx_word' id='word_1_323' title='bbox 1193 2715 1234 2776; x_wconf 91' lang='lat' dir='ltr'>de</span> <span class='ocrx_word' id='word_1_324' title='bbox 1248 2715 1414 2783; x_wconf 87' lang='lat' dir='ltr'>Brabelle,</span> <span class='ocrx_word' id='word_1_325' title='bbox 1436 2731 1479 2780; x_wconf 79' lang='lat' dir='ltr'>ex</span> <span class='ocrx_word' id='word_1_326' title='bbox 1495 2716 1613 2789; x_wconf 89' lang='lat' dir='ltr'>altera,</span> <span class='ocrx_word' id='word_1_327' title='bbox 1630 2719 1726 2779; x_wconf 87' lang='lat' dir='ltr'>salu-</span> 
     </span>
     <span class='ocr_line' id='line_1_66' title="bbox 931 2811 1572 2887; baseline 0 -13"><span class='ocrx_word' id='word_1_328' title='bbox 931 2811 997 2874; x_wconf 84' lang='lat' dir='ltr'>tem</span> <span class='ocrx_word' id='word_1_329' title='bbox 1012 2812 1045 2872; x_wconf 88' lang='lat' dir='ltr'>et</span> <span class='ocrx_word' id='word_1_330' title='bbox 1058 2813 1282 2887; x_wconf 76' lang='lat' dir='ltr'>apostolicam</span> <span class='ocrx_word' id='word_1_331' title='bbox 1296 2811 1572 2874; x_wconf 90' lang='lat' dir='ltr'>benedicti0nem.</span> 
     </span>
    </p>

    <p class='ocr_par' dir='ltr' id='par_1_16' title="bbox 931 2908 1730 4748">
     <span class='ocr_line' id='line_1_67' title="bbox 971 2908 1727 2974; baseline 0.005 -4"><span class='ocrx_word' id='word_1_332' title='bbox 971 2908 1091 2970; x_wconf 88' lang='lat' dir='ltr'>Dilecti</span> <span class='ocrx_word' id='word_1_333' title='bbox 1120 2908 1181 2968; x_wconf 88' lang='lat' dir='ltr'>tilii</span> <span class='ocrx_word' id='word_1_334' title='bbox 1207 2909 1311 2970; x_wconf 87' lang='lat' dir='ltr'>abbas</span> <span class='ocrx_word' id='word_1_335' title='bbox 1340 2911 1374 2972; x_wconf 88' lang='lat' dir='ltr'>et</span> <span class='ocrx_word' id='word_1_336' title='bbox 1400 2911 1584 2971; x_wconf 86' lang='lat' dir='ltr'>conventus</span> <span class='ocrx_word' id='word_1_337' title='bbox 1614 2913 1727 2974; x_wconf 86' lang='lat' dir='ltr'>Sancti</span> 
     </span>
     <span class='ocr_line' id='line_1_68' title="bbox 933 3005 1728 3084; baseline 0.008 -18"><span class='ocrx_word' id='word_1_338' title='bbox 933 3006 1023 3067; x_wconf 82' lang='lat' dir='ltr'>Petri</span> <span class='ocrx_word' id='word_1_339' title='bbox 1040 3005 1225 3068; x_wconf 77' lang='grc'>1100100010</span> <span class='ocrx_word' id='word_1_340' title='bbox 1242 3021 1303 3068; x_wconf 85' lang='grc'>000</span> <span class='ocrx_word' id='word_1_341' title='bbox 1323 3007 1419 3068; x_wconf 89' lang='lat' dir='ltr'>nobis</span> <span class='ocrx_word' id='word_1_342' title='bbox 1434 3007 1594 3084; x_wconf 88' lang='lat' dir='ltr'>petitione</span> <span class='ocrx_word' id='word_1_343' title='bbox 1611 3025 1728 3072; x_wconf 87' lang='lat' dir='ltr'>mons-</span> 
     </span>
     <span class='ocr_line' id='line_1_69' title="bbox 931 3103 1729 3180; baseline 0.006 -16"><span class='ocrx_word' id='word_1_344' title='bbox 931 3103 1073 3174; x_wconf 89' lang='lat' dir='ltr'>trarunt,</span> <span class='ocrx_word' id='word_1_345' title='bbox 1092 3103 1180 3180; x_wconf 87' lang='lat' dir='ltr'>qnod</span> <span class='ocrx_word' id='word_1_346' title='bbox 1200 3103 1279 3164; x_wconf 91' lang='lat' dir='ltr'>olim</span> <span class='ocrx_word' id='word_1_347' title='bbox 1301 3103 1380 3166; x_wconf 83' lang='lat' dir='ltr'>ndae</span> <span class='ocrx_word' id='word_1_348' title='bbox 1396 3105 1528 3166; x_wconf 89' lang='lat' dir='ltr'>mulieri</span> <span class='ocrx_word' id='word_1_349' title='bbox 1543 3106 1729 3169; x_wconf 89' lang='lat' dir='ltr'>liberaliter</span> 
     </span>
     <span class='ocr_line' id='line_1_70' title="bbox 932 3201 1727 3273; baseline 0.009 -13"><span class='ocrx_word' id='word_1_350' title='bbox 932 3203 1179 3273; x_wconf 85' lang='lat' dir='ltr'>concesserunt,</span> <span class='ocrx_word' id='word_1_351' title='bbox 1212 3202 1249 3264; x_wconf 92' lang='lat' dir='ltr'>ut</span> <span class='ocrx_word' id='word_1_352' title='bbox 1282 3201 1319 3262; x_wconf 93' lang='lat' dir='ltr'>in</span> <span class='ocrx_word' id='word_1_353' title='bbox 1348 3217 1462 3264; x_wconf 89' lang='lat' dir='ltr'>eorum</span> <span class='ocrx_word' id='word_1_354' title='bbox 1487 3203 1658 3266; x_wconf 88' lang='lat' dir='ltr'>territorio</span> <span class='ocrx_word' id='word_1_355' title='bbox 1684 3205 1727 3267; x_wconf 93' lang='grc'>10</span> 
     </span>
     <span class='ocr_line' id='line_1_71' title="bbox 932 3293 1729 3378; baseline 0.009 -20"><span class='ocrx_word' id='word_1_356' title='bbox 932 3293 1062 3360; x_wconf 75' lang='lat' dir='ltr'>ilarnes</span> <span class='ocrx_word' id='word_1_357' title='bbox 1085 3299 1128 3360; x_wconf 91' lang='lat' dir='ltr'>ad</span> <span class='ocrx_word' id='word_1_358' title='bbox 1149 3315 1231 3376; x_wconf 89' lang='lat' dir='ltr'>opus</span> <span class='ocrx_word' id='word_1_359' title='bbox 1256 3301 1473 3376; x_wconf 89' lang='lat' dir='ltr'>quarumdam</span> <span class='ocrx_word' id='word_1_360' title='bbox 1493 3301 1729 3378; x_wconf 84' lang='lat' dir='ltr'>religiosarum</span> 
     </span>
     <span class='ocr_line' id='line_1_72' title="bbox 933 3396 1728 3478; baseline 0.009 -22"><span class='ocrx_word' id='word_1_361' title='bbox 933 3396 1109 3458; x_wconf 82' lang='lat' dir='ltr'>mulierum</span> <span class='ocrx_word' id='word_1_362' title='bbox 1129 3397 1262 3458; x_wconf 89' lang='lat' dir='ltr'>domum</span> <span class='ocrx_word' id='word_1_363' title='bbox 1279 3399 1489 3460; x_wconf 87' lang='lat' dir='ltr'>construeret</span> <span class='ocrx_word' id='word_1_364' title='bbox 1510 3401 1544 3461; x_wconf 90' lang='grc'>01</span> <span class='ocrx_word' id='word_1_365' title='bbox 1565 3401 1728 3478; x_wconf 89' lang='lat' dir='ltr'>capellam</span> 
     </span>
     <span class='ocr_line' id='line_1_73' title="bbox 932 3494 1727 3572; baseline 0.008 -18"><span class='ocrx_word' id='word_1_366' title='bbox 932 3494 1105 3571; x_wconf 85' lang='lat' dir='ltr'>ipsamque</span> <span class='ocrx_word' id='word_1_367' title='bbox 1124 3494 1258 3556; x_wconf 89' lang='lat' dir='ltr'>domum</span> <span class='ocrx_word' id='word_1_368' title='bbox 1273 3495 1314 3556; x_wconf 90' lang='lat' dir='ltr'>ab</span> <span class='ocrx_word' id='word_1_369' title='bbox 1329 3497 1419 3557; x_wconf 93' lang='lat' dir='ltr'>omni</span> <span class='ocrx_word' id='word_1_370' title='bbox 1434 3496 1639 3572; x_wconf 85' lang='lat' dir='ltr'>subjecti0ne</span> <span class='ocrx_word' id='word_1_371' title='bbox 1653 3513 1727 3561; x_wconf 89' lang='lat' dir='ltr'>me-</span> 
     </span>
     <span class='ocr_line' id='line_1_74' title="bbox 933 3591 1727 3673; baseline 0.008 -21"><span class='ocrx_word' id='word_1_372' title='bbox 933 3591 1073 3653; x_wconf 88' lang='lat' dir='ltr'>nasterli</span> <span class='ocrx_word' id='word_1_373' title='bbox 1088 3591 1152 3663; x_wconf 89' lang='lat' dir='ltr'>sui,</span> <span class='ocrx_word' id='word_1_374' title='bbox 1168 3608 1298 3653; x_wconf 91' lang='lat' dir='ltr'>necnon</span> <span class='ocrx_word' id='word_1_375' title='bbox 1313 3609 1333 3654; x_wconf 88' lang='lat' dir='ltr'>a</span> <span class='ocrx_word' id='word_1_376' title='bbox 1346 3592 1568 3655; x_wconf 89' lang='lat' dir='ltr'>decimatione</span> <span class='ocrx_word' id='word_1_377' title='bbox 1580 3611 1619 3655; x_wconf 87' lang='lat' dir='ltr'>ac</span> <span class='ocrx_word' id='word_1_378' title='bbox 1632 3597 1727 3673; x_wconf 90' lang='lat' dir='ltr'>parte</span> 
     </span>
     <span class='ocr_line' id='line_1_75' title="bbox 933 3689 1729 3766; baseline 0.009 -17"><span class='ocrx_word' id='word_1_379' title='bbox 933 3689 1147 3760; x_wconf 85' lang='lat' dir='ltr'>oblationum,</span> <span class='ocrx_word' id='word_1_380' title='bbox 1163 3705 1247 3766; x_wconf 87' lang='lat' dir='ltr'>quas</span> <span class='ocrx_word' id='word_1_381' title='bbox 1264 3689 1299 3750; x_wconf 92' lang='grc'>10</span> <span class='ocrx_word' id='word_1_382' title='bbox 1314 3689 1411 3751; x_wconf 92' lang='lat' dir='ltr'>domo</span> <span class='ocrx_word' id='word_1_383' title='bbox 1427 3691 1500 3766; x_wconf 90' lang='lat' dir='ltr'>ipsa</span> <span class='ocrx_word' id='word_1_384' title='bbox 1516 3691 1630 3753; x_wconf 83' lang='lat' dir='ltr'>offerri</span> <span class='ocrx_word' id='word_1_385' title='bbox 1646 3709 1729 3756; x_wconf 92' lang='lat' dir='ltr'>con·</span> 
     </span>
     <span class='ocr_line' id='line_1_76' title="bbox 933 3785 1728 3865; baseline 0.01 -18"><span class='ocrx_word' id='word_1_386' title='bbox 933 3785 1056 3862; x_wconf 80' lang='lat' dir='ltr'>ligant,</span> <span class='ocrx_word' id='word_1_387' title='bbox 1090 3786 1313 3848; x_wconf 82' lang='lat' dir='ltr'>absolverunt</span> <span class='ocrx_word' id='word_1_388' title='bbox 1349 3788 1511 3848; x_wconf 74' lang='lat' dir='ltr'>emtarum</span> <span class='ocrx_word' id='word_1_389' title='bbox 1537 3805 1728 3865; x_wconf 90' lang='lat' dir='ltr'>praecavere</span> 
     </span>
     <span class='ocr_line' id='line_1_77' title="bbox 932 3883 1729 3960; baseline 0.009 -16"><span class='ocrx_word' id='word_1_390' title='bbox 932 3883 1092 3955; x_wconf 76' lang='lat' dir='ltr'>uolentes,</span> <span class='ocrx_word' id='word_1_391' title='bbox 1107 3899 1150 3944; x_wconf 97' lang='grc'>00</span> <span class='ocrx_word' id='word_1_392' title='bbox 1162 3883 1352 3960; x_wconf 79' lang='lat' dir='ltr'>hujusmodi</span> <span class='ocrx_word' id='word_1_393' title='bbox 1365 3884 1548 3946; x_wconf 87' lang='lat' dir='ltr'>liberalitas</span> <span class='ocrx_word' id='word_1_394' title='bbox 1562 3886 1627 3948; x_wconf 90' lang='lat' dir='ltr'>sibi</span> <span class='ocrx_word' id='word_1_395' title='bbox 1639 3889 1729 3950; x_wconf 89' lang='lat' dir='ltr'>dam·</span> 
     </span>
     <span class='ocr_line' id='line_1_78' title="bbox 933 3980 1727 4061; baseline 0.009 -19"><span class='ocrx_word' id='word_1_396' title='bbox 933 3996 1016 4043; x_wconf 86' lang='grc'>0000</span> <span class='ocrx_word' id='word_1_397' title='bbox 1031 3982 1191 4044; x_wconf 79' lang='lat' dir='ltr'>existeret</span> <span class='ocrx_word' id='word_1_398' title='bbox 1205 3982 1241 4042; x_wconf 89' lang='grc'>10</span> <span class='ocrx_word' id='word_1_399' title='bbox 1261 3980 1408 4044; x_wconf 72' lang='lat' dir='ltr'>{uturum</span> <span class='ocrx_word' id='word_1_400' title='bbox 1422 3982 1523 4044; x_wconf 83' lang='lat' dir='ltr'>talem</span> <span class='ocrx_word' id='word_1_401' title='bbox 1539 3986 1727 4061; x_wconf 84' lang='lat' dir='ltr'>pactionem</span> 
     </span>
     <span class='ocr_line' id='line_1_79' title="bbox 934 4079 1729 4156; baseline 0.011 -16"><span class='ocrx_word' id='word_1_402' title='bbox 934 4095 1008 4140; x_wconf 85' lang='lat' dir='ltr'>oum</span> <span class='ocrx_word' id='word_1_403' title='bbox 1023 4079 1161 4156; x_wconf 86' lang='lat' dir='ltr'>praeiata</span> <span class='ocrx_word' id='word_1_404' title='bbox 1175 4079 1315 4141; x_wconf 89' lang='lat' dir='ltr'>muliere</span> <span class='ocrx_word' id='word_1_405' title='bbox 1336 4079 1496 4153; x_wconf 87' lang='lat' dir='ltr'>iecerunt,</span> <span class='ocrx_word' id='word_1_406' title='bbox 1518 4085 1555 4144; x_wconf 91' lang='lat' dir='ltr'>ut</span> <span class='ocrx_word' id='word_1_407' title='bbox 1573 4083 1729 4149; x_wconf 81' lang='lat' dir='ltr'>uidelicet</span> 
     </span>
     <span class='ocr_line' id='line_1_80' title="bbox 934 4175 1729 4258; baseline 0.01 -20"><span class='ocrx_word' id='word_1_408' title='bbox 934 4192 1084 4255; x_wconf 78' lang='lat' dir='ltr'>personae</span> <span class='ocrx_word' id='word_1_409' title='bbox 1124 4175 1291 4254; x_wconf 78' lang='lat' dir='ltr'>praedictas</span> <span class='ocrx_word' id='word_1_410' title='bbox 1328 4176 1445 4239; x_wconf 88' lang='lat' dir='ltr'>domus</span> <span class='ocrx_word' id='word_1_411' title='bbox 1486 4195 1552 4240; x_wconf 91' lang='lat' dir='ltr'>non</span> <span class='ocrx_word' id='word_1_412' title='bbox 1593 4186 1729 4258; x_wconf 88' lang='lat' dir='ltr'>possent</span> 
     </span>
     <span class='ocr_line' id='line_1_81' title="bbox 934 4273 1728 4353; baseline 0.009 -17"><span class='ocrx_word' id='word_1_413' title='bbox 934 4289 1057 4346; x_wconf 89' lang='lat' dir='ltr'>emere,</span> <span class='ocrx_word' id='word_1_414' title='bbox 1085 4289 1144 4336; x_wconf 89' lang='grc'>000</span> <span class='ocrx_word' id='word_1_415' title='bbox 1168 4273 1202 4335; x_wconf 94' lang='grc'>10</span> <span class='ocrx_word' id='word_1_416' title='bbox 1225 4274 1345 4352; x_wconf 89' lang='lat' dir='ltr'>pignus</span> <span class='ocrx_word' id='word_1_417' title='bbox 1366 4277 1528 4353; x_wconf 88' lang='lat' dir='ltr'>recipere,</span> <span class='ocrx_word' id='word_1_418' title='bbox 1552 4281 1609 4340; x_wconf 92' lang='lat' dir='ltr'>aut</span> <span class='ocrx_word' id='word_1_419' title='bbox 1631 4282 1728 4343; x_wconf 90' lang='lat' dir='ltr'>titulo</span> 
     </span>
     <span class='ocr_line' id='line_1_82' title="bbox 935 4373 1730 4449; baseline 0.008 -17"><span class='ocrx_word' id='word_1_420' title='bbox 935 4387 1143 4449; x_wconf 85' lang='lat' dir='ltr'>quocumque</span> <span class='ocrx_word' id='word_1_421' title='bbox 1175 4373 1350 4449; x_wconf 86' lang='lat' dir='ltr'>acquirere</span> <span class='ocrx_word' id='word_1_422' title='bbox 1383 4374 1627 4449; x_wconf 90' lang='lat' dir='ltr'>possessionem</span> <span class='ocrx_word' id='word_1_423' title='bbox 1664 4378 1730 4438; x_wconf 91' lang='lat' dir='ltr'>ali-</span> 
     </span>
     <span class='ocr_line' id='line_1_83' title="bbox 936 4467 1728 4548; baseline 0.01 -19"><span class='ocrx_word' id='word_1_424' title='bbox 936 4484 1034 4547; x_wconf 90' lang='lat' dir='ltr'>quam</span> <span class='ocrx_word' id='word_1_425' title='bbox 1059 4468 1100 4532; x_wconf 92' lang='lat' dir='ltr'>ad</span> <span class='ocrx_word' id='word_1_426' title='bbox 1124 4467 1298 4546; x_wconf 84' lang='lat' dir='ltr'>praelatum</span> <span class='ocrx_word' id='word_1_427' title='bbox 1322 4469 1528 4532; x_wconf 86' lang='lat' dir='ltr'>territorium</span> <span class='ocrx_word' id='word_1_428' title='bbox 1553 4473 1728 4548; x_wconf 91' lang='lat' dir='ltr'>pertinen-</span> 
     </span>
     <span class='ocr_line' id='line_1_84' title="bbox 934 4566 1728 4643; baseline 0.009 -15"><span class='ocrx_word' id='word_1_429' title='bbox 934 4567 1011 4639; x_wconf 88' lang='lat' dir='ltr'>tem,</span> <span class='ocrx_word' id='word_1_430' title='bbox 1040 4581 1221 4643; x_wconf 91' lang='lat' dir='ltr'>eorumque</span> <span class='ocrx_word' id='word_1_431' title='bbox 1247 4566 1496 4628; x_wconf 80' lang='lat' dir='ltr'>consessionem</span> <span class='ocrx_word' id='word_1_432' title='bbox 1523 4567 1642 4632; x_wconf 86' lang='lat' dir='ltr'>tactam</span> <span class='ocrx_word' id='word_1_433' title='bbox 1668 4571 1728 4634; x_wconf 87' lang='lat' dir='ltr'>sub</span> 
     </span>
     <span class='ocr_line' id='line_1_85' title="bbox 935 4663 1729 4748; baseline 0.009 -22"><span class='ocrx_word' id='word_1_434' title='bbox 935 4665 1089 4742; x_wconf 87' lang='lat' dir='ltr'>pactione</span> <span class='ocrx_word' id='word_1_435' title='bbox 1112 4663 1301 4740; x_wconf 71' lang='lat' dir='ltr'>huiusmodi</span> <span class='ocrx_word' id='word_1_436' title='bbox 1325 4663 1534 4726; x_wconf 86' lang='lat' dir='ltr'>dioecesanns</span> <span class='ocrx_word' id='word_1_437' title='bbox 1551 4668 1729 4748; x_wconf 86' lang='lat' dir='ltr'>episcopus</span> 
     </span>
    </p>
   </div>
   <div class='ocr_carea' id='block_1_16' title="bbox 85 4760 1733 5721">
    <p class='ocr_par' dir='ltr' id='par_1_17' title="bbox 85 4760 1733 5721">
     <span class='ocr_line' id='line_1_86' title="bbox 85 4760 1726 4843; baseline 0.002 -17"><span class='ocrx_word' id='word_1_438' title='bbox 85 4779 165 4843; x_wconf 84' lang='lat' dir='ltr'>gare</span> <span class='ocrx_word' id='word_1_439' title='bbox 190 4760 414 4840; x_wconf 71' lang='lat' dir='ltr'>penitentias,</span> <span class='ocrx_word' id='word_1_440' title='bbox 429 4761 462 4822; x_wconf 90' lang='grc'>01</span> <span class='ocrx_word' id='word_1_441' title='bbox 482 4760 787 4823; x_wconf 81' lang='lat' dir='ltr'>excommunicatos</span> <span class='ocrx_word' id='word_1_442' title='bbox 801 4762 881 4824; x_wconf 87' lang='lat' dir='ltr'>illos</span> <span class='ocrx_word' id='word_1_443' title='bbox 936 4762 978 4823; x_wconf 92' lang='lat' dir='ltr'>ad</span> <span class='ocrx_word' id='word_1_444' title='bbox 989 4761 1139 4839; x_wconf 87' lang='lat' dir='ltr'>ipsorum</span> <span class='ocrx_word' id='word_1_445' title='bbox 1152 4763 1185 4823; x_wconf 88' lang='lat' dir='ltr'>et</span> <span class='ocrx_word' id='word_1_446' title='bbox 1196 4760 1343 4838; x_wconf 71' lang='lat' dir='ltr'>praelata</span> <span class='ocrx_word' id='word_1_447' title='bbox 1358 4761 1508 4824; x_wconf 88' lang='lat' dir='ltr'>mulieris</span> <span class='ocrx_word' id='word_1_448' title='bbox 1522 4765 1726 4842; x_wconf 87' lang='lat' dir='ltr'>instantiam,</span> 
     </span>
     <span class='ocr_line' id='line_1_87' title="bbox 86 4857 1732 4941; baseline 0.003 -17"><span class='ocrx_word' id='word_1_449' title='bbox 86 4857 882 4937; x_wconf 72' lang='grc'>010000000001001000000101000000-</span> <span class='ocrx_word' id='word_1_450' title='bbox 936 4858 1143 4937; x_wconf 86' lang='lat' dir='ltr'>approbavit.</span> <span class='ocrx_word' id='word_1_451' title='bbox 1178 4860 1324 4937; x_wconf 76' lang='grc'>1001000</span> <span class='ocrx_word' id='word_1_452' title='bbox 1358 4857 1537 4932; x_wconf 89' lang='lat' dir='ltr'>abbatissa,</span> <span class='ocrx_word' id='word_1_453' title='bbox 1575 4881 1648 4941; x_wconf 88' lang='lat' dir='ltr'>quaa</span> <span class='ocrx_word' id='word_1_454' title='bbox 1683 4867 1732 4928; x_wconf 92' lang='lat' dir='ltr'>ibi</span> 
     </span>
     <span class='ocr_line' id='line_1_88' title="bbox 85 4955 1728 5038; baseline 0.001 -15"><span class='ocrx_word' id='word_1_455' title='bbox 85 4959 181 5023; x_wconf 89' lang='lat' dir='ltr'>mode</span> <span class='ocrx_word' id='word_1_456' title='bbox 194 4973 260 5022; x_wconf 91' lang='grc'>000</span> <span class='ocrx_word' id='word_1_457' title='bbox 270 4955 597 5034; x_wconf 82' lang='lat' dir='ltr'>possuntacceder03</span> <span class='ocrx_word' id='word_1_458' title='bbox 612 4955 776 5033; x_wconf 85' lang='lat' dir='ltr'>liceatque</span> <span class='ocrx_word' id='word_1_459' title='bbox 788 4955 882 5018; x_wconf 88' lang='lat' dir='ltr'>robis</span> <span class='ocrx_word' id='word_1_460' title='bbox 937 4959 1049 5019; x_wconf 90' lang='lat' dir='ltr'>creata</span> <span class='ocrx_word' id='word_1_461' title='bbox 1065 4956 1271 5034; x_wconf 90' lang='lat' dir='ltr'>postmodum</span> <span class='ocrx_word' id='word_1_462' title='bbox 1286 4956 1405 5030; x_wconf 84' lang='lat' dir='ltr'>extitit,</span> <span class='ocrx_word' id='word_1_463' title='bbox 1420 4959 1453 5019; x_wconf 92' lang='lat' dir='ltr'>et</span> <span class='ocrx_word' id='word_1_464' title='bbox 1465 4975 1597 5022; x_wconf 90' lang='lat' dir='ltr'>sorores</span> <span class='ocrx_word' id='word_1_465' title='bbox 1612 4962 1728 5038; x_wconf 86' lang='lat' dir='ltr'>ipsius,</span> 
     </span>
     <span class='ocr_line' id='line_1_89' title="bbox 88 5041 1731 5131; baseline 0.002 -12"><span class='ocrx_word' id='word_1_466' title='bbox 88 5059 122 5120; x_wconf 92' lang='grc'>10</span> <span class='ocrx_word' id='word_1_467' title='bbox 149 5041 239 5122; x_wconf 85' lang='lat' dir='ltr'>terra</span> <span class='ocrx_word' id='word_1_468' title='bbox 266 5055 325 5116; x_wconf 88' lang='lat' dir='ltr'>illa</span> <span class='ocrx_word' id='word_1_469' title='bbox 355 5055 390 5114; x_wconf 91' lang='lat' dir='ltr'>in</span> <span class='ocrx_word' id='word_1_470' title='bbox 419 5067 583 5129; x_wconf 85' lang='lat' dir='ltr'>eosquos</span> <span class='ocrx_word' id='word_1_471' title='bbox 608 5053 784 5116; x_wconf 88' lang='lat' dir='ltr'>haereticos</span> <span class='ocrx_word' id='word_1_472' title='bbox 808 5069 882 5118; x_wconf 88' lang='lat' dir='ltr'>esse</span> <span class='ocrx_word' id='word_1_473' title='bbox 936 5054 1445 5125; x_wconf 81' lang='lat' dir='ltr'>cisterciensisordints,venire</span> <span class='ocrx_word' id='word_1_474' title='bbox 1461 5059 1635 5131; x_wconf 76' lang='lat' dir='ltr'>matraid,</span> <span class='ocrx_word' id='word_1_475' title='bbox 1653 5059 1731 5124; x_wconf 92' lang='lat' dir='ltr'>inde</span> 
     </span>
     <span class='ocr_line' id='line_1_90' title="bbox 89 5149 1731 5225; baseline 0.001 -7"><span class='ocrx_word' id='word_1_476' title='bbox 89 5153 284 5224; x_wconf 85' lang='lat' dir='ltr'>constiterit,</span> <span class='ocrx_word' id='word_1_477' title='bbox 307 5149 664 5214; x_wconf 80' lang='lat' dir='ltr'>excommunIcationIs</span> <span class='ocrx_word' id='word_1_478' title='bbox 683 5153 882 5216; x_wconf 87' lang='lat' dir='ltr'>sententiam</span> <span class='ocrx_word' id='word_1_479' title='bbox 937 5151 1005 5224; x_wconf 87' lang='lat' dir='ltr'>lite,</span> <span class='ocrx_word' id='word_1_480' title='bbox 1017 5152 1230 5225; x_wconf 89' lang='lat' dir='ltr'>attentarent,</span> <span class='ocrx_word' id='word_1_481' title='bbox 1243 5151 1350 5213; x_wconf 91' lang='lat' dir='ltr'>dictus</span> <span class='ocrx_word' id='word_1_482' title='bbox 1363 5153 1465 5214; x_wconf 88' lang='lat' dir='ltr'>abbas</span> <span class='ocrx_word' id='word_1_483' title='bbox 1474 5155 1591 5218; x_wconf 87' lang='lat' dir='ltr'>volens</span> <span class='ocrx_word' id='word_1_484' title='bbox 1600 5157 1731 5220; x_wconf 91' lang='lat' dir='ltr'>indem-</span> 
     </span>
     <span class='ocr_line' id='line_1_91' title="bbox 90 5247 1731 5330; baseline 0.003 -16"><span class='ocrx_word' id='word_1_485' title='bbox 90 5250 310 5330; x_wconf 84' lang='lat' dir='ltr'>promulgare.</span> <span class='ocrx_word' id='word_1_486' title='bbox 349 5247 540 5310; x_wconf 82' lang='lat' dir='ltr'>inhibemus</span> <span class='ocrx_word' id='word_1_487' title='bbox 572 5263 713 5325; x_wconf 89' lang='lat' dir='ltr'>quoque,</span> <span class='ocrx_word' id='word_1_488' title='bbox 752 5265 794 5312; x_wconf 90' lang='grc'>00</span> <span class='ocrx_word' id='word_1_489' title='bbox 828 5251 883 5314; x_wconf 88' lang='grc'>001</span> <span class='ocrx_word' id='word_1_490' title='bbox 939 5249 1033 5312; x_wconf 91' lang='lat' dir='ltr'>nitati</span> <span class='ocrx_word' id='word_1_491' title='bbox 1055 5249 1107 5310; x_wconf 90' lang='lat' dir='ltr'>sui</span> <span class='ocrx_word' id='word_1_492' title='bbox 1126 5250 1322 5310; x_wconf 90' lang='lat' dir='ltr'>monasterii</span> <span class='ocrx_word' id='word_1_493' title='bbox 1346 5265 1547 5326; x_wconf 70' lang='lat' dir='ltr'>precavere,</span> <span class='ocrx_word' id='word_1_494' title='bbox 1571 5251 1650 5317; x_wconf 87' lang='lat' dir='ltr'>iecit</span> <span class='ocrx_word' id='word_1_495' title='bbox 1669 5256 1731 5320; x_wconf 88' lang='grc'>001</span> 
     </span>
     <span class='ocr_line' id='line_1_92' title="bbox 90 5345 1733 5424; baseline 0.002 -12"><span class='ocrx_word' id='word_1_496' title='bbox 90 5349 276 5412; x_wconf 86' lang='lat' dir='ltr'>Christiano</span> <span class='ocrx_word' id='word_1_497' title='bbox 294 5347 395 5408; x_wconf 88' lang='lat' dir='ltr'>liceat</span> <span class='ocrx_word' id='word_1_498' title='bbox 417 5361 477 5406; x_wconf 79' lang='lat' dir='ltr'>ros</span> <span class='ocrx_word' id='word_1_499' title='bbox 499 5345 540 5406; x_wconf 92' lang='lat' dir='ltr'>de</span> <span class='ocrx_word' id='word_1_500' title='bbox 563 5345 653 5408; x_wconf 87' lang='lat' dir='ltr'>terra</span> <span class='ocrx_word' id='word_1_501' title='bbox 678 5346 737 5410; x_wconf 91' lang='lat' dir='ltr'>illa</span> <span class='ocrx_word' id='word_1_502' title='bbox 762 5347 883 5424; x_wconf 74' lang='lat' dir='ltr'>eiicere</span> <span class='ocrx_word' id='word_1_503' title='bbox 938 5347 1029 5410; x_wconf 82' lang='lat' dir='ltr'>certa</span> <span class='ocrx_word' id='word_1_504' title='bbox 1042 5360 1140 5424; x_wconf 82' lang='lat' dir='ltr'>poena</span> <span class='ocrx_word' id='word_1_505' title='bbox 1152 5347 1189 5408; x_wconf 91' lang='lat' dir='ltr'>ln</span> <span class='ocrx_word' id='word_1_506' title='bbox 1204 5346 1286 5408; x_wconf 83' lang='lat' dir='ltr'>villa</span> <span class='ocrx_word' id='word_1_507' title='bbox 1301 5347 1341 5408; x_wconf 88' lang='grc'>10</span> <span class='ocrx_word' id='word_1_508' title='bbox 1356 5349 1486 5410; x_wconf 88' lang='lat' dir='ltr'>Harnes</span> <span class='ocrx_word' id='word_1_509' title='bbox 1501 5351 1625 5414; x_wconf 91' lang='lat' dir='ltr'>arctius</span> <span class='ocrx_word' id='word_1_510' title='bbox 1641 5353 1733 5416; x_wconf 91' lang='lat' dir='ltr'>inbi-</span> 
     </span>
     <span class='ocr_line' id='line_1_93' title="bbox 89 5443 1732 5523; baseline 0.002 -12"><span class='ocrx_word' id='word_1_511' title='bbox 89 5447 261 5511; x_wconf 82' lang='lat' dir='ltr'>riolenter.</span> <span class='ocrx_word' id='word_1_512' title='bbox 278 5443 495 5519; x_wconf 84' lang='lat' dir='ltr'>Praecipirnus</span> <span class='ocrx_word' id='word_1_513' title='bbox 515 5445 625 5504; x_wconf 91' lang='lat' dir='ltr'>autem</span> <span class='ocrx_word' id='word_1_514' title='bbox 650 5443 744 5505; x_wconf 89' lang='lat' dir='ltr'>vobis</span> <span class='ocrx_word' id='word_1_515' title='bbox 765 5445 800 5505; x_wconf 94' lang='lat' dir='ltr'>in</span> <span class='ocrx_word' id='word_1_516' title='bbox 814 5446 885 5506; x_wconf 81' lang='lat' dir='ltr'>vir·</span> <span class='ocrx_word' id='word_1_517' title='bbox 938 5445 1021 5516; x_wconf 80' lang='lat' dir='ltr'>beri,</span> <span class='ocrx_word' id='word_1_518' title='bbox 1043 5459 1084 5506; x_wconf 90' lang='grc'>00</span> <span class='ocrx_word' id='word_1_519' title='bbox 1106 5443 1180 5522; x_wconf 87' lang='grc'>0010</span> <span class='ocrx_word' id='word_1_520' title='bbox 1200 5443 1240 5506; x_wconf 91' lang='grc'>10</span> <span class='ocrx_word' id='word_1_521' title='bbox 1262 5445 1341 5506; x_wconf 89' lang='lat' dir='ltr'>villa</span> <span class='ocrx_word' id='word_1_522' title='bbox 1363 5445 1437 5522; x_wconf 88' lang='lat' dir='ltr'>ipsa</span> <span class='ocrx_word' id='word_1_523' title='bbox 1456 5447 1605 5523; x_wconf 84' lang='lat' dir='ltr'>praelatis</span> <span class='ocrx_word' id='word_1_524' title='bbox 1624 5451 1732 5514; x_wconf 90' lang='lat' dir='ltr'>abba-</span> 
     </span>
     <span class='ocr_line' id='line_1_94' title="bbox 89 5539 1733 5626; baseline 0.002 -16"><span class='ocrx_word' id='word_1_525' title='bbox 89 5550 162 5610; x_wconf 85' lang='lat' dir='ltr'>tuta·</span> <span class='ocrx_word' id='word_1_526' title='bbox 179 5544 305 5606; x_wconf 87' lang='lat' dir='ltr'>sanctae</span> <span class='ocrx_word' id='word_1_527' title='bbox 329 5539 539 5612; x_wconf 85' lang='lat' dir='ltr'>obedientiae,</span> <span class='ocrx_word' id='word_1_528' title='bbox 561 5541 597 5602; x_wconf 94' lang='lat' dir='ltr'>ut</span> <span class='ocrx_word' id='word_1_529' title='bbox 615 5541 668 5602; x_wconf 87' lang='grc'>110</span> <span class='ocrx_word' id='word_1_530' title='bbox 695 5542 884 5604; x_wconf 89' lang='lat' dir='ltr'>nullatenus</span> <span class='ocrx_word' id='word_1_531' title='bbox 939 5543 1030 5604; x_wconf 87' lang='grc'>110000</span> <span class='ocrx_word' id='word_1_532' title='bbox 1045 5557 1084 5603; x_wconf 88' lang='grc'>00</span> <span class='ocrx_word' id='word_1_533' title='bbox 1099 5541 1269 5603; x_wconf 88' lang='lat' dir='ltr'>sororibus</span> <span class='ocrx_word' id='word_1_534' title='bbox 1284 5543 1512 5618; x_wconf 89' lang='lat' dir='ltr'>possessiones</span> <span class='ocrx_word' id='word_1_535' title='bbox 1527 5547 1657 5626; x_wconf 86' lang='lat' dir='ltr'>aliquas</span> <span class='ocrx_word' id='word_1_536' title='bbox 1672 5549 1733 5614; x_wconf 91' lang='grc'>10-</span> 
     </span>
     <span class='ocr_line' id='line_1_95' title="bbox 89 5637 1732 5721; baseline 0.004 -16"><span class='ocrx_word' id='word_1_537' title='bbox 89 5641 299 5721; x_wconf 86' lang='lat' dir='ltr'>praesnmatis</span> <span class='ocrx_word' id='word_1_538' title='bbox 315 5637 418 5710; x_wconf 89' lang='lat' dir='ltr'>abuti,</span> <span class='ocrx_word' id='word_1_539' title='bbox 435 5637 493 5700; x_wconf 89' lang='grc'>001</span> <span class='ocrx_word' id='word_1_540' title='bbox 510 5639 679 5714; x_wconf 80' lang='lat' dir='ltr'>tamquam</span> <span class='ocrx_word' id='word_1_541' title='bbox 699 5637 885 5701; x_wconf 77' lang='lat' dir='ltr'>inconfusi·</span> <span class='ocrx_word' id='word_1_542' title='bbox 940 5642 1045 5712; x_wconf 85' lang='lat' dir='ltr'>naret,</span> <span class='ocrx_word' id='word_1_543' title='bbox 1063 5638 1221 5702; x_wconf 87' lang='lat' dir='ltr'>venderet</span> <span class='ocrx_word' id='word_1_544' title='bbox 1239 5639 1292 5702; x_wconf 88' lang='lat' dir='ltr'>vel</span> <span class='ocrx_word' id='word_1_545' title='bbox 1307 5639 1444 5718; x_wconf 84' lang='lat' dir='ltr'>legaret.</span> <span class='ocrx_word' id='word_1_546' title='bbox 1463 5642 1638 5710; x_wconf 79' lang='grc'>1111011000</span> <span class='ocrx_word' id='word_1_547' title='bbox 1655 5663 1732 5712; x_wconf 82' lang='lat' dir='ltr'>vero</span> 
     </span>
    </p>
   </div>
   <div class='ocr_carea' id='block_1_17' title="bbox 0 0 2033 6324">
    <p class='ocr_par' dir='ltr' id='par_1_18' title="bbox 0 0 2033 6324">
     <span class='ocr_line' id='line_1_96' title="bbox 0 0 2033 6324; baseline 0 0"><span class='ocrx_word' id='word_1_548' title='bbox 0 0 2033 6324; x_wconf 95' lang='lat' dir='ltr'> </span> 
     </span>
    </p>
   </div>
  </div>
 </body>
</html>
