3948 6326
280 313 342 377 595
897 315 1074 377 nonoan
1095 315 1141 376 111
1162 315 1310 378 OPERA.
1860 323 1905 384 aaa

223 469 239 488 ‘
320 475 521 544 Praedictum
536 489 615 551 ergo
630 459 775 552 legatum
790 472 831 536 ad
846 474 879 535 te
890 489 965 535 cum
979 473 1075 536 iesti—
1129 474 1256 538 caciter
1268 473 1427 536 inducere
1441 474 1574 538 studeas
1587 475 1628 538 ad
1641 492 1756 554 pacem
1770 493 1841 539 cum
1852 481 1905 543 beo

281 573 397 636 nantia
414 574 607 650 dirigentes,
625 574 692 634 tuae
708 571 903 634 serenitatis
921 571 1073 634 devotio·
1129 572 1161 634 et
1189 575 1261 648 ejus
1288 573 1436 634 Ecclesia
1456 574 1621 636 veraciter
1644 573 1828 636 taciendam
1845 598 1852 636 :
1869 579 1906 640 ita

281 687 357 732 nem
373 672 407 732 et
420 670 702 746 magnificentiam
719 683 885 744 rogamus,
903 684 1074 730 monemus
1129 669 1214 747 quod
1226 670 1259 730 et
1270 671 1360 730 terra
1372 672 1531 746 purgetur
1540 670 1719 744 haereticis,
1731 675 1766 733 et
1776 673 1905 735 ecclesiis

282 771 316 830 et
336 769 547 830 obsecramus
571 783 630 843 per
652 767 878 842 aspersionem
900 765 1074 840 sanguinis
1129 781 1169 827 ac
1192 766 1274 826 viris
1296 767 1534 830 ecclesiasticis
1554 783 1700 843 congrue
1723 770 1859 831 satisfiat
1875 771 1905 832 de

280 867 361 928 Jesu
375 863 509 934 Christi,
522 863 578 940 qui
591 878 651 938 pro
663 863 696 924 te
709 862 807 922 morti
820 861 929 921 crucis
940 861 1076 923 tradidit
1130 862 1259 924 damnis
1283 865 1316 926 et
1340 865 1475 942 injuriis
1505 865 1666 927 hactenus
1699 867 1863 942 irrogatis,
1882 869 1906 930 et

282 961 505 1037 semetipsum,
523 961 696 1036 quatenus,
718 974 792 1019 cum
807 973 867 1034 pro
883 959 974 1019 certo
997 973 1074 1018 cre·
1130 961 1343 1036 provideatur
1357 961 1502 1024 libertati
1523 962 1759 1024 ecclesiasticae
1781 965 1814 1023 in
1834 965 1907 1026 futu·

283 1056 382 1119 datur
407 1057 492 1134 quod
515 1055 637 1117 nobilis
651 1055 704 1117 vir
719 1058 777 1128 R„
799 1055 886 1115 lilius
910 1054 1075 1132 quondam
1130 1072 1214 1130 rum,
1225 1059 1258 1120 et
1267 1058 1386 1120 honori
1403 1059 1515 1120 dilecti
1526 1059 1587 1120 lilii
1603 1059 1724 1120 nobilis
1733 1061 1800 1123 viri
1812 1063 1907 1123 Arnd-

283 1157 323 1216 R.
336 1155 466 1216 comitis
481 1154 648 1225 Tolosani,
672 1153 908 1230 magnitudinis
926 1154 991 1213 tuae
1010 1167 1075 1228 po·
1129 1153 1191 1214 rici
1220 1155 1350 1216 comitis
1369 1156 1537 1228 Tolosani,
1565 1157 1633 1234 qui,
1661 1157 1748 1219 sicut
1770 1159 1803 1220 et
1824 1158 1906 1220 clara

281 1251 419 1313 tentiam
430 1251 513 1312 adeo
524 1249 728 1322 reformidat,
738 1249 836 1328 quod,
846 1249 875 1310 si
885 1249 1076 1324 cognoverit
1130 1253 1298 1314 memoria
1312 1253 1425 1314 Simon
1440 1253 1534 1330 pater
1549 1256 1621 1332 ejus
1635 1269 1695 1331 pro
1708 1255 1843 1316 servitio
1859 1257 1907 1317 bei

281 1349 316 1411 te
334 1350 448 1409 contra
465 1363 541 1410 eum
562 1363 606 1410 ex
620 1347 732 1410 animo
750 1347 836 1410 aelle
851 1346 929 1409 totis
948 1345 1076 1408 viribus
1130 1349 1163 1412 et
1185 1350 1384 1426 apostoncae
1405 1349 1500 1412 Sedis
1521 1351 1676 1428 exposuit
1698 1353 1905 1430 semetipsum,
1956 1351 1957 1386 ³

282 1445 342 1517 uti,
355 1459 413 1507 eas
424 1447 619 1522 exspectare
629 1444 839 1523 aliquatenus
852 1459 918 1505 non
929 1443 1073 1514 audebit,
1129 1448 1264 1523 prepter
1296 1446 1381 1526 quod
1415 1447 1479 1508 sibi
1508 1463 1575 1509 non
1608 1464 1785 1526 possumus
1812 1450 1907 1526 aliqua

282 1542 340 1605 sed
365 1542 530 1603 mandatis
554 1541 711 1604 Ecclesiae
739 1539 870 1621 [qulbus
891 1543 925 1602 et
948 1539 1075 1602 utinam
1130 1543 1259 1605 radone
1278 1543 1406 1612 deesse,
1422 1544 1458 1604 in
1472 1544 1543 1622 ipsa
1559 1561 1652 1623 pace,
1668 1548 1827 1622 quantum
1847 1547 1905 1607 ded

281 1655 360 1702 vera
378 1638 552 1702 devotione
570 1655 606 1700 se
621 1639 719 1701 offert
733 1637 815 1718 (1)l]
839 1636 968 1716 parebit
977 1637 1075 1713 juxta
1131 1641 1260 1718 poterit,
1278 1641 1446 1703 deleratur
1465 1662 1473 1700 ε
1490 1642 1576 1718 quod
1592 1658 1691 1720 super
1705 1643 1769 1704 boc
1786 1644 1907 1706 innene-

281 1736 347 1798 tuae
368 1735 612 1812 beneplacitum
630 1735 821 1808 voluntatis,
844 1735 952 1812 ipsum
973 1734 1076 1810 regiis
1130 1737 1188 1810 ris,
1201 1737 1296 1799 nobis
1309 1737 1462 1800 celeriter
1475 1739 1697 1816 rescripturus
1710 1737 1772 1818 (2).
1788 1739 1904 1802 sienim
1957 1784 1958 1808 ,

280 1833 592 1895 commonitionibus
614 1833 647 1894 et
669 1831 981 1895 comminationibus
1002 1830 1078 1892 elil·
1131 1833 1194 1896 hoc
1216 1833 1336 1896 leceris
1359 1832 1409 1912 (ut
1428 1833 1469 1896 de
1490 1849 1602 1896 rerum
1616 1834 1790 1912 dispendio
1808 1837 1905 1898 tacea-
1957 1821 1958 1854 ³

282 2038 401 2095 multum
436 2038 513 2110 ejora
526 2037 679 2120 prioribus,
695 2036 763 2095 dum
779 2053 844 2094 arca
861 2037 973 2094 bomini
993 2043 1075 2108 capta
1131 2051 1188 2094 non
1200 2044 1341 2109 poterunt,
1358 2035 1450 2094 donee
1464 2038 1541 2109 prius
1555 2035 1732 2095 satisfactum
1749 2033 1828 2094 luerit
1841 2053 1903 2094 cem·

280 2110 318 2167 sit
337 2107 372 2165 ab
391 2055 549 2190 aflophyhs
563 2107 756 2190 [Philistlnis],
772 2115 800 2164 et
815 2123 872 2164 nou
888 2108 980 2164 solum
995 2106 1076 2178 iuxta
1132 2115 1270 2180 petentur.

282 2177 360 2246 Seth,
377 2178 527 2236 sedetiam
548 2179 600 2235 sub
620 2178 739 2262 pedibus
758 2181 859 2250 Dagon
875 2178 959 2236 nimis
973 2185 1073 2234 contu·
1165 2179 1190 2234 5.
1210 2175 1432 2250 ltemdetreuga
1449 2191 1534 2248 quam
1549 2176 1682 2233 dominus
1697 2179 1774 2249 Papa
1789 2185 1815 2233 et
1826 2177 1902 2232 domi·
1958 2242 1959 2256 χ

282 2250 400 2306 melione
415 2256 544 2306 teneatur
558 2257 680 2321 captiva.
693 2247 814 2306 Proinde
831 2247 1075 2320 magnificentiam
1131 2263 1185 2306 nus
1197 2263 1247 2304 rex
1258 2247 1511 2318 ierosolymitanus
1525 2254 1610 2304 etrex
1621 2248 1736 2320 Augila
1749 2255 1841 2319 petunt
1851 2263 1903 2318 pro·
1958 2259 1959 2310 ξ

282 2326 418 2385 vestram,
447 2319 629 2376 serenissime
655 2319 803 2392 princeps,
833 2317 998 2392 adjuramus
1027 2332 1077 2390 per
1131 2319 1237 2391 rogari,
1252 2316 1460 2376 vultdominus
1474 2323 1557 2374 reret
1571 2316 1641 2390 petit
1655 2317 1732 2389 quod
1746 2318 1781 2374 ab
1804 2317 1904 2374 instanti
1958 2319 1959 2326 ’

281 2391 380 2447 lesam
395 2388 545 2455 Christum,
562 2397 698 2462 quantum
710 2405 871 2461 possumus,
882 2404 952 2446 voce
966 2389 1076 2460 singul·
1130 2388 1274 2445 indecem
1304 2403 1395 2445 annos
1416 2395 1584 2461 prorogetur
1602 2389 1675 2444 inter
1694 2403 1726 2444 se
1748 2395 1777 2444 et
1795 2387 1904 2444 heredes

283 2465 346 2516 tosa
359 2466 387 2516 et
399 2459 573 2532 lacrymabili
586 2461 788 2532 supplicantes,
804 2467 956 2532 quatenus,
971 2473 1073 2516 secun
1131 2473 1198 2516 suos
1212 2474 1247 2515 ex
1261 2473 1316 2516 una
1333 2466 1422 2530 parte,
1439 2465 1467 2514 et
1479 2473 1579 2532 regem
1599 2457 1713 2530 Angliae
1736 2473 1770 2514 ex
1785 2459 1905 2526 alteraet

282 2529 351 2587 dum
381 2531 535 2601 potentiam
560 2545 575 2588 a
601 2533 659 2587 ileo
682 2530 764 2586 vobis
788 2529 931 2598 traditam,
958 2529 1076 2586 excitari
1131 2529 1257 2586 firmetur
1271 2529 1419 2600 utriusque
1437 2529 1614 2600 juramento;
1640 2529 1676 2584 ita
1699 2527 1903 2600 quoddominus

282 2598 442 2672 dignemini
457 2615 522 2657 cum
537 2601 641 2657 auxillo
653 2601 729 2658 illius
745 2601 793 2672 qui
808 2601 929 2673 imperat
943 2600 1036 2656 ventis
1048 2607 1078 2656 et
1132 2614 1181 2656 rex
1195 2608 1224 2657 et
1233 2599 1360 2660 heredes
1370 2600 1424 2667 sui,
1436 2598 1765 2672 etimprisliremaneant
1778 2597 1806 2655 in
1819 2597 1903 2653 eadem

283 2671 366 2738 mari,
380 2679 408 2729 et
423 2670 572 2728 ostendere
586 2685 637 2744 per
651 2671 783 2728 ellectum
805 2671 900 2743 operis
917 2669 1076 2740 evidenter,
1131 2678 1248 2727 teneura
1263 2677 1291 2727 et
1306 2669 1411 2726 saisina
1433 2670 1461 2726 in
1484 2683 1539 2740 qua
1566 2676 1631 2725 sunt
1654 2667 1740 2725 modo
1761 2676 1789 2725 et
1808 2666 1901 2724 luerunt
1959 2700 1960 2720 a

282 2747 406 2814 quantus
418 2739 498 2798 dolor
511 2742 546 2799 sit
559 2741 588 2798 in
599 2749 712 2813 pectore
729 2748 823 2799 vestro
836 2740 872 2798 de
887 2749 963 2798 tanta
974 2747 1074 2798 contu·
1131 2749 1259 2813 ternpore
1287 2739 1403 2796 alterius
1425 2745 1548 2811 treugam
1572 2745 1601 2795 et
1621 2745 1730 2796 tantam
1742 2739 1800 2796 vult
1817 2738 1901 2795 babere

283 2810 369 2868 melia
392 2814 417 2869 l.
442 2811 471 2870 C.
496 2826 553 2867 non
584 2811 769 2884 desperantes
794 2812 862 2884 quain
886 2819 961 2874 terra
988 2811 1078 2884 possit
1132 2811 1372 2884 prorogationem,
1393 2824 1492 2882 proeo
1512 2809 1588 2882 quod
1611 2809 1703 2866 nescit
1719 2807 1900 2880 quantumdu·

282 2881 390 2952 aequin
410 2895 460 2954 per
476 2890 600 2940 vestrum
616 2883 804 2940 ministerium
821 2889 850 2940 et
869 2881 987 2940 aliorum
1006 2880 1074 2938 llde·
1131 2882 1204 2940 rabit
1218 2882 1375 2954 negotium,
1390 2888 1419 2938 et
1442 2881 1470 2936 lu
1486 2879 1548 2951 ipso
1571 2881 1688 2962 negotio
1707 2879 1821 2938 nudabit
1839 2894 1866 2936 se
1880 2885 1901 2934 et

282 2952 407 3034 lium,·et
419 2950 514 3010 reduci
525 2951 563 3034 ad
575 2953 797 3012 ecelesiasticam
813 2955 962 3012 unitatem.
973 2954 1076 3010 Datum

282 3023 387 3081 Montis
408 3023 581 3090 essnlau1,ll
594 3021 651 3081 hal.
668 3021 811 3081 februarii.

335 3093 361 3162 l)
381 3037 538 3164 Bagradam
551 3092 661 3152 oderat.
739 3163 744 3174 ι

333 3163 361 3235 2)
376 3164 464 3235 Regis
478 3165 644 3245 rescriptum
659 3162 843 3236 intelligimus
856 3177 892 3220 ax
904 3162 1004 3222 litteris
1017 3165 1074 3220 llo·

285 3235 367 3317 norlo
379 3249 414 3290 ex
428 3241 506 3305 parte
519 3247 596 3306 regas
610 3233 721 3296 oblatis,
737 3247 808 3304 quas
819 3234 946 3316 vulgayit
960 3233 1074 3292 Vuisse·

284 3311 350 3368 trus,
365 3309 386 3360 t.
403 3305 454 3371 lll,
471 3303 592 3375 probat,
603 3304 658 3360 col.
674 3303 736 3370 292,
751 3317 815 3359 cnm
829 3302 884 3359 hoe
895 3303 995 3360 titulo:

285 3417 386 3474 Petilio
399 3417 436 3473 nd
453 3417 561 3488 Papam
573 3432 626 3488 pro
640 3433 703 3487 rege
716 3433 779 3472 cum
799 3417 849 3473 ibit
864 3417 1077 3489 tortilianum

548 3493 646 3544 contro
657 3489 809 3544 baereticae.

320 3587 346 3641 l.
364 3585 436 3642 Petit
450 3583 582 3642 dominus
605 3599 665 3647 rex.
690 3583 765 3656 quod
784 3585 846 3656 ipse
870 3592 898 3642 et
918 3599 1020 3643 omnes
1038 3585 1077 3642 illi

284 3655 333 3728 qul
347 3669 411 3712 cum
428 3671 462 3712 eo
477 3655 557 3712 ibunt
580 3655 609 3712 in
629 3653 818 3728 Albigesium,
842 3653 964 3712 habeant
983 3655 1075 3713 indul·

282 3727 410 3800 gentiam
425 3731 455 3782 et
468 3725 666 3782 remissionem
682 3732 862 3797 peccatorum
875 3725 1078 3798 quamhabent

282 3797 473 3868 crucesignati
486 3795 521 3852 de
536 3795 662 3868 partibus
671 3796 878 3852 transmarinis.

318 3867 344 3923 Ξ.
366 3869 437 3923 ltem
461 3867 530 3937 petit
552 3865 627 3938 qarod
651 3864 856 3938 archiepiscopi
881 3866 1075 3935 bituricensis,

284 3937 443 4003 hamensis,
467 3935 650 4003 senonensis,
672 3943 702 3992 et
725 3936 841 4008 quilibet
856 3951 964 4005 eorum,
981 3952 1030 4008 per
1045 3951 1076 3994 se

282 4003 407 4063 habeant
426 4012 593 4077 potestatem
611 4005 877 4063 excommunicandi
896 4021 1034 4078 personas
1048 4014 1077 4064 et

282 4073 566 4132 interdicenditerras
577 4079 706 4133 ominium
716 4077 939 4148 illormnquires
950 4078 1076 4134 Francia

282 4144 481 4216 inquietabunt
490 4147 535 4202 vel
545 4145 706 4212 turbabunt,
718 4161 769 4202 seu
782 4161 918 4218 personas
931 4148 976 4204 vel
987 4154 1077 4204 terras

282 4229 381 4273 eorum
408 4215 456 4290 qui
485 4230 549 4272 eum
578 4230 613 4272 eo
640 4215 735 4284 ibunt,
760 4217 822 4272 sive
847 4218 904 4274 sint
927 4216 963 4273 de
985 4231 1076 4290 regno

282 4286 420 4353 Franciae,
444 4287 506 4344 slve
530 4294 608 4343 extra
633 4300 770 4360 regnum,
795 4286 840 4342 vel
863 4287 911 4358 qui
932 4289 960 4344 in
985 4302 1076 4360 regno

281 4359 409 4414 Francia
424 4355 498 4413 inter
512 4371 544 4413 se
556 4358 696 4415 moverint
710 4370 856 4430 guerram,
874 4358 927 4414 nisi
943 4357 979 4414 ad
992 4373 1073 4414 man·

281 4426 377 4484 datum
394 4427 503 4484 domini
519 4428 596 4500 regis
612 4441 710 4499 pacem
733 4425 850 4484 iecerint
869 4429 912 4484 vel
932 4435 1073 4510 treugam.

316 4499 428 4558 bitem
443 4499 511 4571 petit
525 4496 658 4554 dominus
672 4512 722 4554 rex
736 4496 821 4570 quod,
835 4497 859 4554 sl
872 4498 919 4569 qui
935 4506 1073 4554 astrinxe-

281 4567 338 4624 rint
352 4583 383 4624 se
396 4568 432 4624 ad
449 4567 573 4625 eundum
586 4581 651 4626 cum
664 4582 699 4624 eo
714 4569 742 4624 in
761 4574 864 4623 terram
880 4567 1019 4640 Albigeail
1029 4568 1075 4624 vel

282 4637 317 4694 ad
333 4637 501 4695 morandum
514 4637 629 4706 ibidem,
642 4637 716 4710 quod
752 4637 857 4694 raedicti
869 4639 1077 4711 archiepiscopi

282 4707 407 4764 habeant
420 4715 587 4781 potestatem
609 4653 759 4766 coerceugi
776 4723 827 4764 eos
844 4723 894 4780 per
908 4723 1073 4765 excommu-

282 4778 454 4834 nicationem
477 4785 507 4834 et
525 4778 715 4849 interdictum,
738 4779 774 4836 ad
797 4778 964 4836 solvendum
987 4777 1015 4834 id
1039 4777 1073 4834 ad

281 4846 358 4921 quod
368 4862 399 4904 se
412 4849 613 4906 astrinxerunt.

316 4919 343 4975 i.
361 4919 431 4974 item
454 4919 523 4990 petit
541 4919 616 4990 quod
635 4919 759 4977 habeant
772 4927 940 4992 potestatem
956 4933 1072 4976 excom-

282 4988 446 5047 municandi
461 5001 596 5060 personas
606 4997 633 5046 et
645 4990 829 5047 interdicendi
837 4997 928 5046 terras
936 4989 1073 5046 baronum

282 5060 418 5127 Francia,
435 5066 463 5114 et
478 5059 596 5116 aliorum
606 5059 755 5118 hominurn
771 5075 885 5117 suorum
901 5060 991 5142 quiin
1007 5074 1071 5142 pro·

282 5132 350 5204 priis
365 5130 568 5204 personlscnm
583 5130 644 5202 ipso
660 5145 715 5187 non
730 5131 903 5202 perrexerint
912 5145 940 5186 m
955 5129 1072 5204 Albiga·

1132 2965 1253 3078 regnum
1267 2966 1350 3008 suum
1363 2951 1483 3024 pecunia
1496 2957 1525 3006 et
1538 2949 1712 3007 bominibus.

1186 3065 1192 3079 .
1209 3023 1280 3078 ltem
1296 3023 1366 3094 petit
1384 3019 1459 3094 quod
1475 3019 1578 3077 habeat
1595 3020 1702 3077 litteras
1714 3019 1818 3077 domini
1831 3021 1899 3090 Papo

1132 3099 1263 3164 patentes
1279 3091 1314 3149 de
1332 3090 1541 3163 abjudicatione
1559 3093 1711 3148 comitatus
1732 3091 1836 3147 Tolosa
1848 3103 1899 3145 cum

1132 3163 1264 3219 omnibus
1284 3163 1462 3235 pertinentiis
1474 3161 1544 3229 suis,
1561 3160 1597 3217 ab
1613 3167 1734 3232 utroque
1752 3159 1901 3226 Raimundo,
1960 3161 1961 3216 f

1131 3233 1239 3290 scilicet
1251 3241 1330 3305 patre
1351 3240 1379 3288 et
1392 3233 1458 3290 tllio.
1475 3239 1504 3288 et
1517 3245 1615 3288 eoram
1636 3229 1795 3288 haeredibus
1808 3231 1834 3286 in
1848 3243 1899 3301 per·
1960 3243 1961 3260 t

1133 3311 1258 3375 petuam,
1270 3312 1298 3359 et
1319 3303 1404 3358 totius
1421 3310 1502 3358 terra
1519 3299 1555 3357 de
1569 3315 1624 3372 qua
1642 3300 1734 3357 dictus
1751 3299 1901 3357 llaimundus

1133 3381 1212 3456 pater
1224 3371 1518 3432 atllaimuuduslilius
1530 3372 1643 3430 luerunt
1655 3378 1796 3438 tenentes,
1809 3375 1903 3441 quaed

1133 3459 1160 3500 m
1176 3459 1266 3516 regno
1280 3443 1388 3499 domini
1403 3443 1490 3514 regis,
1504 3448 1532 3498 et
1547 3443 1633 3498 totius
1647 3442 1855 3498 vicecomitatus
1867 3441 1902 3496 lli·

1131 3514 1268 3570 terrensis
1277 3521 1305 3570 et
1316 3513 1551 3571 carcassonensis
1559 3526 1624 3568 cum
1637 3512 1770 3594 omnibus
1780 3511 1902 3584 pertinen·

1132 3585 1178 3641 tiis
1190 3585 1218 3640 ln
1233 3583 1440 3656 regnodomini
1453 3583 1540 3655 regis,
1559 3590 1587 3639 et
1602 3597 1730 3638 nmmum
1744 3581 1903 3640 terrarumin

1131 3654 1232 3711 eodem
1243 3668 1333 3727 reguo
1347 3654 1528 3710 existentium
1544 3665 1643 3710 eorum
1696 3653 1904 3726 iguerraverunt

1132 3731 1229 3797 aperte
1239 3739 1303 3782 eum
1318 3725 1360 3780 eis
1375 3731 1403 3780 et
1418 3739 1467 3796 pro
1479 3724 1535 3793 eis;
1551 3730 1580 3780 et
1594 3724 1658 3779 siml
1672 3731 1726 3780 iter
1739 3723 1858 3781 omnium
1868 3735 1904 3777 eo

1132 3811 1192 3852 rum
1204 3795 1252 3866 qui
1267 3794 1333 3850 huic
1346 3795 1462 3866 negotio
1475 3809 1506 3850 se
1527 3800 1674 3864 opponunt
1694 3793 1740 3849 vel
1764 3792 1798 3850 de
1817 3800 1902 3850 estere

1131 3873 1284 3950 opponent,
1311 3865 1357 3921 vel
1376 3879 1510 3936 guerram
1526 3862 1632 3920 iaciunt
1649 3877 1700 3919 seu
1712 3863 1748 3920 de
1759 3871 1856 3920 cetero
1867 3860 1900 3916 ia·

1131 3943 1215 3995 erent.
1237 3943 1264 3992 et
1282 3949 1332 4007 per
1354 3933 1504 4006 praedictos
1526 3933 1757 4006 archiepiscopos
1776 3934 1822 3990 dat
1838 3932 1904 3988 dicte

1132 4004 1347 4080 abjudicationis
1365 4004 1556 4061 denunciatio.
1584 4007 1619 4061 Et
1635 4005 1705 4076 petit
1726 4003 1852 4060 dominns
1864 4015 1903 4058 rex

1131 4075 1205 4146 quod
1217 4089 1318 4132 omnes
1332 4082 1415 4132 terrae
1430 4073 1571 4146 praedictae
1580 4074 1634 4131 sibi
1649 4081 1677 4130 et
1690 4072 1904 4131 harderenssen

1131 4147 1159 4202 in
1175 4154 1341 4218 perpetuum
1355 4145 1567 4213 confirmentur,
1583 4152 1613 4201 et
1623 4145 1677 4201 illis
1729 4145 1792 4202 ibus
1805 4159 1851 4202 ees
1862 4143 1902 4198 da·

1130 4216 1180 4284 bit,
1198 4217 1222 4273 si
1237 4229 1287 4272 eas
1304 4213 1372 4272 dare
1388 4215 1517 4284 voluerit,
1531 4222 1641 4272 retento
1655 4214 1699 4272 sib
1720 4222 1751 4272 et
1762 4213 1903 4273 heredibus

1130 4285 1190 4343 suis
1202 4285 1340 4354 hominio,
1353 4293 1499 4356 tamquam
1514 4285 1630 4342 domino
1642 4285 1801 4358 principali.

1166 4359 1191 4414 7.
1203 4359 1274 4414 ltem
1290 4357 1360 4427 petit
1370 4356 1424 4412 sibi
1434 4354 1495 4411 dari
1506 4351 1751 4427 archiepiscopum
1764 4355 1902 4413 bituricen·

1130 4441 1191 4484 sem
1210 4427 1348 4552 legatum,
1361 4426 1410 4498 qui
1424 4425 1496 4482 inter
1509 4433 1611 4482 cetera
1626 4425 1729 4482 haheat
1752 4433 1903 4496 potestaten

1130 4497 1242 4554 meonci
1256 4495 1332 4552 tandi
1346 4509 1448 4552 omnes
1463 4495 1525 4552 illos
1562 4497 1589 4551 ui
1605 4494 1640 4552 ad
1654 4494 1779 4552 debitam
1794 4495 1905 4552 ecelmie

1130 4567 1351 4624 satisfactionem
1361 4567 1501 4633 venerint,
1511 4511 1904 4637 ethabeatlegationemsuan

1130 4651 1328 4708 superomnes
1356 4634 1587 4718 archiepiscopos
1615 4643 1643 4692 et
1665 4637 1816 4708 episcopas
1831 4636 1904 4692 totius

1129 4714 1211 4763 terra
1224 4722 1287 4779 qne
1302 4723 1334 4762 se
1357 4713 1476 4778 oppornt
1495 4705 1644 4762 catholiea
1664 4705 1730 4762 tidei
1752 4706 1906 4780 inpartibus

1129 4778 1194 4845 illis,
1208 4785 1236 4834 et
1255 4778 1384 4833 omnium
1409 4785 1547 4833 terrarum
1570 4776 1837 4848 adjacentiumque
1850 4789 1905 4848 pos·

1130 4855 1194 4904 sunt
1204 4847 1305 4905 cedere
1322 4847 1348 4903 in
1364 4847 1512 4904 utilitatem
1525 4847 1606 4903 istius
1621 4848 1731 4918 negotii
1746 4849 1790 4905 vel
1806 4845 1907 4919 impedi

1130 4926 1274 4988 rnentum;
1304 4925 1331 4974 ot
1346 4917 1450 4974 habeat
1474 4915 1607 4973 eamdem
1637 4916 1811 4988 legationem
1832 4929 1905 4989 quam

1129 4987 1227 5044 habuit
1241 4987 1417 5047 Conraduse
1438 4988 1551 5059 iseopus
1567 4988 1730 5044 Portuensis
1746 4989 1854 5060 legatus
1867 4985 1906 5042 ll·

1129 5058 1240 5131 bigesil,
1257 5067 1286 5115 et
1300 5059 1348 5115 ilat
1358 5003 1518 5130 pragmatio
1533 5071 1583 5128 per
1597 5064 1686 5140 tetum
1699 5071 1821 5129 regnum
1835 5060 1908 5114 Fran·

1128 5130 1180 5185 clas
1196 5145 1245 5200 pro
1254 5129 1380 5186 subsidio
1392 5135 1474 5184 terre
1487 5127 1639 5200 Albigesh:
1650 5129 1748 5184 omnia
1761 5127 1906 5202 supradicta

1130 5201 1207 5264 hant,
1226 5200 1416 5272 appellatione
1429 5205 1548 5254 remota.

281 5201 606 5276 glum,ael‚stirenon
642 5203 742 5268 assint,
757 5201 804 5272 qui
820 5208 986 5272 competens
1004 5201 1072 5258 sub·
1456 5270 1461 5280 Ι

281 5271 383 5330 sidium
395 5285 452 5328 non
465 5269 584 5327 iecerint
596 5215 640 5327 af
642 5270 857 5344 expurgandum
870 5271 966 5327 hostes
975 5270 1075 5328 tldeiet
1163 5271 1190 5326 8.
1212 5273 1282 5327 ltem
1300 5272 1367 5342 petit
1386 5269 1518 5326 domiuus
1534 5282 1584 5324 rex
1602 5267 1688 5339 quod,
1703 5283 1770 5326 cum
1784 5279 1904 5340 expensa

282 5345 362 5424 regni
376 5344 405 5398 iu
420 5341 615 5414 Albigesium;
628 5343 752 5468 τττεέτίτττε
766 5357 831 5399 cum
842 5357 898 5468 [aare¹
906 5341 1074 5414 homagium
1128 5341 1184 5397 sint
1199 5342 1319 5422 inlinitae·
1337 5347 1371 5423 ‘et
1395 5338 1618 5465 inaestimabile}
1640 5339 1768 5465 Eee'lzsla
1786 5342 1905 5466 1ξῖἳοτττεττε

280 5419 1073 5565 illllailtllllltlltttalllatthttltltl:
1130 5405 1904 5562 ttltltttlhtllalllmlnllltallll

280 5561 379 5637 gnatae
389 5555 469 5626 regni
483 5567 569 5624 quum
585 5555 637 5610 ista
649 5567 712 5636 quaa
727 5560 770 5610 est
781 5551 817 5610 de
829 5552 958 5634 hostibus
973 5553 1075 5610 lldeiet
1129 5567 1192 5624 quae
1207 5558 1409 5632 convertentur
1430 5565 1458 5607 m
1473 5564 1544 5631 usus
1562 5549 1637 5607 llhus
1651 5557 1743 5608 terrae.

280 5640 309 5682 ru
326 5637 425 5698 regno,
442 5631 472 5681 et
485 5639 586 5682 ornnes
600 5623 768 5698 supradictae
782 5629 930 5680 sententie
953 5623 1073 5682 relaxari
1164 5622 1191 5679 9.
1209 5625 1279 5681 llam
1295 5627 1365 5692 petlt
1380 5619 1454 5694 quod
1468 5618 1602 5680 dominus
1615 5623 1691 5693 Papa
1704 5626 1834 5694 procuret
1846 5630 1902 5688 erga
