3948 6328
643 375 875 463 nrrsroum.
897 377 976 440 um.
1000 376 1086 437 vur.

429 542 462 628 L

81 695 134 752 Ad
157 695 201 752 B.
221 695 462 754 Francorum
478 695 612 755 ordinis
623 695 778 768 natrano

346 793 535 852 Mirrornrn.

302 919 582 980 renovemini.
676 977 678 980 .

224 1043 394 1108 [cherubim
406 1044 554 1103 buranum,
565 1044 586 1102 l,
597 1043 651 1110 sn]

54 1168 237 1245 hpprobatio
254 1169 370 1244 regulae
382 1177 411 1227 et
424 1169 531 1227 ordinis
545 1169 663 1227 fratrum
678 1167 818 1228 lituorum

345 1257 374 1318 S.
388 1259 542 1316 francisci.

67 1375 246 1438 Honorius
258 1376 577 1454 episcopusservus
586 1390 757 1436 servorum
767 1373 838 1446 Dei,

32 1474 158 1534 dilectis
173 1473 265 1534 filiis
283 1473 380 1536 fratri
405 1473 612 1544 Frauscisco,
627 1472 660 1534 et
674 1473 750 1534 aliis
766 1471 839 1533 fra-

33 1571 133 1632 tribus
146 1569 190 1632 de
208 1571 337 1632 ordine
350 1569 491 1632 fratrum
503 1571 682 1643 Minorum,
699 1569 840 1630 salutem

33 1670 62 1730 et
75 1667 318 1744 Apostolicam
328 1667 605 1729 benedictionem.

71 1765 161 1828 Solet
172 1781 336 1827 annuere
352 1765 455 1827 Sedes
470 1764 660 1842 Apostolica
675 1764 740 1842 piis
754 1763 840 1827 votis

36 1865 64 1924 et
88 1863 248 1925 honestis
282 1864 466 1940 petentium
488 1862 663 1924 desideriis
691 1861 840 1924 favorem

37 1959 226 2022 benivolum
258 1961 440 2038 impertiri.
465 1961 658 2038 Eapropter,
680 1959 791 2021 dilecti
804 1959 840 2019 in

38 2059 169 2118 Domino
184 2057 266 2130 filii,
282 2058 405 2119 vestris
420 2058 485 2135 piis
506 2058 660 2136 precibus
676 2055 839 2129 inclinati,

40 2155 157 2216 ordinis
189 2155 303 2218 vestri
330 2155 480 2231 regulam
507 2155 643 2216 abonae
671 2155 840 2216 memoriae

40 2253 231 2315 innocentio
257 2269 349 2330 papa
374 2253 621 2330 praedecessore
647 2252 760 2315 nostro
781 2267 842 2328 ap-

42 2349 219 2425 probatam,
238 2351 438 2412 annotatam
456 2347 678 2428 praesentibus
693 2350 843 2411 auctori-

41 2448 99 2507 taie
113 2447 212 2508 vohis
225 2446 423 2525 Apostolica
437 2447 681 2520 confirmamus
698 2447 732 2509 et
750 2461 840 2524 prae-

45 2544 137 2604 sentis
150 2545 275 2622 scripti
290 2543 476 2622 patrocinio
492 2544 743 2608 communimus.
762 2547 841 2617 Quae

47 2641 114 2701 talis
128 2643 190 2703 est.

54 2837 56 2842 ,
80 2775 267 2838 Innomine
284 2775 427 2838 Domini.

80 2873 197 2950 incipit
211 2873 337 2950 regula
364 2875 397 2936 et
419 2873 489 2936 rita
508 2871 647 2935 fratrum
661 2873 840 2935 Minorum.

377 3007 456 3068 Chr.
479 3007 505 3067 Ι.

82 3121 206 3196 Regula
221 3122 258 3184 et
272 3121 345 3184 vita
357 3120 497 3184 fratrum
508 3122 673 3183 Minorum
689 3120 762 3182 haec
777 3118 838 3191 est,

51 3216 165 3280 scilicet
180 3220 321 3284 Domini
335 3219 442 3282 nostri
453 3220 532 3281 iesu
548 3218 673 3280 Christi
688 3217 840 3279 sanctum

53 3314 261 3392 Evangelium
277 3317 469 3388 observare,
480 3315 623 3378 vivendo
636 3315 672 3376 in
683 3314 842 3377 obedieu-

52 3409 104 3482 iia,
130 3414 203 3476 sine
233 3415 374 3493 proprio
412 3416 445 3478 et
472 3412 508 3476 iu
531 3413 695 3476 castitate.
724 3413 842 3474 Frater

54 3507 240 3574 franciscus
256 3511 423 3590 promittit
446 3510 678 3583 obedientiam,
696 3511 841 3573 strese-

54 3606 183 3668 rentiam
207 3609 347 3670 domino
362 3623 456 3686 papae
480 3609 640 3682 Honorio,
654 3611 841 3670 acsucces-

56 3699 172 3764 roribus
192 3707 269 3782 ejus
287 3704 447 3766 canonice
461 3703 675 3774 intrantibus,
689 3703 842 3767 etEccle·

1629 371 1690 446 466

875 587 876 592 ,
895 535 925 597 si
940 533 1051 598 facere
1062 550 1128 598 uon
1139 533 1318 614 potuerint,
1334 535 1459 598 suflicit
1472 534 1522 598 eis
1536 532 1622 604 hona
1637 551 1693 598 vo·

895 633 1019 696 luntas.
1037 635 1075 695 nt
1085 635 1225 697 caveant
1237 634 1357 696 iratres
1372 634 1405 699 et
1417 645 1532 696 eorum
1546 631 1692 695 ministri

896 746 937 814 ne
953 731 1088 794 solliciti
1104 731 1170 804 sint
1184 733 1225 794 de
1240 732 1339 794 rebus
1354 732 1425 792 suis
1438 729 1690 807 temporalibus,

896 828 928 910 et
943 827 1048 890 libere
1062 828 1187 892 faciant
1201 829 1242 890 de
1253 829 1354 902 rebus¹
1362 829 1432 890 suis
1448 827 1607 905 quidquid
1622 831 1692 890 Do·

895 925 1005 987 minus
1020 925 1235 1004 inspiraverit
1253 927 1314 989 eis.
1330 927 1366 988 Si
1379 929 1491 989 munau
1513 925 1690 989 consilium

894 1023 1095 1100 requiratur,
1110 1023 1280 1086 licentiam
1294 1023 1440 1086 habeant
1452 1022 1597 1086 ministri
1608 1023 1690 1084 mit-

894 1120 986 1182 tendi
1001 1136 1058 1183 eos
1070 1120 1112 1182 ad
1122 1121 1252 1200 aliquos
1261 1124 1363 1182 Deum
1377 1121 1691 1197 timentes,quorum

895 1217 1034 1280 consilio
1058 1217 1145 1279 bona
1172 1234 1235 1279 sua
1266 1217 1467 1296 pauperibus
1499 1217 1692 1292 erogentur.

896 1316 1015 1376 Postea
1028 1315 1209 1377 concedant
1224 1316 1273 1376 eis
1288 1331 1394 1377 annos
1407 1314 1624 1392 probationis,
1637 1314 1691 1375 vi-

896 1412 1015 1474 delicet
1029 1413 1111 1473 duas
1123 1413 1254 1475 tunicas
1269 1413 1343 1480 sina
1357 1413 1507 1489 capucio,
1523 1413 1557 1474 et
1567 1411 1691 1488 cingu-

895 1510 964 1570 lum
979 1511 1012 1572 et
1025 1509 1164 1570 braccas
1181 1512 1214 1573 et
1228 1525 1427 1594 caperonem
1440 1524 1546 1586 usque
1563 1508 1605 1570 ad
1620 1509 1694 1570 oin-

894 1605 1693 1684 gulum,uisieisdemministrisaliudsecundum
1805 1657 1808 1662 ,

894 1707 997 1765 Deum
1013 1702 1191 1782 aliquando
1205 1704 1369 1768 videatur.
1386 1704 1497 1766 Finito
1510 1719 1588 1766 vero
1604 1718 1692 1766 anuo

894 1801 1117 1879 probationis,
1152 1802 1356 1879 recipiantur
1380 1801 1422 1862 ad
1457 1799 1691 1876 obedientiam,

896 1899 1124 1977 promittentes
1135 1899 1237 1962 vitam
1250 1899 1348 1962 istam
1360 1899 1550 1975 stragulam
1562 1911 1693 1976 semper

896 1995 1086 2065 observare,
1103 1998 1143 2058 Et
1155 1995 1247 2058 nullo
1260 1997 1356 2059 modo
1371 1996 1485 2058 licebit
1507 1995 1557 2057 eis
1572 1995 1612 2056 de
1626 1995 1693 2056 ista

896 2095 1059 2170 religione
1086 2095 1190 2168 exire,
1220 2095 1318 2171 juxta
1342 2094 1532 2154 mandatum
1564 2091 1694 2154 domiui

896 2207 1002 2269 papae,
1020 2192 1098 2269 quia
1112 2192 1292 2253 secuudum
1310 2193 1460 2255 saucium
1476 2189 1694 2266 margolium

895 2305 996 2352 nemo
1010 2291 1154 2352 mittens
1175 2305 1321 2351 moranni
1337 2291 1382 2351 od
1400 2290 1575 2361 aratrum,
1587 2287 1621 2348 et
1634 2301 1695 2348 as-
1764 2304 1769 2316 ¹

893 2391 1027 2462 piciens
1047 2389 1145 2450 retro
1166 2388 1270 2462 opicis
1292 2387 1343 2449 est
1364 2401 1472 2463 repno
1494 2388 1566 2446 Det.
1581 2386 1621 2446 nt
1635 2383 1693 2463 qui

892 2488 963 2562 jam
1004 2485 1227 2561 promiserunt
1262 2482 1505 2554 obedientiam,
1548 2481 1695 2546 habeant

895 2597 996 2644 unam
1019 2583 1167 2646 tunicam
1192 2597 1266 2643 cum
1284 2582 1434 2658 capucio,
1451 2581 1484 2642 et
1500 2578 1602 2641 aliam
1622 2579 1696 2640 siue

896 2681 1034 2756 capucio
1048 2680 1105 2756 qui
1119 2679 1288 2741 voluerint
1300 2678 1436 2740 babere.
1453 2679 1493 2740 ut
1506 2677 1566 2755 qui
1582 2689 1697 2738 neces-

897 2777 994 2839 sitate
1039 2777 1204 2852 coguntur
1236 2777 1367 2852 possint
1398 2777 1533 2852 portare
1567 2773 1697 2834 calcia-

896 2877 1020 2936 menta.
1033 2875 1072 2936 st
1083 2874 1204 2935 fratres
1219 2887 1333 2933 omues
1349 2872 1557 2934 vestimentis
1568 2869 1697 2932 vilibus

896 2972 1088 3043 induantur,
1102 2972 1135 3034 et
1147 2970 1275 3047 possint
1285 2985 1325 3032 ea
1339 2969 1504 3045 repetiere
1520 2968 1560 3028 de
1575 2967 1694 3036 saccis,

896 3070 929 3130 et
948 3069 1024 3130 aliis
1047 3069 1147 3146 petiis
1171 3082 1247 3130 cum
1270 3066 1501 3128 benedictione
1517 3065 1588 3126 Dei.
1605 3066 1695 3136 Quos

897 3181 1014 3228 moneo
1030 3167 1063 3228 et
1076 3165 1236 3227 exhortor
1248 3181 1290 3225 ne
1303 3163 1499 3241 despiciant,
1515 3177 1623 3239 neque
1638 3165 1697 3239 ju-

897 3263 1008 3326 dicent
1022 3263 1175 3324 homines
1194 3277 1277 3340 quos
1296 3261 1451 3322 mollibus
1463 3259 1611 3321 viderint
1625 3273 1698 3320 ves·

896 3363 1055 3430 timentis,
1073 3363 1106 3422 et
1134 3359 1290 3422 coloratis
1320 3358 1464 3430 indutos,
1479 3358 1527 3419 uti
1556 3355 1638 3418 cibis
1659 3355 1693 3418 et

897 3459 1027 3536 potibus
1051 3457 1223 3530 delicatis;
1248 3455 1305 3517 sed
1332 3456 1439 3532 magis
1463 3455 1693 3532 unusquisque

893 3557 1021 3635 judicet
1033 3557 1065 3618 et
1075 3553 1239 3633 despiciat
1254 3553 1482 3632 semetipsum.

1222 3715 1299 3776 Cur.
1314 3714 1371 3775 lli.

57 3795 105 3857 sle
118 3801 290 3864 Romanae.
301 3802 341 3863 m
355 3801 413 3863 alii
423 3801 544 3863 fratres
554 3799 732 3864 teneantur
745 3798 842 3862 fratri

59 3892 242 3961 quscisco
258 3901 293 3962 et
302 3902 375 3977 ejus
390 3897 639 3962 successoribus
655 3897 801 3960 obedire.
898 3948 1048 4007 Ordinem
1062 3947 1185 4008 sanctae
1199 3947 1357 4007 Romanae
1376 3941 1696 4018 nociesiae‚except0

377 4033 455 4095 CAP·
470 4033 510 4093 11·
897 4043 1068 4121 psalterio,
1082 4059 1126 4105 ex
1138 4058 1203 4120 quo
1213 4042 1337 4104 habere
1349 4041 1504 4118 poterunt
1512 4039 1682 4101 breviaria
1688 4065 1700 4099 .·

94 4144 122 4203 Si
137 4147 377 4223 quivoluerint
405 4148 491 4208 hanc
506 4147 608 4208 vitam
624 4147 786 4223 accipere,
810 4145 842 4207 ei
897 4142 990 4204 Laici
1027 4157 1106 4204 vero
1134 4140 1246 4203 dicant
1272 4139 1393 4216 viginti
1421 4140 1564 4216 quatuor
1586 4139 1699 4199 Pater

62 4243 197 4306 venerint
211 4247 253 4307 ad
268 4245 388 4308 fratres
410 4246 551 4316 nostros,
580 4243 712 4306 mittant
726 4259 783 4304 eos
800 4242 842 4304 ad
897 4241 1016 4304 noste-r
1029 4255 1090 4316 pro
1105 4238 1279 4310 matutino,
1294 4253 1353 4316 pro
1365 4236 1518 4298 laudibus
1537 4235 1693 4313 quinque,

63 4347 128 4398 suos
140 4343 309 4406 ministros
325 4341 559 4422 provinciales,
580 4341 699 4419 quibus
717 4341 843 4402 solum·
899 4354 958 4414 pro
970 4337 1089 4416 prima,
1103 4335 1214 4408 tertia,
1228 4337 1335 4409 sexta,
1353 4350 1455 4406 nona,
1469 4349 1530 4410 pro
1550 4331 1698 4411 qualibet

64 4435 145 4497 uodo
159 4444 190 4501 et
203 4457 272 4502 uon
287 4442 374 4516 aliis,
392 4438 512 4501 fratres
532 4438 715 4515 recipiendi
735 4439 843 4500 licen·
896 4436 1036 4496 istarum
1050 4437 1185 4512 septem,
1203 4449 1262 4511 pro
1278 4433 1428 4510 vesperis
1439 4432 1550 4492 autem
1566 4427 1696 4494 duode-

65 4527 103 4589 iia
127 4541 339 4602 concedatur.
369 4537 516 4600 Ministri
545 4551 625 4598 vero
662 4535 843 4612 diligenter
897 4525 1698 4609 cim3procompletorioseptem‚etorentprode·

67 4633 239 4699 examinent
253 4651 311 4698 eos
324 4635 434 4698 detide
449 4635 615 4696 catholica
626 4633 659 4695 et
670 4633 844 4695 ecclesias·
897 4629 1031 4692 functis.
1043 4629 1082 4692 m
1091 4628 1245 4706 jejunent
1260 4626 1374 4688 afesto
1388 4623 1543 4687 Omnium
1558 4625 1699 4688 Sancto-

66 4721 128 4786 iicis
142 4734 368 4796 sacramentis.
394 4733 463 4795 Etsi
475 4731 672 4794 haecomnia
693 4731 841 4806 credaut,
897 4723 1367 4804 rum,usqueadNativitatem
1380 4721 1527 4784 Domini.
1540 4723 1697 4786 Sanctam

69 4821 198 4891 etreliut
211 4847 251 4892 ea
281 4830 423 4893 fideliter
445 4829 609 4901 confiteri,
638 4830 791 4906 eiusque
806 4829 842 4889 in
897 4819 1699 4900 veroQuadragesimam,quaeincipitabEpipha·

70 4913 151 4982 inem
166 4925 302 4990 tirmiter
313 4928 491 4989 observare
509 4927 542 4989 et
558 4940 680 4987 uxores
696 4941 763 4987 uon
777 4925 842 4986 ha·
896 4921 1102 4992 niaDomiui,
1113 4936 1216 4997 usque
1230 4918 1272 4980 ad
1286 4920 1461 4980 continuos
1476 4917 1697 4995 quadraginta

71 5010 162 5094 beant,
179 5027 229 5086 vel
244 5027 273 5088 si
295 5025 428 5098 habent,
451 5025 484 5087 et
512 5024 751 5086 monasterium
772 5025 841 5102 jam
897 5019 978 5092 dies,
997 5034 1095 5095 quam
1106 5016 1265 5080 Dominus
1279 5032 1338 5077 suo
1354 5017 1468 5078 sancio
1475 5015 1606 5092 jejunio
1622 5031 1697 5077 cou-

72 5108 259 5198 intraveriut,
272 5139 405 5195 uxores,
419 5123 472 5184 vel
486 5122 657 5184 licentiam
673 5121 722 5182 eis
738 5120 841 5183 dede·
897 5115 1052 5186 secrevit,
1069 5113 1126 5190 qui
1152 5113 1340 5176 voluntarie
1366 5128 1440 5174 eam
1457 5110 1624 5189 jejunant,
1638 5107 1698 5171 be-

73 5207 137 5282 nur,
161 5221 353 5282 auctoritate
382 5219 561 5282 dioecesani
590 5218 738 5296 episcopi
766 5219 842 5280 voto
898 5211 1020 5277 nedicti
1044 5211 1111 5274 siut
1132 5226 1152 5272 a
1177 5212 1328 5284 Domino,
1358 5210 1392 5272 et
1416 5207 1472 5286 qui
1493 5207 1611 5270 nolunt
1631 5223 1698 5268 nou

74 5308 260 5380 continentiae
271 5321 341 5394 jam
352 5318 484 5389 emisso,
498 5319 531 5378 et
545 5316 636 5378 illius
654 5315 722 5376 sint
734 5315 842 5377 eetaim
897 5309 975 5372 sunt
999 5308 1171 5383 adstricti;
1189 5307 1246 5369 sed
1270 5307 1371 5369 etiam
1385 5319 1488 5382 usque
1508 5303 1550 5364 ad
1573 5307 1700 5366 Resur-

76 5414 188 5484 ¹¹¹0fi8,
204 5417 287 5492 quod
302 5431 368 5478 nou
391 5415 496 5492 possit
512 5413 552 5475 de
567 5413 615 5474 eis
629 5412 710 5475 oriri
727 5413 842 5490 suspi-
897 5408 1078 5470 rectionem
1110 5405 1240 5467 bomini
1268 5403 1431 5483 jejunent.
1466 5401 1548 5464 Aliis
1583 5404 1693 5465 autem

77 5497 127 5572 ⁶10.
149 5505 251 5576 dicant
271 5512 339 5574 illis
363 5511 501 5576 verbum
529 5511 636 5572 sancti
656 5509 841 5585 Evangelii,
897 5503 1101 5583 temporibus
1117 5520 1183 5565 non
1198 5503 1374 5565 teneantur
1390 5500 1510 5562 fratres
1524 5499 1589 5561 uisi
1610 5499 1696 5560 feria

80 5599 281 5674 teodradam
303 5609 336 5674 et
361 5608 506 5671 vendant
531 5605 643 5670 omnia
669 5621 731 5668 sua
755 5605 843 5669 bona
898 5604 1177 5680 sextajejuuare3
1195 5603 1340 5678 tempore
1353 5596 1695 5661 veromauisestaeue·

938 3841 1698 3913 Clericifaciauidiviuumofficiumsecundum

80 5692 105 5750 ei
124 5711 161 5766 ea,
173 5705 320 5772 studeant
345 5705 546 5785 pauperibus
570 5719 721 5780 erogare.
750 5703 841 5776 Quod
898 5699 1062 5763 cessitatis
1076 5715 1140 5762 nou
1153 5698 1328 5761 teneantur
1343 5697 1462 5759 fraires
1477 5695 1607 5774 jejunio
1619 5709 1696 5756 cor-
