4002 6326
110 361 163 424 ³69

110 519 148 582 cll
168 516 268 580 nostrl
282 516 323 580 ad
338 517 484 582 debitum
503 517 704 596 perducatur
717 521 885 585 effectum.

29 663 35 676 .
109 616 182 689 Quia
195 627 285 689 vero,
299 616 385 678 sicut
398 631 442 678 ειι
455 618 566 680 vestra
586 617 750 680 relatione
762 619 886 682 didici-

108 729 183 784 mus,
201 712 361 786 advocati,
385 729 467 790 quos
482 715 719 777 monasterium
738 716 885 779 vestrum

107 809 205 882 habet,
242 809 341 886 prout
372 809 436 872 ruit
466 809 509 873 ab
538 812 676 889 antiquo
704 813 884 889 provisum,

108 907 253 985 quosdam
268 909 376 970 certes
393 908 541 972 redditus
564 925 583 970 a
603 909 700 972 robis
721 911 888 988 recipiunt

108 1004 277 1078 annuatim,
294 1021 357 1085 pro
384 1005 503 1084 quibus
524 1006 679 1069 villarum
701 1009 886 1070 sesmarum

107 1099 242 1162 defensio
254 1101 415 1166 incumbit
428 1103 563 1190 eisdem,
578 1118 639 1165 nos
656 1105 775 1167 restris
785 1105 886 1182 justis

703 363 932 426 malannum.
954 361 1033 440 nse,
1056 364 1127 426 vn.
1212 365 1215 373 ’

1673 367 1735 428 370

940 522 1123 586 observari.
1146 522 1261 586 'l'estes
1276 521 1387 585 autem
1402 522 1460 602 qui
1480 521 1605 587 marlot
1618 525 1734 587 nomi-

941 621 1022 694 nati,
1037 621 1066 682 si
1082 637 1119 682 se
1132 620 1252 698 gratia,
1266 619 1344 683 odio
1355 621 1538 684 veltimore
1552 621 1732 684 subtraxe-

940 719 1019 791 1int,
1045 733 1302 795 percensuram
1325 717 1486 791 eamdem,
1508 718 1733 796 appellatione

941 816 1103 889 cessante,
1121 816 1247 892 cogatis
1266 815 1398 879 veritati
1412 816 1638 878 testimonium
1656 831 1734 894 per-

939 911 1067 974 hibere.
1097 913 1189 985 Quod
1218 913 1248 975 si
1273 928 1340 975 non
1366 928 1481 974 omnes
1511 913 1735 992 exsequendis

940 1009 1114 1087 potueritis
1127 1009 1357 1083 interessem,
1371 1010 1646 1088 iraterepiscope,
1656 1027 1732 1074 cum

940 1121 1055 1168 eorum
1086 1108 1202 1182 altero,
1231 1109 1293 1170 etc.
1320 1110 1439 1171 Datum
1472 1112 1596 1182 Romae,
1623 1107 1734 1170 idibus

105 1197 247 1274 precihus
264 1198 429 1272 inclinati,
455 1201 653 1264 auctoritate
674 1202 886 1280 praesentium
937 1202 1037 1279 junii,
1051 1204 1263 1284 pontificatus
1277 1207 1383 1269 nostri
1397 1222 1486 1269 anno
1501 1207 1651 1286 septimo.

105 1294 280 1358 inhibemus
308 1311 362 1371 ne,
392 1313 451 1375 pro
479 1297 625 1376 ipsorum
651 1298 886 1362 advocatorum

104 1391 223 1466 delicto,
238 1393 328 1456 villae
346 1394 389 1456 ad
408 1411 469 1457 ros
484 1395 688 1473 pertinentes
710 1396 886 1460 interdicto

105 1490 321 1553 ecclesiastico
333 1492 427 1555 vobis
437 1494 473 1554 in
484 1494 582 1572 culpa
592 1509 658 1556 non
667 1493 885 1557 existentibus

104 1589 331 1664 supponantur,
347 1590 577 1654 nonobstante
596 1592 682 1670 quod
697 1591 804 1654 eidem
826 1591 888 1652 ad-

104 1685 203 1747 uocati
212 1687 363 1763 quaedam
376 1689 411 1749 in
423 1689 591 1765 praedictis
600 1689 690 1750 villis
699 1690 886 1767 percipiunt

105 1797 178 1859 quas,
188 1779 273 1848 sicut
287 1785 450 1858 asseritis,
462 1802 671 1864 nequaquam
681 1787 746 1848 sibi
758 1787 886 1866 de'jure

103 1883 277 1958 competere
292 1882 541 1959 dignoscuntur.
554 1884 647 1946 Nulli
660 1900 739 1961 ergo
750 1885 885 1947 omnimo

103 1979 262 2042 homimum
278 1979 378 2043 liceat
391 1982 478 2043 hanc
488 1983 644 2059 paginam
656 1985 781 2045 nostrae
790 1982 885 2044 inhi-

101 2075 225 2140 bitionis
251 2078 447 2155 intringere,
469 2079 524 2141 vel
546 2079 578 2142 ei
601 2095 685 2141 ausu
706 2080 885 2142 temerario

100 2175 267 2237 conhaire.
286 2176 322 2238 Si
334 2177 409 2253 quis
419 2177 528 2239 autem
544 2177 607 2239 hoc
617 2177 781 2240 attentare
797 2193 886 2256 prae-

99 2273 276 2349 sumpserit,
291 2272 554 2349 indignationem
568 2274 803 2352 omnipotentis
824 2275 884 2337 Dei

99 2370 129 2430 et
149 2368 319 2432 beatorum
341 2371 431 2434 Petri
453 2372 485 2434 et
508 2371 627 2446 Pauli,
651 2373 884 2450 Apostolorum

99 2469 176 2542 ejus,
192 2484 228 2529 se
242 2469 376 2530 noverit
386 2469 610 2532 incursurum.
619 2471 737 2532 Datum
748 2471 883 2547 Signiae,

99 2565 125 2624 ll
135 2565 238 2640 pridie
254 2565 330 2628 idus
338 2565 440 2644 lunii,
455 2566 667 2644 pontificatus
681 2568 788 2631 nostri
796 2583 884 2631 anno

98 2662 240 2739 septimo.

389 2915 584 3005 CXLVIII

112 3067 437 3130 aucentesimum
449 3069 644 3144 eptccopum
658 3069 864 3132 scalensem.

384 3197 417 3256 sa
424 3198 497 3272 pann
513 3199 592 3258 ιιιε.

260 3321 383 3386 [Ughalli,
398 3321 472 3374 ltalia
484 3335 563 3382 sacra,
580 3322 635 3383 vll,
644 3321 713 3387 dih]

96 3435 267 3495 Fiscausam
282 3438 501 3502 interlaaobum
517 3436 553 3496 de
566 3439 594 3496 S.
606 3437 885 3496 Severinocomitem

127 3525 245 3584 hvelllni
259 3533 289 3584 ct
301 3525 449 3584 Nicolaum
465 3527 676 3584 salernitanum
692 3525 882 3600 archiepisco·

127 3628 190 3685 pum
203 3629 292 3686 super
303 3614 367 3687 jure
376 3621 543 3688 patronatus
553 3620 722 3684 vertentem,
734 3614 886 3673 committit

129 3699 325 3760 decidendam.

133 3829 300 3891 Honorius
310 3828 495 3906 episcopus,
506 3843 623 3892 servus
632 3844 804 3892 serrorum
812 3828 883 3901 Dei,

97 3926 336 3988 venerabilibus
362 3925 521 3989 iratribus
548 3913 764 3990 Constantino
789 3927 884 4004 epis-

97 4024 383 4099 copoScalensi,et
396 4022 526 4087 dilectis
535 4024 614 4085 fillis
623 4024 766 4087 Mathaeo
779 4023 887 4086 archi·

97 4119 242 4191 diacono,
259 4122 294 4184 et
309 4121 524 4184 Constantino
536 4121 667 4184 Faburo
683 4121 885 4184 subdiacono

97 4221 202 4281 nostro
221 4218 395 4281 canonicis
417 4219 672 4296 amalphitanis,
697 4219 887 4283 salutemet

96 4315 313 4392 apostolicam
327 4316 603 4378 benedictionem.

132 4415 277 4477 Dilectus
306 4413 395 4476 filius
429 4413 550 4476 nobilis
584 4413 638 4476 vir
664 4413 809 4478 Jacobus
845 4413 885 4476 de

98 4510 210 4574 Sancto
226 4511 399 4584 severino,
421 4526 532 4572 comes
545 4511 700 4584 Avellini,
727 4527 822 4573 suam
843 4512 886 4573 ad

97 4623 151 4669 nos
166 4609 406 4687 querimoniam
423 4609 614 4680 destinavit,
634 4608 720 4686 quod
739 4624 885 4671 venera·

97 4701 166 4766 bilis
190 4707 296 4770 trater
323 4708 436 4769 noster
470 4707 629 4768 Nicolaus
655 4705 887 4768 salernitanus

97 4804 361 4882 archiepiscopus
374 4803 534 4882 quasdam
549 4803 695 4881 capellas
710 4803 751 4865 de
766 4805 886 4866 castris
938 4859 942 4866 .

98 4900 161 4960 suis
175 4904 209 4964 S.
226 4901 391 4974 Severini,
408 4902 488 4963 ets.
505 4901 639 4978 Georgii
655 4901 887 4964 exactionibus

97 4995 247 5061 indebitis
284 5013 483 5074 aggravans,
513 5000 547 5060 et
576 4997 757 5061 molestans
788 5013 888 5076 super

96 5093 166 5168 jura
180 5097 376 5173 patronatus
391 5095 609 5172 quarumdam
622 5095 767 5158 aliarum
778 5097 888 5158 eccle-

98 5191 228 5266 siarum,
254 5193 362 5269 ipsum
377 5195 410 5255 ei
424 5193 548 5254 milites
569 5208 647 5256 suos
669 5193 814 5255 indebite
829 5193 886 5254 in-

98 5289 226 5364 quietat.
237 5290 581 5368 ideoquediscretioni
591 5292 709 5352 vestra
717 5305 777 5367 per
786 5294 888 5368 Apos-

98 5385 190 5449 tolica
202 5389 328 5465 scripta
342 5388 548 5460 mandamus,
566 5389 729 5465 quatenus
737 5387 887 5466 partibus

99 5485 295 5558 convocatis,
330 5485 476 5547 audiatis
505 5501 652 5557 causam,
687 5485 721 5546 et
749 5486 785 5546 in
814 5486 886 5548 loco

99 5579 200 5644 debito
215 5583 415 5661 conjunctis,
431 5581 592 5644 iacientes
617 5581 703 5660 quod
724 5583 885 5656 decreve-

100 5677 167 5740 ritis
185 5695 246 5757 per
266 5695 440 5744 censuram
463 5679 724 5744 ecclesiasticam
747 5679 888 5744 tirmiter

1262 1429 1414 1518 CXLIX

969 1580 1021 1642 Ad
1042 1581 1238 1646 conradum
1252 1581 1484 1644 Portuaneem
1499 1583 1706 1657 episcopum,

1201 1683 1241 1741 Α.
1257 1682 1292 1742 S·
1308 1681 1469 1754 leonum.

1232 1809 1265 1867 18
1277 1808 1351 1884 junii
1366 1811 1443 1868 1223.

1040 1927 1176 1998 [bouquet
1187 1931 1289 1986 Recueil
1302 1933 1347 1984 des
1358 1932 1434 1996 ilisa,
1446 1931 1514 1992 XIX,
1527 1946 1553 1998 p.
1564 1931 1633 1996 lan]

939 2044 1055 2106 nanda
1074 2047 1203 2107 Conrado
1223 2055 1264 2118 ut,
1280 2048 1306 2107 si
1333 2055 1469 2108 tractatus
1482 2047 1519 2105 de
1544 2046 1734 2106 conciliandis

974 2134 1127 2210 llaimundi
1140 2137 1193 2196 Vll
1214 2137 1346 2196 dolosani
1361 2152 1426 2196 cum
1440 2135 1583 2196 Amalrico
1598 2134 1633 2194 de
1655 2138 1734 2196 Mon-

973 2221 1067 2281 teIorti
1079 2223 1203 2282 dissidiis
1213 2224 1249 2283 ad
1262 2225 1394 2284 aflectum
1409 2225 1561 2298 perductus
1574 2223 1668 2296 luerit,
1680 2223 1732 2282 ad·

971 2309 1096 2384 judicata
1108 2313 1361 2386 perhpostolicam
1381 2312 1484 2372 Sedem
1497 2312 1660 2372 vivariensi
1681 2326 1730 2370 ec·

973 2399 1069 2458 clesitc
1077 2407 1169 2459 castra
1182 2403 1254 2459 tueri
1262 2409 1391 2461 εοιιειιιι.

978 2527 1146 2590 Honorius
1156 2529 1341 2608 episcopus,
1352 2544 1468 2596 serlus
1477 2543 1648 2591 servorum
1656 2527 1731 2602 Ilei,

937 2625 1122 2687 venerabili
1151 2625 1248 2690 fratri
1280 2629 1328 2700 C,
1354 2625 1529 2692 Portuensi
1562 2625 1730 2704 episcopo,

938 2721 1135 2798 Apostolicaa
1152 2722 1246 2784 Sedis
1261 2723 1381 2800 legato,
1408 2722 1548 2784 salutem
1567 2721 1601 2784 et
1617 2723 1731 2799 Apos-

940 2816 1073 2880 tolicam
1083 2818 1358 2883 benedictionem.

979 2917 1073 2979 Licet
1087 2917 1260 2980 credamus
1275 2917 1361 2996 quod
1372 2933 1408 2979 es
1416 2916 1457 2979 ad
1469 2913 1732 2981 conservandum

938 3013 1156 3077 ecclesiarum
1165 3016 1243 3092 jura
1259 3013 1422 3078 sollicitus
1437 3029 1497 3092 per
1507 3015 1541 3077 te
1554 3013 1675 3090 ipsum,
1689 3027 1734 3078 ex

939 3111 1120 3175 abundanti
1135 3113 1246 3175 tamen
1263 3112 1505 3176 fraternitatem
1523 3111 1616 3174 tuam
1633 3110 1732 3172 solli-

939 3209 1105 3272 citandam
1120 3209 1275 3273 duximus
1291 3210 1324 3274 et
1337 3209 1546 3282 hortandam,
1558 3225 1618 3288 per
1632 3209 1736 3286 apos·

939 3307 1038 3370 tolica
1067 3307 1125 3370 tibi
1138 3308 1262 3385 scripta
1281 3307 1477 3370 mandantes
1503 3307 1677 3384 quatenus,
1702 3305 1732 3368 si

938 3405 1117 3468 tractatum
1143 3405 1331 3468 concordiae
1349 3405 1438 3467 inter
1456 3404 1601 3467 nobilem
1619 3403 1730 3466 virum

939 3506 977 3564 Α.
1003 3502 1156 3564 comitem
1180 3501 1399 3565 MontisiortIs
1427 3502 1460 3564 et
1486 3504 1539 3575 R.,
1565 3499 1730 3579 quondam

940 3600 1069 3663 comitis
1088 3600 1245 3662 Tolosani
1257 3599 1374 3668 fllium,
1391 3602 1430 3662 R.
1447 3599 1584 3677 perduci
1601 3597 1733 3660 contin-

939 3681 1032 3774 geret
1046 3698 1088 3759 ad
1098 3689 1264 3770 effectum,
1281 3696 1456 3774 provideas
1469 3695 1555 3773 quod
1566 3695 1736 3772 jusViva·

939 3795 1062 3856 niensis
1074 3793 1232 3872 episcopi,
1245 3795 1314 3856 tum
1324 3795 1359 3855 in
1368 3794 1457 3865 aliis,
1466 3794 1535 3854 tum
1544 3791 1735 3868 specialiter

940 3892 974 3954 in
1003 3893 1115 3954 castro
1144 3892 1184 3953 de
1208 3893 1337 3968 Fanjau
1357 3892 1391 3952 ct
1408 3890 1628 3966 Argentariae,
1659 3904 1734 3951 cum
1825 3943 1826 3946 ,

940 3989 1151 4067 pertinentiis
1190 3989 1351 4066 ipsorum,
1384 3987 1419 4048 in
1454 3988 1527 4064 ipsa
1555 3983 1734 4048 concordia

940 4088 1155 4150 conservetur
1178 4087 1332 4160 illaesum,
1349 4087 1448 4163 prout
1468 4085 1521 4148 illi
1543 4100 1604 4162 per
1623 4088 1734 4161 Apos-

940 4185 1074 4248 tolicam
1090 4184 1207 4246 Sedem
1232 4183 1459 4261 adjudicatum
1486 4199 1559 4246 esse
1585 4181 1736 4244 noscitur

941 4282 974 4345 et
990 4297 1209 4345 concessum:
1237 4281 1428 4347 mandatum
1452 4280 1602 4342 nostrum
1622 4278 1736 4341 taliter

940 4379 1148 4458 impleturus,
1166 4378 1253 4458 quod
1267 4377 1441 4456 diligentia
1450 4379 1508 4441 tua
1531 4375 1609 4438 inde
1629 4375 1735 4452 possit

941 4479 1060 4541 merito
1097 4477 1272 4555 compleri,
1309 4476 1371 4538 etc.
1409 4475 1528 4538 Datum
1565 4473 1733 4544 Laterani,

940 4578 1016 4638 XIV
1028 4575 1190 4637 kalendas
1201 4574 1291 4653 julii,
1305 4572 1517 4651 pontificatus
1527 4571 1632 4634 nostri
1646 4585 1735 4633 anno

942 4673 1091 4751 septimo.

1307 4841 1368 4928 cl.

981 4994 1248 5057 acconensem
1264 4995 1298 5055 et
1312 4993 1518 5055 calceandum
1531 4995 1572 5054 dc
1588 4992 1697 5053 Foeta

1051 5092 1159 5154 haclea
1172 5093 1311 5163 Marica,
1328 5091 1470 5153 cucero.
1486 5091 1629 5152 oratore.

1232 5222 1265 5280 18
1276 5221 1349 5296 junii
1364 5221 1444 5279 12²3.
1556 5227 1562 5238 '

973 5345 1084 5414 [aegest.
1091 5345 1137 5398 lib.
1148 5345 1203 5405 vll,
1216 5345 1289 5411 epist.
1299 5343 1339 5395 ol.
1353 5345 1411 5394 blss.
1425 5341 1697 5408 leucacantham]

976 5465 1033 5522 Eas
1045 5477 1111 5522 cum
1125 5461 1348 5520 omnibusbonis
1360 5459 1413 5518 sub
1426 5459 1503 5518 beati
1516 5459 1591 5518 Petri
1609 5466 1638 5518 et
1649 5474 1700 5518 sua

1181 5551 1356 5624 protectione
1371 5548 1499 5623 suscipit

981 5677 1160 5749 Honorius,
1177 5677 1255 5749 etc,
1282 5674 1413 5738 dilectis
1431 5675 1466 5738 in
1491 5673 1622 5737 Christo
1644 5673 1734 5736 tilia-
