4018 6320
310 443 371 502 775

312 602 441 664 dilectis
467 601 545 662 tiliis
569 599 673 678 priori
693 600 804 664 Sancti
825 601 1008 673 Laurentii,
1033 599 1104 661 Flo·

311 698 452 759 rentiuae
490 697 645 768 civitatis
682 698 820 774 ejusque
852 695 1010 758 iratribus
1036 698 1103 759 tarn

311 793 530 872 praesentibus
550 810 648 870 quam
666 793 796 865 futuris,
812 793 972 855 canonice
987 793 1104 854 substi-

311 892 443 954 tuendis
456 893 490 951 in
506 893 711 968 perpetuum.

351 989 420 1051 Piae
446 989 624 1065 postulatio
653 988 832 1050 voluntatis
859 986 979 1051 etlectu
1009 986 1104 1048 debet

311 1087 531 1166 prosequente
553 1085 722 1162 compleri,
739 1087 820 1148 utet
835 1085 1020 1148 devotionis
1040 1085 1105 1146 sin·

312 1185 433 1246 ceritas
467 1183 681 1244 laudabiliter
711 1183 887 1255 enitescat,
919 1184 952 1244 et
976 1183 1103 1244 utilitas

311 1281 476 1360 postulata
497 1281 585 1340 viros
613 1279 840 1342 indubitanter
854 1279 1013 1340 assumat.
1039 1282 1105 1340 Ea-

312 1379 456 1456 propter,
469 1375 580 1437 dilecti
601 1377 635 1436 in
654 1377 794 1436 Domino
813 1376 886 1444 tilii,
898 1375 1017 1436 vestris
1030 1377 1105 1452 jus-

312 1475 354 1536 tis
372 1473 649 1552 postulationibus
672 1474 852 1534 clementer
867 1473 1056 1546 annuimus,
1072 1476 1104 1535 et

311 1571 484 1650 praelatam
501 1572 676 1632 ecclesiam
703 1571 814 1632 Sancti
831 1573 1013 1644 Laurentii,
1031 1588 1104 1649 quae

311 1671 410 1746 caput
422 1669 781 1730 Florentinaeecelesiae
795 1668 898 1729 luisse
911 1669 1051 1740 videtur,
1069 1667 1104 1728 in

311 1783 375 1846 qna
402 1767 515 1827 diuino
542 1766 620 1826 estis
646 1765 805 1843 obsequio
836 1766 1027 1842 mancipati,
1063 1765 1104 1826 ad

311 1865 482 1940 exemplar
507 1862 613 1924 felicis
642 1863 881 1924 recordationis
905 1863 1037 1925 Nicolai
1062 1864 1102 1934 ΙΙ,

310 1960 492 2024 Alexandri
520 1962 564 2033 ΙΙ,
584 1959 756 2020 Paschalis
778 1963 818 2032 ΙΙ,
842 1961 1024 2022 Alexandri
1045 1961 1102 2031 ΙΙΙ,

311 2059 417 2130 Lucii,
442 2058 618 2119 Clementis
634 2059 689 2128 ΙΙΙ,
707 2058 875 2119 Caelestini
896 2060 928 2120 et
942 2061 1106 2120 Innocen-

311 2157 350 2219 tii
360 2159 416 2228 ΙΙΙ,
431 2156 712 2232 praedecessorum
727 2157 916 2216 nostrorum
932 2159 1104 2218 Romano-

313 2271 386 2318 rum
408 2251 616 2322 Pontificum,
638 2251 698 2311 sub
718 2250 805 2313 beati
830 2253 921 2314 Petri
940 2256 974 2315 et
990 2254 1104 2315 nostra

311 2350 516 2429 protectione
538 2349 737 2424 suscipimus
749 2351 783 2410 et
797 2351 972 2427 praesentis
991 2351 1105 2428 scripti

312 2448 488 2525 privilegio
500 2446 758 2519 communimus;
773 2447 955 2509 statuentes
965 2449 1001 2509 ut
1011 2463 1107 2524 quas·

313 2561 453 2622 cumque
465 2544 703 2622 possessiones,
718 2560 933 2621 quaecumque
948 2544 1033 2606 bona
1048 2561 1106 2606 ea-

313 2643 387 2704 dem
403 2643 544 2704 ecclesia
565 2643 600 2702 in
622 2642 873 2717 praesentiarum
889 2643 979 2720 juste
992 2658 1031 2704 ac
1044 2659 1104 2703 ca-

313 2741 432 2802 nonice
448 2739 604 2817 possidet,
620 2739 723 2800 autin
737 2738 1106 2800 futurumconcessione

194 2837 210 2852 ‘
312 2837 516 2916 pontificum,
552 2837 729 2912 largitione
764 2851 879 2912 regum
907 2837 961 2897 vel
986 2837 1107 2914 princi·

312 2952 402 3014 pum,
434 2933 601 2996 oblatione
624 2933 781 3006 fidelium,
812 2949 870 2994 seu
905 2932 982 2996 aliis
1005 2934 1106 3010 justis

313 3030 430 3102 modis,
444 3031 624 3107 praestante
639 3029 790 3100 Domino,
808 3031 929 3106 poterit
952 3031 1103 3106 adipisci,

313 3129 408 3190 llrrna
424 3127 519 3190 uobis
538 3126 723 3202 uestrisque
739 3127 988 3188 successoribus
1002 3131 1033 3190 et
1043 3127 1108 3188 illi·

311 3224 387 3286 bata
413 3224 640 3300 permaneant.
668 3223 847 3300 inquibus
872 3223 943 3284 baec
962 3226 1106 3301 propriis

312 3322 467 3383 duximus
481 3319 893 3397 exprimendavocabulis:
909 3322 1106 3384 Parochiam

312 3418 589 3482 vestraeecclesiae
606 3417 837 3494 pertinentem,
850 3419 936 3482 sicut
946 3419 1106 3483 hactenus

313 3517 492 3589 lrabuistis;
517 3515 682 3592 hospitale
709 3515 795 3593 quod
810 3517 906 3592 juxta
930 3516 1107 3579 eeclesiam

313 3615 538 3692 supradictam
567 3617 603 3674 B.
629 3613 800 3674 Laurentii
833 3615 932 3674 situm
957 3616 1007 3677 est
1033 3633 1107 3676 cum

175 3744 180 3752 ·
206 3762 211 3772 .
313 3711 466 3775 omnibus
482 3711 691 3788 pertinentiis
703 3711 790 3786 suis;
803 3711 978 3773 ecclesiam
995 3714 1107 3774 Sancti

313 3809 505 3870 Marsicum
521 3807 674 3869 omnibus
691 3808 900 3884 pertinentiis
912 3809 998 3885 suis;
1012 3825 1109 3871 mon-

312 3910 380 3970 tem
402 3909 434 3968 S.
453 3905 634 3976 Laurentii,
652 3905 709 3982 qui
731 3921 774 3965 ex
795 3922 862 3966 uno
877 3907 981 3969 latere
999 3909 1108 3984 proxi·

314 4007 423 4064 matur
438 4005 535 4064 terrae
552 4004 585 4062 S.
602 4002 765 4064 lobannis
779 4003 811 4063 et
828 4002 955 4063 duabus
970 4004 1034 4064 viis
1049 4005 1103 4066 de-

314 4099 534 4171 currentibus,
554 4099 586 4160 et
601 4115 644 4160 ex
665 4099 732 4160 alio
748 4101 779 4158 S.
798 4100 940 4171 Romuli,
958 4102 1056 4163 tertio
1072 4103 1105 4162 S.

314 4197 441 4270 Mariae,
467 4199 584 4276 quarto
611 4197 758 4258 decurrit
781 4196 813 4258 ei
836 4198 891 4259 via
906 4199 1010 4274 regia,
1033 4215 1106 4260 cum

314 4296 451 4357 decimis
466 4297 499 4357 et
513 4294 669 4370 primitiis
682 4294 770 4368 suis;
788 4299 930 4358 montem
942 4295 1036 4357 Conii
1051 4298 1107 4375 qui

313 4393 354 4454 de
370 4408 435 4454 una
449 4395 542 4470 parte
559 4407 577 4452 a
594 4391 666 4453 rivo
684 4391 870 4452 Tersimula
891 4393 1046 4468 cingitur,
1065 4409 1107 4455 ex

313 4491 380 4553 alia
394 4492 491 4553 terrae
504 4493 536 4550 S.
554 4489 685 4552 Romuli
694 4489 859 4565 jungitur,
873 4491 1002 4551 atertia
1014 4493 1107 4566 parte

315 4593 348 4652 S.
360 4587 533 4660 lobannis,
556 4603 575 4648 a
595 4587 713 4664 quarto
736 4587 883 4648 decurrit
897 4587 929 4648 ei
949 4589 1014 4662 via,
1034 4605 1106 4664 quae

314 4687 436 4748 dicitur
446 4685 569 4756 subtus,
583 4699 657 4744 cum
666 4684 804 4746 decimis
813 4685 1009 4761 etprimitiis
1020 4686 1105 4760 suis;

314 4784 515 4847 abataticum
539 4783 643 4858 portae
671 4785 702 4842 S.
732 4783 901 4844 Laurentii
932 4799 1005 4848 cum
1034 4783 1106 4859 ipsa

313 4881 413 4943 etiam
430 4879 701 4954 congregatione;
716 4877 892 4940 ecclesiam
916 4880 948 4940 S.
969 4879 1107 4940 Bartho-

314 4977 424 5040 lomaei
450 4976 547 5036 sitam
569 4975 602 5034 in
630 4975 828 5051 Faltignano
856 4991 931 5036 cum
954 4976 1106 5038 omnibus

313 5073 522 5154 pertinentiis
546 5073 626 5144 suis,
655 5073 687 5134 et
716 5071 945 5149 possessiones
979 5089 1104 5146 omnes,

313 5189 395 5253 quas
418 5173 452 5232 in
467 5170 583 5232 eadem
607 5170 701 5231 curia
725 5169 917 5248 possidetis;
931 5172 1107 5233 eeclesiam

315 5275 348 5334 S.
379 5270 520 5332 Andreae
554 5269 589 5328 in
630 5268 839 5330 Percussine.
887 5269 1106 5346 Quaecumque

314 5369 413 5432 etiam
433 5383 452 5430 a
472 5365 639 5446 praedictis
668 5364 966 5444 praedecessoribus
984 5365 1107 5428 nostris

315 5466 474 5532 Romanis
490 5463 701 5542 pontilicibus
725 5461 820 5524 vohis
836 5479 994 5524 concessa
1017 5466 1105 5536 sunt,

315 5569 349 5628 et
368 5563 518 5626 ecclesiae
547 5565 665 5623 vestrae
689 5576 803 5622 eorum
819 5561 1005 5638 privilegiis
1021 5577 1106 5622 oon-

316 5662 457 5733 firmata,
486 5659 640 5722 similiter
659 5657 864 5719 roboramus.
887 5661 972 5720 Sane
992 5657 1107 5720 diebus

316 5757 519 5826 solemnibus
535 5758 570 5821 in
590 5755 745 5828 claustro,
766 5755 816 5817 vel
833 5755 868 5817 in
888 5755 973 5817 atrio
997 5756 1107 5818 eccle·

930 417 1104 503 nononn
1128 441 1172 500 111
1194 441 1341 501 ornet.

1880 399 1940 498 ¹no

1159 599 1216 660 siae
1238 597 1467 682 processiones
1487 597 1608 668 lacere,
1626 599 1659 659 et
1672 595 1809 658 missam
1824 597 1862 657 ad
1877 598 1939 658 ter-

1159 696 1238 757 tiam
1254 697 1402 768 cantare,
1420 694 1545 755 nullius
1561 695 1779 756 contradictio
1795 711 1852 756 vos
1865 695 1942 754 inhi-

1158 791 1245 865 beat,
1271 793 1328 854 sed
1358 791 1464 854 modis
1491 790 1643 852 omnibus
1663 791 1825 854 studeatis
1846 793 1942 852 omni-

1158 892 1323 967 potentem
1350 891 1524 950 Dominum
1553 888 1763 964 glorificare,
1795 890 1828 948 et
1854 889 1941 949 saluti

1159 989 1345 1050 animarum
1360 990 1546 1049 vestrarum
1571 987 1642 1063 ipso
1667 987 1846 1063 praestante
1859 985 1941 1062 tigi-

1159 1086 1268 1147 lanter
1285 1085 1451 1148 insistere.
1467 1083 1686 1145 Prolnbemus
1699 1099 1831 1161 quoque
1845 1084 1877 1143 ut
1890 1099 1943 1143 ne-

1159 1183 1242 1243 mini
1257 1183 1356 1244 liceat
1370 1180 1457 1242 inira
1473 1182 1634 1242 terminos
1652 1180 1820 1258 parochiae
1835 1182 1943 1240 vestrae

1160 1281 1231 1341 sine
1246 1281 1444 1342 auctoritate
1454 1279 1637 1340 dioecesani
1647 1277 1941 1355 episcopietvestro

1160 1393 1301 1440 assensu
1328 1377 1515 1449 ecclesiam,
1539 1376 1592 1436 vel
1614 1375 1800 1436 oratorium
1814 1375 1852 1434 de
1866 1390 1941 1434 noro

1160 1475 1338 1544 aedificare,
1370 1473 1473 1534 salvis
1509 1473 1695 1550 privilegiis
1731 1475 1942 1534 Romanorum

1160 1573 1353 1650 pontificum
1372 1569 1566 1632 :libertates
1590 1573 1753 1646 praeterea
1776 1571 1810 1631 et
1830 1570 1941 1628 immu-

1160 1672 1281 1732 nitates
1305 1669 1460 1746 antiquas
1484 1668 1517 1729 et
1535 1665 1753 1728 rationabiles
1775 1668 1942 1728 consuetu-

1160 1768 1254 1828 dines
1269 1767 1420 1828 ecclesiae
1440 1766 1560 1826 vestrae
1584 1779 1772 1834 concessas,
1790 1765 1822 1824 et
1836 1763 1941 1823 hacte-

1160 1882 1223 1925 nus
1247 1863 1441 1925 observatas
1458 1863 1549 1923 ratas
1571 1860 1743 1932 habemus,
1760 1861 1857 1922 eteas
1871 1875 1941 1936 per-

1160 1962 1267 2040 petuis
1315 1958 1518 2038 temporibus
1562 1958 1710 2019 illibatas
1761 1972 1942 2034 permanere

1160 2059 1339 2121 sancimus.
1363 2058 1544 2119 Statuimus
1562 2056 1708 2132 insuper,
1726 2057 1762 2116 ut
1776 2071 1842 2116 non
1854 2055 1941 2114 liceat

1160 2152 1939 2235 episcopovestroinvosvelecclesiamresiram

1161 2257 1232 2316 sine
1247 2253 1422 2316 manifesta
1444 2252 1476 2313 et
1490 2249 1681 2312 rationabili
1697 2265 1801 2310 causa
1816 2265 1939 2309 encom-

1160 2349 1394 2414 munioationis
1415 2349 1467 2409 vel
1487 2347 1861 2430 interdictisententiam
1874 2359 1942 2422 pro-

1161 2449 1320 2523 mulgare.
1348 2445 1559 2523 sepulturam
1583 2445 1746 2520 praeterea
1771 2443 1872 2519 ipsius
1886 2441 1942 2501 loci

1161 2546 1301 2607 liberam
1327 2560 1400 2605 esse
1423 2541 1642 2613 decernimus,
1669 2543 1705 2602 ut
1721 2555 1836 2601 eorum
1851 2541 1943 2600 deto-

1159 2643 1243 2705 tioni
1263 2643 1295 2702 et
1314 2641 1470 2701 extremae
1484 2636 1664 2708 voluntati,
1688 2637 1799 2714 quise
1819 2636 1885 2695 illio
1898 2650 1944 2694 se-

1161 2739 1259 2816 peliri
1281 2735 1550 2806 deliberaverint,
1576 2733 1642 2794 nisi
1662 2732 1748 2794 sorte
1764 2747 1943 2793 excommu-

1162 2836 1263 2897 nicati
1284 2835 1337 2896 vel
1353 2833 1533 2902 interdicti,
1558 2830 1669 2891 nullus
1681 2829 1822 2892 obsistat
1837 2845 1844 2889 τ
1861 2827 1942 2889 salta

1161 2936 1271 2997 tamen
1308 2930 1440 3009 justitia
1480 2929 1615 2989 illarum
1665 2927 1894 2996 ecclesiarum,
1926 2941 1941 2984 a

1162 3031 1279 3110 quibus
1308 3031 1513 3090 mortuorum
1551 3041 1691 3102 corpora
1726 3027 1941 3085 assumuntur.

1162 3129 1309 3190 Obeunte
1324 3141 1402 3188 vero
1419 3125 1462 3192 te,
1485 3140 1572 3185 nuuc
1587 3122 1736 3200 ejusdem
1751 3121 1816 3183 loci
1831 3121 1940 3198 priore,

1162 3227 1372 3290 veltuorum
1398 3221 1545 3301 quolibet
1574 3233 1816 3290 successorum,
1843 3218 1942 3280 nullus

1162 3323 1208 3386 ibi
1230 3321 1376 3400 qualibet
1401 3319 1625 3394 subreptionis
1642 3319 1778 3389 astutia,
1805 3333 1863 3377 seu
1885 3316 1942 3376 rio

1162 3422 1275 3492 lentia,
1292 3418 1517 3497 praeponatur,
1534 3415 1599 3476 nisi
1615 3431 1711 3492 quern
1728 3415 1847 3475 fratres
1864 3427 1942 3474 oom-

1163 3519 1253 3580 muni
1281 3531 1445 3579 consensu
1465 3514 1517 3575 vel
1549 3513 1690 3582 fratrum
1719 3529 1796 3590 pars
1824 3509 1941 3573 consilii

1163 3615 1317 3684 sanioris,
1346 3611 1527 3674 secundum
1551 3611 1610 3672 Dei
1634 3611 1788 3671 timorem
1808 3607 1942 3686 pronde

1162 3715 1229 3776 rint
1242 3713 1445 3788 eligendum.

1201 3810 1417 3874 Decernimus
1441 3822 1521 3884 ergo
1543 3809 1577 3867 ut
1598 3805 1682 3867 nulli
1701 3806 1837 3866 omnino
1852 3802 1941 3864 boni·

1163 3927 1241 3971 num
1282 3907 1381 3969 liceat
1412 3905 1584 3983 praelatam
1618 3903 1794 3965 ecclesiam
1829 3903 1938 3964 temere

1162 4006 1356 4084 perturbare
1384 4005 1436 4066 rel
1463 4005 1534 4079 eJ'us
1557 4001 1785 4079 possessiones
1810 3999 1938 4063 auferre.

1162 4105 1290 4166 ablatas
1314 4101 1470 4172 retinere,
1497 4101 1647 4160 minuere
1672 4115 1732 4162 seu
1755 4095 1942 4175 quibuslibet

1164 4200 1395 4264 venationibus
1419 4197 1571 4273 fatigare,
1603 4196 1660 4256 sed
1687 4196 1800 4257 omnia
1826 4196 1941 4267 integra

1162 4301 1347 4370 serventur,
1363 4312 1478 4358 eorum
1494 4311 1552 4372 pro
1564 4309 1704 4371 quorum
1714 4291 1942 4368 gubernatione

1162 4398 1195 4459 et
1214 4393 1456 4458 sustentatione
1471 4405 1631 4452 concessa
1650 4388 1738 4459 sunt,
1759 4386 1871 4450 usibus
1882 4399 1943 4444 om-

1162 4493 1304 4556 nimodis
1328 4490 1511 4568 profutura,
1537 4487 1631 4548 salva
1649 4485 1744 4546 Sedis
1760 4483 1942 4561 Apostolicae

1162 4590 1360 4654 anctoritate
1375 4590 1408 4648 et
1422 4584 1605 4646 Florentini
1627 4581 1775 4660 episcopi
1797 4578 1942 4643 canonica

1158 4689 1300 4768 justitia.
1317 4687 1434 4762 Siqua
1454 4683 1557 4760 igitur
1574 4682 1609 4742 in
1622 4679 1769 4742 futurum
1781 4677 1943 4741 ecclesias·
1993 4679 1994 4688 ’

1161 4788 1225 4850 tica
1238 4783 1451 4847 saecularisve
1460 4793 1602 4859 persona
1612 4778 1698 4840 banc
1709 4778 1830 4838 nostrae
1840 4771 1942 4836 cousti-

1162 4884 1298 4947 tutionis
1318 4881 1474 4958 paginam
1492 4878 1600 4938 sciens
1613 4877 1730 4938 contra
1746 4889 1819 4935 eam
1833 4875 1941 4934 temere

1161 4981 1275 5045 venire
1288 4977 1476 5047 tentaverit,
1492 4973 1637 5036 secundo
1658 4973 1798 5034 tertioue
1817 4982 1941 5032 commo·

1162 5080 1243 5150 nita,
1260 5075 1327 5138 nisi
1342 5076 1473 5136 reatum
1493 5087 1591 5133 suum
1614 5070 1716 5146 digna
1731 5067 1941 5130 satisfactione

1162 5174 1358 5245 correxerit,
1375 5169 1547 5248 potestatis
1563 5165 1767 5243 honorisque
1779 5165 1831 5226 sui
1845 5160 1942 5225 eareat

1162 5272 1334 5348 dignitate,
1357 5282 1515 5343 reamque
1537 5280 1573 5326 se
1599 5263 1713 5324 divino
1734 5262 1858 5339 jndicio
1872 5259 1942 5320 enis-

1161 5372 1231 5431 tere
1265 5367 1305 5428 de
1340 5365 1529 5442 perpetrata
1552 5360 1728 5438 iniquitate
1769 5357 1940 5435 cognoscat,

1162 5467 1195 5528 et
1220 5481 1239 5526 a
1261 5463 1488 5526 sacratissimo
1504 5473 1641 5536 corpore
1666 5473 1706 5518 ac
1722 5455 1880 5532 sanguine
1893 5451 1941 5512 Dei

1163 5565 1196 5624 et
1207 5561 1339 5623 Domini
1357 5558 1586 5635 Redemptoris
1608 5555 1715 5617 nostri
1729 5557 1809 5617 Jesu
1834 5547 1940 5613 Christi

1161 5660 1273 5722 alinea
1298 5658 1365 5728 ilat,
1385 5660 1484 5734 atque
1506 5657 1540 5716 in
1557 5656 1707 5716 extremo
1723 5652 1874 5714 examine
1885 5647 1942 5706 dis·
1992 5645 1993 5726 j

1161 5757 1269 5818 triotae
1284 5755 1403 5817 ultioni
1423 5753 1604 5830 subjaceat.
1629 5750 1764 5812 Cunctis
1777 5751 1882 5810 autem
1896 5745 1939 5806 ei·
1992 5745 1993 5750 ’
