4002 6326
96 415 147 476 lot

98 575 212 648 dumus,
228 575 400 652 quatenus,
417 573 446 636 si
461 572 583 638 dictam
603 575 874 638 excommunica-

95 675 184 738 tionis
196 674 392 736 sententiam
406 673 481 751 post
493 673 684 752 hujusmodi
695 673 873 752 apellatio-

96 787 161 832 nem
182 769 379 832 inveneritis
403 786 476 833 esse
498 769 610 845 latam,
639 771 873 834 denuntiantes

97 885 160 933 eam
178 869 306 946 penitus
329 885 397 930 non
421 869 548 954 tenere,
576 869 612 933 in
640 871 756 932 eadem
772 885 874 931 causa

93 969 178 1048 juxta
190 967 335 1046 priorum
346 967 534 1030 litterarum
549 967 800 1041 continentiam,
812 983 874 1029 ra-

96 1066 175 1127 tione
189 1066 312 1142 praevia
325 1065 530 1142 procedatis3
544 1067 693 1144 alioquin
703 1070 816 1144 partes
832 1066 873 1127 ad

97 1165 231 1242 priorum
240 1163 391 1242 judicum
406 1164 584 1226 remittatis
597 1179 750 1238 examen,
765 1163 876 1242 appel·

96 1261 191 1324 lantes
205 1262 239 1322 in
254 1263 411 1340 expensis
427 1261 593 1340 ⁴legitimis
612 1262 873 1326 condemnando.

96 1361 197 1422 Testes
223 1361 333 1422 autem
360 1361 557 1438 quiiuerint
582 1362 756 1431 nominati,
783 1361 812 1424 si
840 1374 876 1422 se

97 1458 203 1533 gratia,
223 1457 300 1520 odio
325 1458 380 1521 vel
406 1458 526 1522 timore
553 1456 791 1532 subtraxerint,
816 1473 877 1538 per
948 1515 951 1522 ,

97 1571 258 1618 censuram
274 1556 547 1632 ecclesiasticam,
561 1556 784 1636 appellatione
798 1570 875 1619 ces-

98 1655 192 1726 sante,
212 1653 339 1729 cogatis
362 1655 498 1717 veritati
512 1655 738 1718 testimonium
758 1653 875 1732 perbi-

96 1751 175 1814 bere.
191 1754 282 1826 Quod
305 1753 333 1815 si
348 1771 415 1816 non
430 1769 544 1818 omnes
568 1756 622 1818 his
650 1755 877 1834 exsequendis

97 1851 258 1928 potueritis
271 1850 446 1926 interesse,
462 1851 527 1914 duo
540 1857 688 1916 vestrum
703 1870 743 1916 ea
754 1853 878 1916 nibilo-

97 1948 785 2027 minusexsequantrrr.1)atumAnagniae,il
798 1967 875 2014 non.

98 2045 240 2120 octobris,
256 2047 470 2124 pontificatus
484 2049 591 2111 nostri
603 2064 691 2112 anno
706 2051 834 2112 octavo.

416 2427 551 2516 XVIII

98 2598 143 2658 Ad
150 2583 361 2676 'moqtstvutm
381 2597 416 2660 et
440 2597 573 2673 tratres
599 2597 734 2661 nutritoe
752 2599 880 2674 Templi

373 2697 412 2756 tn
426 2697 593 2758 Francia.

371 2840 494 2900 doctob.
512 2842 592 2900 last.

112 2982 224 3050 [Regest.,
237 2982 286 3035 lib.
297 2982 365 3045 VIII,
375 2983 450 3048 epist.
460 2983 500 3034 57.
511 2983 569 3035 Itss.
589 2983 626 3036 La
637 2983 714 3034 Portu
724 2982 759 3034 du
769 2983 865 3050 rheti]

100 3125 203 3186 inhibet
224 3141 262 3186 no
285 3126 494 3200 possessiones,
521 3125 558 3184 ad
582 3125 740 3186 dominium
764 3123 882 3184 iratmm

130 3215 232 3272 militiae
246 3214 358 3287 Templi
373 3215 557 3289 pertinentes,
575 3215 610 3272 ab
626 3213 767 3290 aliquibus
781 3215 884 3278 Cister-

131 3305 231 3362 ciensis
249 3303 359 3362 ordinis
375 3303 537 3378 comparari
552 3304 671 3378 possint.

133 3451 309 3524 Honorius,
331 3449 406 3522 etc,
432 3449 564 3512 dilectis
578 3449 695 3512 filiis...
722 3450 882 3528 magistro

101 3549 129 3608 et
142 3547 294 3610 tratribus
310 3547 439 3610 militia
454 3547 582 3624 Templi
597 3547 631 3608 in
646 3550 803 3622 Francia,
827 3565 885 3611 sa-

102 3642 191 3706 lutem
206 3647 238 3708 et
248 3645 476 3722 Apostolicam
490 3643 768 3708 benedictionem.

136 3745 236 3815 Quum
262 3742 352 3804 siout
371 3757 415 3804 ex
437 3743 531 3820 parte
555 3742 743 3806 devotionis
763 3745 883 3807 vestrae

102 3838 156 3902 luit
168 3841 290 3904 nostris
304 3839 443 3901 auribus
458 3839 660 3912 intimatum,
684 3841 817 3918 quidam
829 3841 885 3904 ab·

102 3937 195 4012 bates,
210 3939 343 4016 priores
357 3937 390 4000 et
410 3937 568 3999 monachi
583 3937 778 4001 cistercien.
792 3939 885 4001 ordi-

102 4035 158 4108 uis,
169 4037 266 4099 etalii
278 4035 343 4098 viri
355 4034 505 4111 religiosi
514 4037 882 4114 terras,p0ssessi0nes‚

103 4133 132 4193 et
140 4133 284 4196 redditus
300 4133 341 4195 ad
356 4134 503 4195 vestrum
516 4131 699 4195 dominium
714 4135 886 4212 pertinen-

102 4230 886 4310 tesavestrishominibuscomparareetappro·

103 4329 203 4404 priare
217 4329 294 4402 sibi,
303 4327 399 4392 volus
414 4329 542 4400 invitis,
558 4329 750 4392 investrum
763 4345 886 4406 grava-

104 4441 170 4488 men
194 4430 227 4491 et
250 4427 482 4506 praejudicium
516 4441 584 4488 non
607 4425 796 4502 formident,
824 4445 885 4491 nos

103 4525 211 4587 vestris
237 4527 272 4588 et
300 4526 421 4588 vestrm
456 4523 574 4586 domus
611 4523 885 4593 indemnitatibus

104 4635 295 4697 praecavere,
308 4623 466 4700 quantum
482 4637 557 4684 oum
577 4624 645 4685 Deo
658 4624 691 4685 et
712 4624 885 4688 honestate

646 327 658 358 t

680 413 908 476 EPISTOLAE.
933 414 1012 476 LIB.
1035 411 1120 474 VIII.

1278 578 1370 668 XIX

949 739 1002 799 Ad
1022 739 1186 798 ibernam
1200 734 1477 810 strigoniensem
1496 729 1700 803 arebteptro.

1204 863 1333 923 ioetob.
1363 861 1441 920 1223.

1084 989 1175 1056 [I'ejsn
1186 989 1269 1042 Codex
1283 987 1405 1052 Diplom,
1418 985 1461 1048 111,
1473 999 1490 1044 ι,
1499 983 1566 1047 lla]

929 1116 964 1176 ui
990 1114 1121 1174 coneedit
1145 1122 1176 1174 ut
1199 1113 1367 1187 prebendas
1390 1120 1492 1172 tenues
1518 1110 1721 1168 canonioomm

964 1219 1081 1264 suorum
1096 1219 1113 1262 e
1128 1203 1312 1277 proventibus
1326 1203 1499 1276 capellarum
1511 1200 1721 1273 inperpetuum
1827 1226 1833 1239 ι

966 1293 1208 1352 annectendnmm
1221 1299 1408 1368 augmentare
1427 1289 1525 1364 possit.

970 1430 1149 1503 Honorius,
1193 1430 1269 1503 etc,
1304 1426 1557 1504 archiepiscopo
1596 1421 1725 1500 strigo-

929 1528 1053 1601 niensi,
1069 1528 1145 1600 etc„
1161 1527 1312 1590 salutem.
1787 1525 1788 1533 ’

971 1625 1127 1703 Experto
1140 1626 1199 1687 tua
1213 1624 1309 1686 nobis
1328 1622 1390 1685 tuit
1406 1619 1578 1682 humiliter
1597 1617 1725 1695 suppli·

932 1723 1053 1796 catum,
1070 1724 1106 1786 ut
1123 1739 1235 1801 quum,
1264 1721 1350 1783 sicut
1375 1719 1511 1790 asseris,
1537 1715 1724 1795 praebendae

933 1821 1172 1899 strigoniensis
1183 1819 1333 1882 eoelesiae
1346 1821 1463 1880 tenues
1476 1817 1543 1877 sint
1551 1813 1727 1892 aqualiter

931 1921 966 1982 et
980 1919 1096 1990 exiles,
1114 1919 1154 1979 de
1167 1917 1280 1980 nostra
1296 1915 1515 1994 permissione
1531 1911 1649 1974 liceret
1662 1925 1724 1972 ca-

931 2017 1062 2080 nonicis
1074 2014 1357 2092 strigoniensibus
1372 2011 1412 2074 ad
1426 2010 1654 2089 provisionem
1668 2023 1726 2070 eo-

931 2131 1008 2178 rum
1021 2113 1209 2190 augendam
1235 2111 1398 2174 conterre.
1413 2111 1536 2172 Verum
1557 2106 1637 2169 licet
1650 2119 1729 2183 per-

934 2229 1050 2277 sonam
1066 2213 1155 2275 tuam
1179 2211 1311 2274 sincero
1331 2209 1365 2271 in
1394 2206 1526 2270 Christo
1550 2204 1728 2282 diligamus

934 2311 1067 2382 affectu,
1078 2309 1188 2387 parati
1199 2307 1358 2388 quantum
1374 2322 1448 2368 cum
1468 2308 1536 2367 Deo
1552 2315 1728 2382 possumus

934 2410 1001 2472 tuis
1014 2409 1099 2472 votis
1117 2407 1259 2470 libenter
1274 2421 1434 2478 annuere,
1457 2417 1497 2466 ao
1521 2401 1728 2464 condescen-

935 2506 1014 2568 dere
1026 2505 1222 2584 postulatIs3
1239 2503 1318 2583 quia
1332 2504 1444 2566 tamen
1456 2515 1517 2579 per
1538 2499 1603 2561 hoc
1621 2498 1729 2560 statu-

933 2604 978 2666 tis
989 2603 1208 2680 derogaretur
1219 2600 1386 2677 generalis
1403 2596 1554 2668 concilii,
1570 2611 1643 2673 quae
1663 2608 1728 2657 uo-

934 2700 1045 2763 lumus
1067 2700 1265 2763 inconcusse
1291 2696 1431 2770 servari,
1453 2695 1487 2758 te
1505 2695 1568 2756 hae
1582 2693 1617 2754 in
1633 2691 1728 2769 parte

936 2797 1146 2876 nequivimus
1161 2796 1332 2859 exaudire.
1350 2798 1456 2857 Porro
1471 2806 1572 2870 super
1584 2789 1727 2866 gratiam

935 2895 995 2958 tibi
1031 2911 1050 2956 a
1086 2893 1182 2955 nobis
1217 2891 1400 2954 exhibitam
1429 2889 1571 2966 gratiam
1599 2886 1730 2948 facien-

935 2995 997 3067 tes,
1035 2989 1237 3054 fraternitati
1268 2991 1335 3052 tuae
1363 2987 1577 3066 praesentium
1610 2983 1729 3046 auoto-

935 3091 1035 3154 ritate
1058 3089 1282 3160 concedimus,
1309 3087 1345 3150 ut
1370 3085 1400 3147 si
1423 3085 1559 3149 evidens
1581 3081 1732 3144 necesst-

936 3189 1000 3262 tas,
1014 3188 1067 3250 vel
1083 3186 1209 3249 utilitas
1230 3185 1354 3260 exigat,
1375 3181 1526 3245 ecelesiae
1539 3179 1729 3242 memoratae

936 3283 1132 3365 praebendas
1142 3282 1331 3360 decapellis
1346 3281 1381 3342 in
1393 3280 1588 3359 perpetuum
1604 3291 1731 3338 anneo-

936 3383 1045 3446 tendis
1058 3381 1183 3444 eisdem
1192 3381 1307 3443 valeas
1321 3380 1408 3441 sicut
1424 3377 1625 3440 discretione
1638 3389 1730 3452 prea-

936 3482 993 3543 via
1022 3479 1180 3558 expedire
1214 3477 1351 3548 viderIs,
1382 3475 1608 3552 augmentare.
1639 3469 1732 3534 Nulli

932 3570 1730 3654 'ergoomninohominumliceathancpaginam,

938 3677 1001 3738 etc.
1018 3675 1054 3736 Si
1069 3675 1144 3754 quis
1158 3671 1269 3734 autem
1288 3671 1354 3732 'hoc
1368 3670 1533 3732 adenmre
1547 3681 1732 3743 praesump-

940 3773 1032 3845 serit,
1062 3769 1326 3848 indignationem
1347 3765 1583 3844 omnipotentis
1609 3762 1668 3824 Dei
1699 3761 1732 3824 et

938 3871 1111 3932 beatorum
1127 3868 1220 3930 Petri
1241 3868 1274 3929 et
1297 3865 1394 3927 Pauli
1418 3862 1643 3941 apostolorum
1657 3861 1732 3936 ejus

940 3984 976 4030 se
1006 3965 1138 4029 noverit
1163 3965 1387 4026 incursurum.
1413 3962 1532 4024 Datum
1558 3958 1731 4034 Anagniae,

940 4065 1038 4128 nonis
1053 4062 1209 4137 octobris,
1226 4061 1438 4141 pontificatus
1452 4058 1560 4122 nostri
1574 4071 1662 4120 anno
1675 4071 1734 4118 oc-

939 4165 1027 4227 tavo.

1302 4417 1372 4505 XX

985 4567 1038 4628 Ad
1063 4565 1402 4661 Hildertsbemoesom
1418 4557 1452 4620 et
1476 4558 1693 4619 Mindeoscm

1243 4663 1428 4734 apocopum

105 4733 283 4793 possumus,
300 4721 485 4798 cupientes,
504 4720 639 4782 natalia
653 4719 694 4782 de
710 4722 830 4784 caetero
844 4722 887 4784 ab
938 4746 942 4752 ’

107 4815 264 4894 aliquibus
282 4817 496 4890 attententur,
513 4818 711 4882 auctoritate
734 4835 886 4896 praesen-

105 4910 177 4974 tium
187 4915 372 4978 districtIus
387 4915 587 4976 iuhibemus.
599 4916 692 4978 Nulli
703 4932 783 4993 ergo
800 4917 886 4982 hano

104 5013 246 5086 paginam
256 5014 380 5075 nostrae
391 5011 601 5075 inhibitionis
611 5013 808 5090 intringere,
819 5017 883 5078 etc.

106 5107 218 5188 siquis
232 5112 356 5182 autem,
375 5111 437 5172 etc.
456 5111 574 5172 natum
588 5113 762 5188 Anagniae,
779 5115 809 5174 11
824 5129 887 5175 no-

105 5219 158 5269 nas
172 5208 327 5278 octobris,
341 5223 430 5269 anno
444 5207 574 5272 octavo.

141 5380 343 5440 lueumdem
361 5377 502 5440 modum
516 5376 675 5456 seriptum
688 5379 739 5442 est
757 5381 885 5457 magis-

107 5472 151 5536 tro
165 5475 366 5538 ettratribus
390 5475 520 5537 militia
543 5476 670 5554 Templi
694 5477 731 5538 in
753 5479 885 5556 Anglia.

1223 4793 1240 4850 7
1258 4788 1352 4850 octob.
1369 4789 1449 4848 itti.

968 4918 1086 4986 [wanoh
1101 4917 1233 4969 Hesriscbe
1247 4914 1480 4980 landesgascbicte,
1498 4911 1722 4996 1111111101]

942 5047 977 5106 Ut
992 5043 1086 5103 abbati
1111 5051 1140 5103 et
1160 5041 1314 5100 conventui
1333 5039 1498 5098 monasterii
1517 5037 1553 5096 de
1572 5038 1732 5096 Helmwar-

976 5133 1130 5202 deshuseu,
1151 5131 1286 5202 chrisma,
1311 5131 1406 5189 oleum
1428 5134 1570 5196 sanotmn,
1594 5133 1661 5196 eto,
1678 5126 1732 5183 im-

976 5221 1112 5296 pendant.

980 5348 1147 5411 Honorius
1156 5345 1341 5430 epIscopuS,
1352 5360 1467 5408 servus
1479 5341 1732 5416 servorumoei,

941 5445 1187 5511 venerabilibus
1203 5439 1494 5506 Hildenshemensi
1520 5441 1552 5502 et
1569 5439 1734 5502 Mindensi

943 5543 1119 5623 episeopis,
1137 5542 1277 5604 salutem
1292 5542 1323 5603 et
1338 5538 1561 5618 Apostolicam
1574 5536 1735 5599 benedic-

943 5643 1078 5706 tIonem.
1394 5705 1398 5716 ,

984 5739 1077 5804 Sicut
1091 5737 1316 5803 intelleximus
1328 5733 1565 5798 monasterium
1576 5733 1616 5795 de
1627 5733 1735 5797 Helm·
