<?xml version="1.0" encoding="UTF-8"?>
<!DOCTYPE html PUBLIC "-//W3C//DTD XHTML 1.0 Transitional//EN"
    "http://www.w3.org/TR/xhtml1/DTD/xhtml1-transitional.dtd">
<html xmlns="http://www.w3.org/1999/xhtml" xml:lang="en" lang="en">
 <head>
  <title>
</title>
<meta http-equiv="Content-Type" content="text/html;charset=utf-8" />
  <meta name='ocr-system' content='tesseract 3.04.00' />
  <meta name='ocr-capabilities' content='ocr_page ocr_carea ocr_par ocr_line ocrx_word'/>
</head>
<body>
  <div class='ocr_page' id='page_1' title='image "./mediiaevibiblio06bottgoog_0046.png"; bbox 0 0 4168 6344; ppageno 0'>
   <div class='ocr_carea' id='block_1_1' title="bbox 145 325 1790 404">
    <p class='ocr_par' dir='ltr' id='par_1_1' title="bbox 145 325 1790 404">
     <span class='ocr_line' id='line_1_1' title="bbox 145 325 1790 404; baseline 0.009 -16"><span class='ocrx_word' id='word_1_1' title='bbox 145 325 187 388; x_wconf 82' lang='lat' dir='ltr'><strong>ol</strong></span> <span class='ocrx_word' id='word_1_2' title='bbox 752 327 980 397; x_wconf 69' lang='lat' dir='ltr'><strong>haustuum.</strong></span> <span class='ocrx_word' id='word_1_3' title='bbox 1004 331 1082 396; x_wconf 79' lang='lat' dir='ltr'><strong>uiis.</strong></span> <span class='ocrx_word' id='word_1_4' title='bbox 1104 332 1160 398; x_wconf 84' lang='lat' dir='ltr'><strong>vi.</strong></span> <span class='ocrx_word' id='word_1_5' title='bbox 1749 339 1790 404; x_wconf 79' lang='lat'><strong>62</strong></span> 
     </span>
    </p>
   </div>
   <div class='ocr_carea' id='block_1_2' title="bbox 142 481 1790 1350">
    <p class='ocr_par' dir='ltr' id='par_1_2' title="bbox 142 481 1790 1253">
     <span class='ocr_line' id='line_1_2' title="bbox 142 481 1788 571; baseline 0.009 -25"><span class='ocrx_word' id='word_1_6' title='bbox 142 481 301 546; x_wconf 77' lang='lat' dir='ltr'><strong>volumus</strong></span> <span class='ocrx_word' id='word_1_7' title='bbox 315 482 460 548; x_wconf 85' lang='lat' dir='ltr'><strong>fideliter</strong></span> <span class='ocrx_word' id='word_1_8' title='bbox 470 485 646 564; x_wconf 81' lang='lat' dir='ltr'><strong>impertiri,</strong></span> <span class='ocrx_word' id='word_1_9' title='bbox 659 486 739 565; x_wconf 83' lang='lat' dir='ltr'><strong>qula</strong></span> <span class='ocrx_word' id='word_1_10' title='bbox 754 503 815 566; x_wconf 88' lang='lat' dir='ltr'><strong>per</strong></span> <span class='ocrx_word' id='word_1_11' title='bbox 828 503 887 552; x_wconf 91' lang='lat' dir='ltr'><strong>eos</strong></span> <span class='ocrx_word' id='word_1_12' title='bbox 901 489 942 552; x_wconf 92' lang='lat' dir='ltr'><strong>de</strong></span> <span class='ocrx_word' id='word_1_13' title='bbox 997 490 1084 568; x_wconf 80' lang='lat' dir='ltr'><strong>quod</strong></span> <span class='ocrx_word' id='word_1_14' title='bbox 1098 491 1281 555; x_wconf 87' lang='lat' dir='ltr'><strong>statueritis</strong></span> <span class='ocrx_word' id='word_1_15' title='bbox 1304 505 1365 571; x_wconf 90' lang='lat' dir='ltr'><strong>per</strong></span> <span class='ocrx_word' id='word_1_16' title='bbox 1382 505 1556 556; x_wconf 81' lang='lat' dir='ltr'><strong>censuram</strong></span> <span class='ocrx_word' id='word_1_17' title='bbox 1579 494 1788 560; x_wconf 85' lang='lat' dir='ltr'><strong>ecclesiasti-</strong></span> 
     </span>
     <span class='ocr_line' id='line_1_3' title="bbox 144 579 1789 671; baseline 0.009 -31"><span class='ocrx_word' id='word_1_18' title='bbox 144 579 240 642; x_wconf 85' lang='lat' dir='ltr'><strong>iacili</strong></span> <span class='ocrx_word' id='word_1_19' title='bbox 265 581 398 658; x_wconf 84' lang='lat' dir='ltr'><strong>quidem</strong></span> <span class='ocrx_word' id='word_1_20' title='bbox 422 583 638 658; x_wconf 79' lang='lat' dir='ltr'><strong>contingeret,</strong></span> <span class='ocrx_word' id='word_1_21' title='bbox 669 583 756 662; x_wconf 81' lang='lat' dir='ltr'><strong>quod</strong></span> <span class='ocrx_word' id='word_1_22' title='bbox 782 601 944 664; x_wconf 87' lang='lat' dir='ltr'><strong>processu</strong></span> <span class='ocrx_word' id='word_1_23' title='bbox 997 603 1070 650; x_wconf 89' lang='lat' dir='ltr'><strong>eam</strong></span> <span class='ocrx_word' id='word_1_24' title='bbox 1085 589 1225 653; x_wconf 87' lang='lat' dir='ltr'><strong>tirmiter</strong></span> <span class='ocrx_word' id='word_1_25' title='bbox 1238 589 1420 664; x_wconf 81' lang='lat' dir='ltr'><strong>observari,</strong></span> <span class='ocrx_word' id='word_1_26' title='bbox 1433 591 1535 653; x_wconf 88' lang='lat' dir='ltr'><strong>testes</strong></span> <span class='ocrx_word' id='word_1_27' title='bbox 1549 591 1672 666; x_wconf 89' lang='lat' dir='ltr'><strong>autem,</strong></span> <span class='ocrx_word' id='word_1_28' title='bbox 1687 593 1716 655; x_wconf 89' lang='lat' dir='ltr'><strong>si</strong></span> <span class='ocrx_word' id='word_1_29' title='bbox 1731 593 1789 671; x_wconf 86' lang='lat' dir='ltr'><strong>qui</strong></span> 
     </span>
     <span class='ocr_line' id='line_1_4' title="bbox 143 679 1790 764; baseline 0.008 -25"><span class='ocrx_word' id='word_1_30' title='bbox 143 679 306 755; x_wconf 83' lang='lat' dir='ltr'><strong>temporis</strong></span> <span class='ocrx_word' id='word_1_31' title='bbox 329 695 397 741; x_wconf 93' lang='lat' dir='ltr'><strong>non</strong></span> <span class='ocrx_word' id='word_1_32' title='bbox 420 681 528 742; x_wconf 92' lang='lat' dir='ltr'><strong>solum</strong></span> <span class='ocrx_word' id='word_1_33' title='bbox 556 697 576 743; x_wconf 90' lang='lat' dir='ltr'><strong>a</strong></span> <span class='ocrx_word' id='word_1_34' title='bbox 604 685 762 746; x_wconf 80' lang='lat' dir='ltr'><strong>Romanae</strong></span> <span class='ocrx_word' id='word_1_35' title='bbox 789 685 942 747; x_wconf 79' lang='lat' dir='ltr'><strong>eeclesiae</strong></span> <span class='ocrx_word' id='word_1_36' title='bbox 996 685 1121 748; x_wconf 88' lang='lat' dir='ltr'><strong>suerint</strong></span> <span class='ocrx_word' id='word_1_37' title='bbox 1144 687 1316 760; x_wconf 88' lang='lat' dir='ltr'><strong>nominati,</strong></span> <span class='ocrx_word' id='word_1_38' title='bbox 1337 687 1367 748; x_wconf 94' lang='lat' dir='ltr'><strong>si</strong></span> <span class='ocrx_word' id='word_1_39' title='bbox 1388 703 1424 749; x_wconf 89' lang='lat' dir='ltr'><strong>se</strong></span> <span class='ocrx_word' id='word_1_40' title='bbox 1442 689 1561 764; x_wconf 82' lang='lat' dir='ltr'><strong>gratia,</strong></span> <span class='ocrx_word' id='word_1_41' title='bbox 1579 688 1654 752; x_wconf 91' lang='lat' dir='ltr'><strong>odio</strong></span> <span class='ocrx_word' id='word_1_42' title='bbox 1670 691 1723 752; x_wconf 78' lang='lat' dir='ltr'><strong>vel</strong></span> <span class='ocrx_word' id='word_1_43' title='bbox 1745 691 1790 752; x_wconf 83' lang='lat' dir='ltr'><strong>ti-</strong></span> 
     </span>
     <span class='ocr_line' id='line_1_5' title="bbox 144 775 1787 862; baseline 0.008 -26"><span class='ocrx_word' id='word_1_44' title='bbox 144 775 390 840; x_wconf 76' lang='lat' dir='ltr'><strong>obedientiaet</strong></span> <span class='ocrx_word' id='word_1_45' title='bbox 412 779 615 855; x_wconf 80' lang='lat' dir='ltr'><strong>magisterio,</strong></span> <span class='ocrx_word' id='word_1_46' title='bbox 638 779 696 842; x_wconf 90' lang='lat' dir='ltr'><strong>sed</strong></span> <span class='ocrx_word' id='word_1_47' title='bbox 718 779 759 842; x_wconf 91' lang='lat' dir='ltr'><strong>ab</strong></span> <span class='ocrx_word' id='word_1_48' title='bbox 774 782 943 844; x_wconf 75' lang='lat' dir='ltr'><strong>haeredum</strong></span> <span class='ocrx_word' id='word_1_49' title='bbox 997 797 1089 844; x_wconf 92' lang='lat' dir='ltr'><strong>more</strong></span> <span class='ocrx_word' id='word_1_50' title='bbox 1113 783 1338 847; x_wconf 80' lang='lat' dir='ltr'><strong>subtraxerint</strong></span> <span class='ocrx_word' id='word_1_51' title='bbox 1352 800 1411 862; x_wconf 91' lang='lat' dir='ltr'><strong>per</strong></span> <span class='ocrx_word' id='word_1_52' title='bbox 1429 801 1603 847; x_wconf 85' lang='lat' dir='ltr'><strong>censuram</strong></span> <span class='ocrx_word' id='word_1_53' title='bbox 1626 787 1787 858; x_wconf 89' lang='lat' dir='ltr'><strong>eamdem,</strong></span> 
     </span>
     <span class='ocr_line' id='line_1_6' title="bbox 144 873 1790 960; baseline 0.007 -26"><span class='ocrx_word' id='word_1_54' title='bbox 144 874 291 945; x_wconf 85' lang='lat' dir='ltr'><strong>tuorum,</strong></span> <span class='ocrx_word' id='word_1_55' title='bbox 321 873 355 935; x_wconf 90' lang='lat' dir='ltr'><strong>et</strong></span> <span class='ocrx_word' id='word_1_56' title='bbox 380 876 573 938; x_wconf 84' lang='lat' dir='ltr'><strong>Latinorum</strong></span> <span class='ocrx_word' id='word_1_57' title='bbox 602 875 748 940; x_wconf 91' lang='lat' dir='ltr'><strong>dominio</strong></span> <span class='ocrx_word' id='word_1_58' title='bbox 774 895 810 940; x_wconf 88' lang='lat' dir='ltr'><strong>se</strong></span> <span class='ocrx_word' id='word_1_59' title='bbox 837 881 943 942; x_wconf 85' lang='lat' dir='ltr'><strong>totuin</strong></span> <span class='ocrx_word' id='word_1_60' title='bbox 997 880 1220 957; x_wconf 82' lang='lat' dir='ltr'><strong>appellatione</strong></span> <span class='ocrx_word' id='word_1_61' title='bbox 1239 883 1401 956; x_wconf 88' lang='lat' dir='ltr'><strong>cessante,</strong></span> <span class='ocrx_word' id='word_1_62' title='bbox 1422 884 1547 960; x_wconf 81' lang='lat' dir='ltr'><strong>cogatis</strong></span> <span class='ocrx_word' id='word_1_63' title='bbox 1568 883 1700 946; x_wconf 86' lang='lat' dir='ltr'><strong>veritati</strong></span> <span class='ocrx_word' id='word_1_64' title='bbox 1713 883 1790 948; x_wconf 86' lang='lat' dir='ltr'><strong>tes-</strong></span> 
     </span>
     <span class='ocr_line' id='line_1_7' title="bbox 145 977 1789 1057; baseline 0.008 -18"><span class='ocrx_word' id='word_1_65' title='bbox 145 995 287 1055; x_wconf 77' lang='lat' dir='ltr'><strong>regnum</strong></span> <span class='ocrx_word' id='word_1_66' title='bbox 319 980 530 1044; x_wconf 83' lang='lat' dir='ltr'><strong>subtraheret</strong></span> <span class='ocrx_word' id='word_1_67' title='bbox 563 986 793 1046; x_wconf 89' lang='lat' dir='ltr'><strong>memoratum.</strong></span> <span class='ocrx_word' id='word_1_68' title='bbox 819 987 939 1047; x_wconf 87' lang='lat' dir='ltr'><strong>Datum</strong></span> <span class='ocrx_word' id='word_1_69' title='bbox 998 977 1171 1040; x_wconf 89' lang='lat' dir='ltr'><strong>timonium</strong></span> <span class='ocrx_word' id='word_1_70' title='bbox 1195 979 1381 1057; x_wconf 89' lang='lat' dir='ltr'><strong>perbibere.</strong></span> <span class='ocrx_word' id='word_1_71' title='bbox 1411 981 1502 1052; x_wconf 77' lang='lat' dir='ltr'><strong>Quod</strong></span> <span class='ocrx_word' id='word_1_72' title='bbox 1527 981 1555 1042; x_wconf 80' lang='lat' dir='ltr'><strong>Si</strong></span> <span class='ocrx_word' id='word_1_73' title='bbox 1579 997 1646 1042; x_wconf 84' lang='grc'>11011</span> <span class='ocrx_word' id='word_1_74' title='bbox 1674 997 1789 1044; x_wconf 72' lang='lat' dir='ltr'><strong>omnes</strong></span> 
     </span>
     <span class='ocr_line' id='line_1_8' title="bbox 146 1076 1790 1167; baseline 0.007 -37"><span class='ocrx_word' id='word_1_75' title='bbox 146 1085 323 1166; x_wconf 58' lang='lat' dir='ltr'><strong>patemus,</strong></span> <span class='ocrx_word' id='word_1_76' title='bbox 345 1085 446 1150; x_wconf 63' lang='lat' dir='ltr'><strong>terito</strong></span> <span class='ocrx_word' id='word_1_77' title='bbox 475 1086 636 1150; x_wconf 63' lang='lat' dir='ltr'><strong>kalendas</strong></span> <span class='ocrx_word' id='word_1_78' title='bbox 658 1089 827 1167; x_wconf 57' lang='lat' dir='ltr'><strong>januam,</strong></span> <span class='ocrx_word' id='word_1_79' title='bbox 855 1107 942 1154; x_wconf 66' lang='lat' dir='ltr'><strong>anno</strong></span> <span class='ocrx_word' id='word_1_80' title='bbox 998 1076 1040 1136; x_wconf 91' lang='lat' dir='ltr'><strong>iis</strong></span> <span class='ocrx_word' id='word_1_81' title='bbox 1068 1077 1288 1154; x_wconf 85' lang='lat' dir='ltr'><strong>exsequendis</strong></span> <span class='ocrx_word' id='word_1_82' title='bbox 1321 1077 1494 1155; x_wconf 90' lang='lat' dir='ltr'><strong>potueritis</strong></span> <span class='ocrx_word' id='word_1_83' title='bbox 1521 1080 1693 1152; x_wconf 88' lang='lat' dir='ltr'><strong>interesse,</strong></span> <span class='ocrx_word' id='word_1_84' title='bbox 1723 1079 1790 1141; x_wconf 93' lang='lat' dir='ltr'><strong>duo</strong></span> 
     </span>
     <span class='ocr_line' id='line_1_9' title="bbox 146 1174 1789 1253; baseline 0.005 -24"><span class='ocrx_word' id='word_1_85' title='bbox 146 1185 255 1246; x_wconf 61' lang='lat' dir='ltr'><strong>sexto,</strong></span> <span class='ocrx_word' id='word_1_86' title='bbox 997 1175 1144 1236; x_wconf 83' lang='lat' dir='ltr'><strong>vestrum</strong></span> <span class='ocrx_word' id='word_1_87' title='bbox 1166 1190 1206 1235; x_wconf 88' lang='lat' dir='ltr'><strong>ea</strong></span> <span class='ocrx_word' id='word_1_88' title='bbox 1228 1174 1445 1236; x_wconf 89' lang='lat' dir='ltr'><strong>nihilominus</strong></span> <span class='ocrx_word' id='word_1_89' title='bbox 1466 1179 1701 1253; x_wconf 85' lang='lat' dir='ltr'><strong>exsequentur.</strong></span> <span class='ocrx_word' id='word_1_90' title='bbox 1717 1178 1789 1238; x_wconf 89' lang='lat' dir='ltr'><strong>Da-</strong></span> 
     </span>
    </p>

    <p class='ocr_par' dir='ltr' id='par_1_3' title="bbox 998 1271 1787 1350">
     <span class='ocr_line' id='line_1_10' title="bbox 998 1271 1787 1350; baseline 0.005 -18"><span class='ocrx_word' id='word_1_91' title='bbox 998 1271 1069 1332; x_wconf 87' lang='lat' dir='ltr'><strong>tum</strong></span> <span class='ocrx_word' id='word_1_92' title='bbox 1083 1271 1250 1345; x_wconf 82' lang='lat' dir='ltr'><strong>Laterani,</strong></span> <span class='ocrx_word' id='word_1_93' title='bbox 1266 1272 1445 1350; x_wconf 86' lang='lat' dir='ltr'><strong>pontideat.</strong></span> <span class='ocrx_word' id='word_1_94' title='bbox 1460 1275 1567 1335; x_wconf 76' lang='lat' dir='ltr'><strong>nostm</strong></span> <span class='ocrx_word' id='word_1_95' title='bbox 1579 1289 1666 1336; x_wconf 91' lang='lat' dir='ltr'><strong>anno</strong></span> <span class='ocrx_word' id='word_1_96' title='bbox 1681 1274 1787 1337; x_wconf 83' lang='lat' dir='ltr'><strong>sexto.</strong></span> 
     </span>
    </p>
   </div>
   <div class='ocr_carea' id='block_1_3' title="bbox 468 1425 627 1514">
    <p class='ocr_par' dir='ltr' id='par_1_4' title="bbox 468 1425 627 1514">
     <span class='ocr_line' id='line_1_11' title="bbox 468 1425 627 1514; baseline 0.019 -2"><span class='ocrx_word' id='word_1_97' title='bbox 468 1425 627 1514; x_wconf 85' lang='lat' dir='ltr'>LXXIV</span> 
     </span>
    </p>
   </div>
   <div class='ocr_carea' id='block_1_4' title="bbox 145 1575 1557 1918">
    <p class='ocr_par' dir='ltr' id='par_1_5' title="bbox 145 1575 1557 1918">
     <span class='ocr_line' id='line_1_12' title="bbox 145 1575 1463 1666; baseline -0.008 -28"><span class='ocrx_word' id='word_1_98' title='bbox 145 1577 202 1638; x_wconf 84' lang='lat' dir='ltr'><strong>Ad</strong></span> <span class='ocrx_word' id='word_1_99' title='bbox 208 1575 439 1651; x_wconf 77' lang='lat' dir='ltr'><strong>praepositum</strong></span> <span class='ocrx_word' id='word_1_100' title='bbox 448 1577 799 1654; x_wconf 78' lang='lat' dir='ltr'><strong>coppemberpertoem</strong></span> <span class='ocrx_word' id='word_1_101' title='bbox 809 1581 946 1640; x_wconf 79' lang='lat' dir='ltr'><strong>Monos-</strong></span> <span class='ocrx_word' id='word_1_102' title='bbox 1324 1575 1463 1666; x_wconf 75' lang='lat' dir='ltr'>LXXV</span> 
     </span>
     <span class='ocr_line' id='line_1_13' title="bbox 187 1675 942 1749; baseline 0.003 -14"><span class='ocrx_word' id='word_1_103' title='bbox 187 1675 356 1735; x_wconf 70' lang='lat' dir='ltr'><strong>tamense</strong></span> <span class='ocrx_word' id='word_1_104' title='bbox 369 1676 537 1746; x_wconf 71' lang='lat' dir='ltr'><strong>dioeceses,</strong></span> <span class='ocrx_word' id='word_1_105' title='bbox 553 1675 588 1736; x_wconf 84' lang='lat' dir='ltr'><strong>at</strong></span> <span class='ocrx_word' id='word_1_106' title='bbox 602 1677 768 1738; x_wconf 77' lang='lat' dir='ltr'><strong>decadum</strong></span> <span class='ocrx_word' id='word_1_107' title='bbox 777 1678 814 1739; x_wconf 84' lang='lat' dir='ltr'><strong>S.</strong></span> <span class='ocrx_word' id='word_1_108' title='bbox 829 1679 942 1749; x_wconf 83' lang='lat' dir='ltr'><strong>Poott,</strong></span> 
     </span>
     <span class='ocr_line' id='line_1_14' title="bbox 185 1729 1557 1848; baseline -0.016 -14"><span class='ocrx_word' id='word_1_109' title='bbox 185 1785 230 1833; x_wconf 87' lang='lat' dir='ltr'><strong>ac</strong></span> <span class='ocrx_word' id='word_1_110' title='bbox 242 1772 460 1834; x_wconf 78' lang='lat' dir='ltr'><strong>scolasticum</strong></span> <span class='ocrx_word' id='word_1_111' title='bbox 474 1773 644 1848; x_wconf 69' lang='lat' dir='ltr'><strong>receperat.</strong></span> <span class='ocrx_word' id='word_1_112' title='bbox 1230 1729 1283 1790; x_wconf 63' lang='lat' dir='ltr'><strong>Ad</strong></span> <span class='ocrx_word' id='word_1_113' title='bbox 1300 1741 1421 1805; x_wconf 57' lang='lat' dir='ltr'><strong>mem</strong></span> <span class='ocrx_word' id='word_1_114' title='bbox 1443 1731 1557 1804; x_wconf 66' lang='lat' dir='ltr'><strong>Cilffl·</strong></span> 
     </span>
     <span class='ocr_line' id='line_1_15' title="bbox 1245 1855 1546 1918; baseline 0.003 -2"><span class='ocrx_word' id='word_1_115' title='bbox 1245 1855 1281 1915; x_wconf 80' lang='lat'><strong>30</strong></span> <span class='ocrx_word' id='word_1_116' title='bbox 1293 1855 1454 1916; x_wconf 84' lang='lat' dir='ltr'><strong>decembris</strong></span> <span class='ocrx_word' id='word_1_117' title='bbox 1468 1859 1546 1918; x_wconf 85' lang='grc'>1111,</span> 
     </span>
    </p>
   </div>
   <div class='ocr_carea' id='block_1_5' title="bbox 162 1901 1700 2102">
    <p class='ocr_par' dir='ltr' id='par_1_6' title="bbox 162 1901 1700 2102">
     <span class='ocr_line' id='line_1_16' title="bbox 396 1901 699 1962; baseline 0 -2"><span class='ocrx_word' id='word_1_118' title='bbox 396 1902 432 1960; x_wconf 84' lang='grc'><strong>30</strong></span> <span class='ocrx_word' id='word_1_119' title='bbox 445 1901 605 1962; x_wconf 82' lang='lat' dir='ltr'><strong>decembris</strong></span> <span class='ocrx_word' id='word_1_120' title='bbox 618 1903 699 1961; x_wconf 75' lang='lat' dir='ltr'><strong>llil.</strong></span> 
     </span>
     <span class='ocr_line' id='line_1_17' title="bbox 162 1979 1700 2102; baseline -0.029 -31"><span class='ocrx_word' id='word_1_121' title='bbox 162 2091 166 2102; x_wconf 38' lang='grc' dir='ltr'>Ι</span> <span class='ocrx_word' id='word_1_122' title='bbox 234 2025 423 2092; x_wconf 52' lang='lat' dir='ltr'><strong>[lappenhefffi</strong></span> <span class='ocrx_word' id='word_1_123' title='bbox 437 2025 574 2090; x_wconf 42' lang='lat' dir='ltr'><strong>flamm·</strong></span> <span class='ocrx_word' id='word_1_124' title='bbox 587 2027 647 2085; x_wconf 72' lang='lat' dir='ltr'><strong>tiit„</strong></span> <span class='ocrx_word' id='word_1_125' title='bbox 660 2027 680 2088; x_wconf 63' lang='lat' dir='ltr'>L</span> <span class='ocrx_word' id='word_1_126' title='bbox 692 2024 747 2088; x_wconf 51' lang='lat'><strong>390,</strong></span> <span class='ocrx_word' id='word_1_127' title='bbox 758 2038 785 2078; x_wconf 44' lang='lat' dir='ltr'><strong>n·</strong></span> <span class='ocrx_word' id='word_1_128' title='bbox 795 2025 863 2092; x_wconf 33' lang='lat' dir='ltr'><strong>ml]</strong></span> <span class='ocrx_word' id='word_1_129' title='bbox 1092 1979 1241 2045; x_wconf 73' lang='lat' dir='ltr'><strong>[heynuld.,</strong></span> <span class='ocrx_word' id='word_1_130' title='bbox 1251 1980 1318 2034; x_wconf 77' lang='lat' dir='ltr'><strong>Anti.</strong></span> <span class='ocrx_word' id='word_1_131' title='bbox 1329 1981 1400 2042; x_wconf 80' lang='lat' dir='ltr'><strong>ecel,</strong></span> <span class='ocrx_word' id='word_1_132' title='bbox 1409 1982 1442 2032; x_wconf 82' lang='lat' dir='ltr'><strong>ed</strong></span> <span class='ocrx_word' id='word_1_133' title='bbox 1451 1995 1512 2032; x_wconf 86' lang='lat' dir='ltr'><strong>siin.</strong></span> <span class='ocrx_word' id='word_1_134' title='bbox 1526 1981 1595 2042; x_wconf 87' lang='grc'>1111,</span> <span class='ocrx_word' id='word_1_135' title='bbox 1606 1983 1650 2048; x_wconf 66' lang='lat'><strong>18,</strong></span> <span class='ocrx_word' id='word_1_136' title='bbox 1662 1981 1700 2050; x_wconf 76' lang='grc'><strong>9,]</strong></span> 
     </span>
    </p>
   </div>
   <div class='ocr_carea' id='block_1_6' title="bbox 147 2103 1792 2269">
    <p class='ocr_par' dir='ltr' id='par_1_7' title="bbox 147 2103 1792 2269">
     <span class='ocr_line' id='line_1_18' title="bbox 147 2103 1792 2218; baseline 0.009 -18"><span class='ocrx_word' id='word_1_137' title='bbox 147 2143 199 2200; x_wconf 87' lang='lat' dir='ltr'><strong>Eis</strong></span> <span class='ocrx_word' id='word_1_138' title='bbox 218 2142 336 2201; x_wconf 89' lang='lat' dir='ltr'><strong>mandat</strong></span> <span class='ocrx_word' id='word_1_139' title='bbox 354 2149 386 2200; x_wconf 88' lang='lat' dir='ltr'><strong>ut</strong></span> <span class='ocrx_word' id='word_1_140' title='bbox 403 2143 578 2216; x_wconf 81' lang='lat' dir='ltr'><strong>investigent</strong></span> <span class='ocrx_word' id='word_1_141' title='bbox 599 2157 667 2200; x_wconf 89' lang='lat' dir='ltr'><strong>num</strong></span> <span class='ocrx_word' id='word_1_142' title='bbox 689 2145 810 2203; x_wconf 86' lang='lat' dir='ltr'><strong>eoncilia</strong></span> <span class='ocrx_word' id='word_1_143' title='bbox 828 2144 943 2218; x_wconf 88' lang='lat' dir='ltr'><strong>provin·</strong></span> <span class='ocrx_word' id='word_1_144' title='bbox 1000 2103 1792 2212; x_wconf 38' lang='grc' dir='ltr'><strong>11θεί03)Ϊί(Ῑυί.ῧυρριί0”θηῑ’Πῑρῖωιῗῑίεβΐωοίώ</strong></span> 
     </span>
     <span class='ocr_line' id='line_1_19' title="bbox 1034 2194 1791 2269; baseline 0.009 -19"><span class='ocrx_word' id='word_1_145' title='bbox 1034 2194 1164 2251; x_wconf 87' lang='lat' dir='ltr'><strong>ecclesiia</strong></span> <span class='ocrx_word' id='word_1_146' title='bbox 1179 2196 1344 2253; x_wconf 85' lang='lat' dir='ltr'><strong>Latinorum</strong></span> <span class='ocrx_word' id='word_1_147' title='bbox 1358 2203 1503 2269; x_wconf 83' lang='lat' dir='ltr'><strong>tamquam</strong></span> <span class='ocrx_word' id='word_1_148' title='bbox 1520 2197 1701 2269; x_wconf 73' lang='lat' dir='ltr'><strong>pontificibus</strong></span> <span class='ocrx_word' id='word_1_149' title='bbox 1711 2214 1791 2257; x_wconf 88' lang='lat' dir='ltr'><strong>eom·</strong></span> 
     </span>
    </p>
   </div>
   <div class='ocr_carea' id='block_1_7' title="bbox 147 2231 1795 2629">
    <p class='ocr_par' dir='ltr' id='par_1_8' title="bbox 147 2231 1795 2629">
     <span class='ocr_line' id='line_1_20' title="bbox 183 2231 1583 2306; baseline 0.006 -16"><span class='ocrx_word' id='word_1_150' title='bbox 183 2231 279 2300; x_wconf 87' lang='lat' dir='ltr'><strong>cielia,</strong></span> <span class='ocrx_word' id='word_1_151' title='bbox 301 2232 375 2289; x_wconf 88' lang='lat' dir='ltr'><strong>sicut</strong></span> <span class='ocrx_word' id='word_1_152' title='bbox 395 2231 526 2290; x_wconf 87' lang='lat' dir='ltr'><strong>canonici</strong></span> <span class='ocrx_word' id='word_1_153' title='bbox 547 2231 636 2289; x_wconf 88' lang='lat' dir='ltr'><strong>velint</strong></span> <span class='ocrx_word' id='word_1_154' title='bbox 654 2232 898 2306; x_wconf 80' lang='lat' dir='ltr'><strong>hamburgenses,</strong></span> <span class='ocrx_word' id='word_1_155' title='bbox 914 2234 944 2292; x_wconf 96' lang='lat' dir='ltr'><strong>in</strong></span> <span class='ocrx_word' id='word_1_156' title='bbox 1149 2283 1155 2295; x_wconf 89' lang='lat'><strong>.</strong></span> <span class='ocrx_word' id='word_1_157' title='bbox 1309 2285 1315 2298; x_wconf 94' lang='lat'><em>.</em></span> <span class='ocrx_word' id='word_1_158' title='bbox 1577 2285 1583 2298; x_wconf 91' lang='lat'>.</span> 
     </span>
     <span class='ocr_line' id='line_1_21' title="bbox 182 2281 1793 2378; baseline 0.008 -44"><span class='ocrx_word' id='word_1_159' title='bbox 182 2333 235 2378; x_wconf 62' lang='lat' dir='ltr'><strong>wa</strong></span> <span class='ocrx_word' id='word_1_160' title='bbox 251 2320 372 2377; x_wconf 52' lang='lat' dir='ltr'><strong>ecclesia</strong></span> <span class='ocrx_word' id='word_1_161' title='bbox 388 2318 511 2378; x_wconf 61' lang='lat' dir='ltr'>debeam</span> <span class='ocrx_word' id='word_1_162' title='bbox 524 2319 662 2378; x_wconf 49' lang='lat' dir='ltr'><strong>celebrari</strong></span> <span class='ocrx_word' id='word_1_163' title='bbox 1034 2281 1211 2341; x_wconf 87' lang='lat' dir='ltr'><strong>merentibus</strong></span> <span class='ocrx_word' id='word_1_164' title='bbox 1226 2291 1444 2356; x_wconf 81' lang='lat' dir='ltr'><strong>permitteretur,</strong></span> <span class='ocrx_word' id='word_1_165' title='bbox 1464 2293 1547 2359; x_wconf 88' lang='lat' dir='ltr'><strong>prout</strong></span> <span class='ocrx_word' id='word_1_166' title='bbox 1559 2294 1627 2357; x_wconf 88' lang='lat' dir='ltr'><strong>sint,</strong></span> <span class='ocrx_word' id='word_1_167' title='bbox 1643 2301 1793 2346; x_wconf 89' lang='lat' dir='ltr'><strong>remanere</strong></span> 
     </span>
     <span class='ocr_line' id='line_1_22' title="bbox 665 2363 1795 2446; baseline 0.01 -21"><span class='ocrx_word' id='word_1_168' title='bbox 665 2363 672 2378; x_wconf 86' lang='lat'>&#39;</span> <span class='ocrx_word' id='word_1_169' title='bbox 1035 2369 1065 2428; x_wconf 93' lang='lat' dir='ltr'><strong>in</strong></span> <span class='ocrx_word' id='word_1_170' title='bbox 1084 2371 1166 2429; x_wconf 85' lang='lat' dir='ltr'><strong>dictis</strong></span> <span class='ocrx_word' id='word_1_171' title='bbox 1180 2370 1360 2442; x_wconf 86' lang='lat' dir='ltr'><strong>dioeeesibus,</strong></span> <span class='ocrx_word' id='word_1_172' title='bbox 1375 2373 1529 2446; x_wconf 86' lang='lat' dir='ltr'><strong>respondet</strong></span> <span class='ocrx_word' id='word_1_173' title='bbox 1547 2376 1690 2434; x_wconf 85' lang='lat' dir='ltr'><strong>Honorius</strong></span> <span class='ocrx_word' id='word_1_174' title='bbox 1708 2377 1737 2434; x_wconf 93' lang='lat' dir='ltr'><strong>in</strong></span> <span class='ocrx_word' id='word_1_175' title='bbox 1751 2376 1795 2436; x_wconf 87' lang='lat' dir='ltr'><strong>eis</strong></span> 
     </span>
     <span class='ocr_line' id='line_1_23' title="bbox 186 2447 1793 2534; baseline 0.011 -28"><span class='ocrx_word' id='word_1_176' title='bbox 186 2447 357 2508; x_wconf 85' lang='lat' dir='ltr'><strong>Honorius</strong></span> <span class='ocrx_word' id='word_1_177' title='bbox 363 2447 548 2525; x_wconf 88' lang='lat' dir='ltr'><strong>episcopus,</strong></span> <span class='ocrx_word' id='word_1_178' title='bbox 560 2463 677 2510; x_wconf 86' lang='lat' dir='ltr'><strong>servus</strong></span> <span class='ocrx_word' id='word_1_179' title='bbox 688 2463 861 2510; x_wconf 88' lang='lat' dir='ltr'><strong>servorum</strong></span> <span class='ocrx_word' id='word_1_180' title='bbox 872 2448 943 2520; x_wconf 86' lang='lat' dir='ltr'><strong>Dei,</strong></span> <span class='ocrx_word' id='word_1_181' title='bbox 1032 2475 1099 2532; x_wconf 78' lang='lat' dir='ltr'><strong>oue</strong></span> <span class='ocrx_word' id='word_1_182' title='bbox 1114 2461 1269 2534; x_wconf 88' lang='lat' dir='ltr'><strong>perieulum</strong></span> <span class='ocrx_word' id='word_1_183' title='bbox 1280 2471 1420 2534; x_wconf 82' lang='lat' dir='ltr'><strong>generent</strong></span> <span class='ocrx_word' id='word_1_184' title='bbox 1432 2463 1590 2522; x_wconf 90' lang='lat' dir='ltr'><strong>animarum</strong></span> <span class='ocrx_word' id='word_1_185' title='bbox 1604 2471 1633 2522; x_wconf 90' lang='lat' dir='ltr'><strong>et</strong></span> <span class='ocrx_word' id='word_1_186' title='bbox 1644 2464 1793 2524; x_wconf 86' lang='lat' dir='ltr'><strong>eeclesias-</strong></span> 
     </span>
     <span class='ocr_line' id='line_1_24' title="bbox 147 2541 1792 2629; baseline 0.004 -25"><span class='ocrx_word' id='word_1_187' title='bbox 147 2541 281 2606; x_wconf 85' lang='lat' dir='ltr'><strong>dilectis</strong></span> <span class='ocrx_word' id='word_1_188' title='bbox 311 2543 400 2616; x_wconf 88' lang='lat' dir='ltr'><strong>tiliis,</strong></span> <span class='ocrx_word' id='word_1_189' title='bbox 428 2545 605 2622; x_wconf 87' lang='lat' dir='ltr'><strong>praeposito</strong></span> <span class='ocrx_word' id='word_1_190' title='bbox 632 2545 944 2624; x_wconf 80' lang='lat' dir='ltr'><strong>Cappembnrgensi,</strong></span> <span class='ocrx_word' id='word_1_191' title='bbox 1033 2549 1098 2606; x_wconf 83' lang='lat' dir='ltr'><strong>tice</strong></span> <span class='ocrx_word' id='word_1_192' title='bbox 1113 2548 1253 2623; x_wconf 84' lang='lat' dir='ltr'><strong>derogent</strong></span> <span class='ocrx_word' id='word_1_193' title='bbox 1267 2548 1419 2622; x_wconf 89' lang='lat' dir='ltr'><strong>honestati,</strong></span> <span class='ocrx_word' id='word_1_194' title='bbox 1430 2550 1512 2629; x_wconf 82' lang='lat' dir='ltr'><strong>apud</strong></span> <span class='ocrx_word' id='word_1_195' title='bbox 1532 2551 1634 2612; x_wconf 87' lang='lat' dir='ltr'><strong>Sedere</strong></span> <span class='ocrx_word' id='word_1_196' title='bbox 1647 2553 1792 2626; x_wconf 83' lang='lat' dir='ltr'><strong>Apostoli-</strong></span> 
     </span>
    </p>
   </div>
   <div class='ocr_carea' id='block_1_8' title="bbox 146 2637 1871 5742">
    <p class='ocr_par' dir='ltr' id='par_1_9' title="bbox 146 2637 1795 2996">
     <span class='ocr_line' id='line_1_25' title="bbox 146 2637 1795 2716; baseline 0.001 -18"><span class='ocrx_word' id='word_1_197' title='bbox 146 2641 424 2703; x_wconf 84' lang='lat' dir='ltr'><strong>Monasteriensis</strong></span> <span class='ocrx_word' id='word_1_198' title='bbox 452 2641 645 2716; x_wconf 73' lang='lat' dir='ltr'><strong>diaeceseos,</strong></span> <span class='ocrx_word' id='word_1_199' title='bbox 676 2639 801 2705; x_wconf 79' lang='lat' dir='ltr'><strong>decano</strong></span> <span class='ocrx_word' id='word_1_200' title='bbox 833 2641 946 2704; x_wconf 81' lang='lat' dir='ltr'><strong>sancti</strong></span> <span class='ocrx_word' id='word_1_201' title='bbox 1033 2637 1342 2696; x_wconf 83' lang='lat' dir='ltr'><strong>cumessenondebere</strong></span> <span class='ocrx_word' id='word_1_202' title='bbox 1351 2641 1546 2712; x_wconf 87' lang='lat' dir='ltr'><strong>acceptionem</strong></span> <span class='ocrx_word' id='word_1_203' title='bbox 1556 2655 1751 2713; x_wconf 88' lang='lat' dir='ltr'><strong>personarum,</strong></span> <span class='ocrx_word' id='word_1_204' title='bbox 1760 2655 1795 2699; x_wconf 87' lang='lat' dir='ltr'><strong>ac</strong></span> 
     </span>
     <span class='ocr_line' id='line_1_26' title="bbox 147 2725 1795 2817; baseline 0.004 -36"><span class='ocrx_word' id='word_1_205' title='bbox 147 2738 248 2799; x_wconf 70' lang='lat' dir='ltr'><strong>pauli</strong></span> <span class='ocrx_word' id='word_1_206' title='bbox 263 2739 296 2801; x_wconf 61' lang='lat' dir='ltr'><strong>op</strong></span> <span class='ocrx_word' id='word_1_207' title='bbox 310 2739 486 2802; x_wconf 65' lang='lat' dir='ltr'><strong>scolastico</strong></span> <span class='ocrx_word' id='word_1_208' title='bbox 508 2740 622 2802; x_wconf 62' lang='lat' dir='ltr'><strong>Sancti</strong></span> <span class='ocrx_word' id='word_1_209' title='bbox 639 2741 788 2817; x_wconf 65' lang='lat' dir='ltr'><strong>Lutgeffi</strong></span> <span class='ocrx_word' id='word_1_210' title='bbox 807 2741 946 2804; x_wconf 68' lang='lat' dir='ltr'>Monas.</span> <span class='ocrx_word' id='word_1_211' title='bbox 1035 2725 1154 2800; x_wconf 89' lang='lat' dir='ltr'><strong>proinde</strong></span> <span class='ocrx_word' id='word_1_212' title='bbox 1168 2741 1200 2783; x_wconf 90' lang='lat' dir='ltr'><strong>se</strong></span> <span class='ocrx_word' id='word_1_213' title='bbox 1217 2725 1385 2798; x_wconf 89' lang='lat' dir='ltr'><strong>patriarchis</strong></span> <span class='ocrx_word' id='word_1_214' title='bbox 1400 2728 1496 2785; x_wconf 86' lang='lat' dir='ltr'><strong>latinis</strong></span> <span class='ocrx_word' id='word_1_215' title='bbox 1511 2727 1664 2786; x_wconf 89' lang='lat' dir='ltr'><strong>mandasse</strong></span> <span class='ocrx_word' id='word_1_216' title='bbox 1683 2736 1713 2786; x_wconf 91' lang='lat' dir='ltr'><strong>ut</strong></span> <span class='ocrx_word' id='word_1_217' title='bbox 1730 2729 1795 2788; x_wconf 79' lang='lat' dir='ltr'><strong>illos</strong></span> 
     </span>
     <span class='ocr_line' id='line_1_27' title="bbox 146 2814 1793 2920; baseline 0.003 -24"><span class='ocrx_word' id='word_1_218' title='bbox 146 2835 319 2909; x_wconf 88' lang='lat' dir='ltr'><strong>teriensis,</strong></span> <span class='ocrx_word' id='word_1_219' title='bbox 338 2836 478 2899; x_wconf 90' lang='lat' dir='ltr'><strong>salutem</strong></span> <span class='ocrx_word' id='word_1_220' title='bbox 497 2838 531 2900; x_wconf 89' lang='lat' dir='ltr'><strong>et</strong></span> <span class='ocrx_word' id='word_1_221' title='bbox 550 2837 766 2914; x_wconf 86' lang='lat' dir='ltr'><strong>apostolicam</strong></span> <span class='ocrx_word' id='word_1_222' title='bbox 786 2837 946 2900; x_wconf 86' lang='lat' dir='ltr'><strong>benedie-</strong></span> <span class='ocrx_word' id='word_1_223' title='bbox 968 2827 969 2830; x_wconf 48' lang='lat'>&#39;</span> <span class='ocrx_word' id='word_1_224' title='bbox 1036 2815 1150 2918; x_wconf 37' lang='lat'><strong>&amp;⁰9⁸</strong></span> <span class='ocrx_word' id='word_1_225' title='bbox 1165 2814 1297 2916; x_wconf 50' lang='lat' dir='ltr'><strong>pfjffl¹²¹¹⁰⁸</strong></span> <span class='ocrx_word' id='word_1_226' title='bbox 1312 2817 1416 2873; x_wconf 59' lang='lat' dir='ltr'><strong>masi</strong></span> <span class='ocrx_word' id='word_1_227' title='bbox 1431 2818 1658 2920; x_wconf 51' lang='lat' dir='ltr'><strong>V⁸¹¹¹¹fflfae⁸⁰¹e⁸</strong></span> <span class='ocrx_word' id='word_1_228' title='bbox 1672 2817 1702 2874; x_wconf 71' lang='lat'><strong>¹⁰</strong></span> <span class='ocrx_word' id='word_1_229' title='bbox 1715 2817 1793 2876; x_wconf 88' lang='lat' dir='ltr'><strong>Lati·</strong></span> 
     </span>
     <span class='ocr_line' id='line_1_28' title="bbox 146 2901 1609 2996; baseline 0.003 -37"><span class='ocrx_word' id='word_1_230' title='bbox 146 2935 286 2996; x_wconf 42' lang='lat' dir='ltr'><strong>tionem·</strong></span> <span class='ocrx_word' id='word_1_231' title='bbox 780 2937 786 2950; x_wconf 67' lang='lat'>=</span> <span class='ocrx_word' id='word_1_232' title='bbox 1036 2915 1083 2961; x_wconf 90' lang='lat' dir='ltr'><strong>nis</strong></span> <span class='ocrx_word' id='word_1_233' title='bbox 1096 2901 1267 2961; x_wconf 84' lang='lat' dir='ltr'><strong>dioecesibus</strong></span> <span class='ocrx_word' id='word_1_234' title='bbox 1281 2904 1442 2962; x_wconf 88' lang='lat' dir='ltr'><strong>nullatenus</strong></span> <span class='ocrx_word' id='word_1_235' title='bbox 1457 2913 1609 2978; x_wconf 88' lang='lat' dir='ltr'><strong>patiantur.</strong></span> 
     </span>
    </p>

    <p class='ocr_par' dir='ltr' id='par_1_10' title="bbox 147 3028 1871 5742">
     <span class='ocr_line' id='line_1_29' title="bbox 190 3028 1797 3112; baseline 0 -18"><span class='ocrx_word' id='word_1_236' title='bbox 190 3034 242 3094; x_wconf 83' lang='lat' dir='ltr'><strong>Ex</strong></span> <span class='ocrx_word' id='word_1_237' title='bbox 254 3031 351 3109; x_wconf 86' lang='lat' dir='ltr'><strong>parte</strong></span> <span class='ocrx_word' id='word_1_238' title='bbox 365 3031 536 3110; x_wconf 73' lang='lat' dir='ltr'><strong>praepositi</strong></span> <span class='ocrx_word' id='word_1_239' title='bbox 551 3034 584 3095; x_wconf 92' lang='lat' dir='ltr'><strong>et</strong></span> <span class='ocrx_word' id='word_1_240' title='bbox 599 3032 737 3112; x_wconf 90' lang='lat' dir='ltr'><strong>capituli</strong></span> <span class='ocrx_word' id='word_1_241' title='bbox 757 3033 946 3096; x_wconf 90' lang='lat' dir='ltr'><strong>Bremensis</strong></span> <span class='ocrx_word' id='word_1_242' title='bbox 1041 3031 1148 3102; x_wconf 91' lang='lat' dir='ltr'><strong>Quum</strong></span> <span class='ocrx_word' id='word_1_243' title='bbox 1170 3029 1205 3090; x_wconf 92' lang='lat' dir='ltr'><strong>in</strong></span> <span class='ocrx_word' id='word_1_244' title='bbox 1225 3028 1437 3107; x_wconf 83' lang='lat' dir='ltr'><strong>praelatorum</strong></span> <span class='ocrx_word' id='word_1_245' title='bbox 1460 3031 1654 3094; x_wconf 87' lang='lat' dir='ltr'><strong>Latinorum</strong></span> <span class='ocrx_word' id='word_1_246' title='bbox 1671 3031 1797 3094; x_wconf 86' lang='lat' dir='ltr'><strong>dioece-</strong></span> 
     </span>
     <span class='ocr_line' id='line_1_30' title="bbox 148 3126 1796 3208; baseline 0.001 -18"><span class='ocrx_word' id='word_1_247' title='bbox 148 3127 212 3191; x_wconf 86' lang='lat' dir='ltr'><strong>suit</strong></span> <span class='ocrx_word' id='word_1_248' title='bbox 222 3130 427 3208; x_wconf 88' lang='lat' dir='ltr'><strong>propositum</strong></span> <span class='ocrx_word' id='word_1_249' title='bbox 439 3145 551 3192; x_wconf 90' lang='lat' dir='ltr'><strong>coram</strong></span> <span class='ocrx_word' id='word_1_250' title='bbox 562 3131 667 3204; x_wconf 80' lang='lat' dir='ltr'><strong>nobie,</strong></span> <span class='ocrx_word' id='word_1_251' title='bbox 682 3130 766 3208; x_wconf 86' lang='lat' dir='ltr'><strong>quod</strong></span> <span class='ocrx_word' id='word_1_252' title='bbox 779 3147 853 3192; x_wconf 90' lang='lat' dir='ltr'><strong>cum</strong></span> <span class='ocrx_word' id='word_1_253' title='bbox 866 3131 945 3193; x_wconf 90' lang='lat' dir='ltr'><strong>olim</strong></span> <span class='ocrx_word' id='word_1_254' title='bbox 1001 3126 1094 3189; x_wconf 90' lang='lat' dir='ltr'><strong>sibus</strong></span> <span class='ocrx_word' id='word_1_255' title='bbox 1112 3127 1207 3205; x_wconf 81' lang='lat' dir='ltr'><strong>regni</strong></span> <span class='ocrx_word' id='word_1_256' title='bbox 1219 3128 1269 3190; x_wconf 91' lang='lat' dir='ltr'><strong>tui</strong></span> <span class='ocrx_word' id='word_1_257' title='bbox 1285 3128 1418 3206; x_wconf 87' lang='lat' dir='ltr'><strong>quidam</strong></span> <span class='ocrx_word' id='word_1_258' title='bbox 1433 3129 1540 3190; x_wconf 83' lang='lat' dir='ltr'><strong>Gracci</strong></span> <span class='ocrx_word' id='word_1_259' title='bbox 1556 3131 1668 3192; x_wconf 87' lang='lat' dir='ltr'><strong>Romae</strong></span> <span class='ocrx_word' id='word_1_260' title='bbox 1683 3127 1796 3192; x_wconf 91' lang='lat' dir='ltr'><strong>inobe-</strong></span> 
     </span>
     <span class='ocr_line' id='line_1_31' title="bbox 147 3225 1797 3306; baseline 0.002 -18"><span class='ocrx_word' id='word_1_261' title='bbox 147 3227 247 3289; x_wconf 90' lang='lat' dir='ltr'><strong>bonae</strong></span> <span class='ocrx_word' id='word_1_262' title='bbox 269 3227 438 3289; x_wconf 88' lang='lat' dir='ltr'><strong>memoriae</strong></span> <span class='ocrx_word' id='word_1_263' title='bbox 453 3230 491 3289; x_wconf 85' lang='lat' dir='ltr'><strong>A.</strong></span> <span class='ocrx_word' id='word_1_264' title='bbox 512 3227 702 3290; x_wconf 91' lang='lat' dir='ltr'><strong>Bremensis</strong></span> <span class='ocrx_word' id='word_1_265' title='bbox 723 3228 948 3306; x_wconf 88' lang='lat' dir='ltr'><strong>archiepisco-</strong></span> <span class='ocrx_word' id='word_1_266' title='bbox 1003 3225 1130 3287; x_wconf 87' lang='lat' dir='ltr'><strong>dientes</strong></span> <span class='ocrx_word' id='word_1_267' title='bbox 1147 3225 1309 3298; x_wconf 87' lang='lat' dir='ltr'><strong>ecelesiae,</strong></span> <span class='ocrx_word' id='word_1_268' title='bbox 1326 3225 1426 3287; x_wconf 89' lang='lat' dir='ltr'><strong>etiam</strong></span> <span class='ocrx_word' id='word_1_269' title='bbox 1441 3226 1477 3287; x_wconf 92' lang='lat' dir='ltr'><strong>in</strong></span> <span class='ocrx_word' id='word_1_270' title='bbox 1495 3226 1797 3291; x_wconf 87' lang='lat' dir='ltr'><strong>ecelesiisLatino-</strong></span> 
     </span>
     <span class='ocr_line' id='line_1_32' title="bbox 147 3323 1796 3405; baseline 0.002 -19"><span class='ocrx_word' id='word_1_271' title='bbox 147 3341 223 3404; x_wconf 88' lang='lat' dir='ltr'><strong>pus,</strong></span> <span class='ocrx_word' id='word_1_272' title='bbox 246 3323 476 3402; x_wconf 81' lang='lat' dir='ltr'><strong>suffraganeos</strong></span> <span class='ocrx_word' id='word_1_273' title='bbox 496 3341 574 3387; x_wconf 88' lang='lat' dir='ltr'><strong>suos</strong></span> <span class='ocrx_word' id='word_1_274' title='bbox 600 3341 661 3402; x_wconf 92' lang='lat' dir='ltr'><strong>per</strong></span> <span class='ocrx_word' id='word_1_275' title='bbox 678 3325 825 3399; x_wconf 88' lang='lat' dir='ltr'><strong>Daciam,</strong></span> <span class='ocrx_word' id='word_1_276' title='bbox 849 3328 946 3388; x_wconf 87' lang='lat' dir='ltr'><strong>Swe-</strong></span> <span class='ocrx_word' id='word_1_277' title='bbox 1001 3338 1075 3384; x_wconf 88' lang='lat' dir='ltr'><strong>rum</strong></span> <span class='ocrx_word' id='word_1_278' title='bbox 1090 3325 1248 3401; x_wconf 86' lang='lat' dir='ltr'><strong>tanquam</strong></span> <span class='ocrx_word' id='word_1_279' title='bbox 1268 3323 1440 3401; x_wconf 84' lang='lat' dir='ltr'><strong>pontifices</strong></span> <span class='ocrx_word' id='word_1_280' title='bbox 1465 3325 1719 3399; x_wconf 87' lang='lat' dir='ltr'><strong>commorentur,</strong></span> <span class='ocrx_word' id='word_1_281' title='bbox 1736 3341 1796 3405; x_wconf 89' lang='lat' dir='ltr'><strong>pro</strong></span> 
     </span>
     <span class='ocr_line' id='line_1_33' title="bbox 148 3419 1797 3501; baseline 0 -15"><span class='ocrx_word' id='word_1_282' title='bbox 148 3423 516 3499; x_wconf 66' lang='lat' dir='ltr'><strong>demerui-aegium</strong></span> <span class='ocrx_word' id='word_1_283' title='bbox 534 3423 741 3497; x_wconf 71' lang='lat' dir='ltr'><strong>constitutor,</strong></span> <span class='ocrx_word' id='word_1_284' title='bbox 758 3423 949 3500; x_wconf 83' lang='lat' dir='ltr'><strong>adprevin-</strong></span> <span class='ocrx_word' id='word_1_285' title='bbox 1003 3422 1122 3499; x_wconf 86' lang='lat' dir='ltr'><strong>quibus</strong></span> <span class='ocrx_word' id='word_1_286' title='bbox 1148 3419 1243 3483; x_wconf 91' lang='lat' dir='ltr'><strong>nobis</strong></span> <span class='ocrx_word' id='word_1_287' title='bbox 1268 3421 1439 3484; x_wconf 88' lang='lat' dir='ltr'><strong>humiliter</strong></span> <span class='ocrx_word' id='word_1_288' title='bbox 1468 3421 1672 3501; x_wconf 87' lang='lat' dir='ltr'><strong>supplicasti,</strong></span> <span class='ocrx_word' id='word_1_289' title='bbox 1700 3425 1797 3486; x_wconf 92' lang='lat' dir='ltr'><strong>utin</strong></span> 
     </span>
     <span class='ocr_line' id='line_1_34' title="bbox 149 3519 1797 3598; baseline 0.001 -16"><span class='ocrx_word' id='word_1_290' title='bbox 149 3520 238 3582; x_wconf 89' lang='lat' dir='ltr'><strong>ciale</strong></span> <span class='ocrx_word' id='word_1_291' title='bbox 252 3519 429 3582; x_wconf 89' lang='lat' dir='ltr'><strong>concilium</strong></span> <span class='ocrx_word' id='word_1_292' title='bbox 445 3519 532 3597; x_wconf 89' lang='lat' dir='ltr'><strong>apud</strong></span> <span class='ocrx_word' id='word_1_293' title='bbox 545 3519 828 3598; x_wconf 75' lang='lat' dir='ltr'><strong>hamburgensem</strong></span> <span class='ocrx_word' id='word_1_294' title='bbox 846 3521 949 3584; x_wconf 68' lang='lat' dir='ltr'><strong>eccle*</strong></span> <span class='ocrx_word' id='word_1_295' title='bbox 1002 3519 1099 3582; x_wconf 90' lang='lat' dir='ltr'><strong>dietis</strong></span> <span class='ocrx_word' id='word_1_296' title='bbox 1116 3519 1313 3582; x_wconf 88' lang='lat' dir='ltr'><strong>dioecesibus</strong></span> <span class='ocrx_word' id='word_1_297' title='bbox 1331 3521 1429 3598; x_wconf 88' lang='lat' dir='ltr'><strong>prout</strong></span> <span class='ocrx_word' id='word_1_298' title='bbox 1446 3521 1522 3582; x_wconf 91' lang='lat' dir='ltr'><strong>sunt</strong></span> <span class='ocrx_word' id='word_1_299' title='bbox 1537 3536 1710 3582; x_wconf 89' lang='lat' dir='ltr'><strong>remanere</strong></span> <span class='ocrx_word' id='word_1_300' title='bbox 1724 3538 1797 3598; x_wconf 89' lang='lat' dir='ltr'><strong>per·</strong></span> 
     </span>
     <span class='ocr_line' id='line_1_35' title="bbox 150 3616 1796 3696; baseline 0.002 -18"><span class='ocrx_word' id='word_1_301' title='bbox 150 3618 249 3692; x_wconf 90' lang='lat' dir='ltr'><strong>siam,</strong></span> <span class='ocrx_word' id='word_1_302' title='bbox 264 3633 308 3679; x_wconf 81' lang='lat' dir='ltr'><strong>ex</strong></span> <span class='ocrx_word' id='word_1_303' title='bbox 329 3634 368 3680; x_wconf 92' lang='lat' dir='ltr'><strong>eo</strong></span> <span class='ocrx_word' id='word_1_304' title='bbox 391 3617 563 3688; x_wconf 82' lang='lat' dir='ltr'><strong>duntaxat,</strong></span> <span class='ocrx_word' id='word_1_305' title='bbox 580 3619 657 3696; x_wconf 84' lang='lat' dir='ltr'><strong>quia</strong></span> <span class='ocrx_word' id='word_1_306' title='bbox 676 3619 805 3681; x_wconf 87' lang='lat' dir='ltr'><strong>ratione</strong></span> <span class='ocrx_word' id='word_1_307' title='bbox 827 3617 949 3681; x_wconf 83' lang='lat' dir='ltr'><strong>vicini-</strong></span> <span class='ocrx_word' id='word_1_308' title='bbox 1002 3617 1207 3680; x_wconf 89' lang='lat' dir='ltr'><strong>mitteremus</strong></span> <span class='ocrx_word' id='word_1_309' title='bbox 1229 3616 1380 3692; x_wconf 83' lang='lat' dir='ltr'><strong>eosdem3</strong></span> <span class='ocrx_word' id='word_1_310' title='bbox 1396 3633 1457 3679; x_wconf 91' lang='lat' dir='ltr'><strong>nos</strong></span> <span class='ocrx_word' id='word_1_311' title='bbox 1471 3617 1549 3680; x_wconf 82' lang='lat' dir='ltr'><strong>licet</strong></span> <span class='ocrx_word' id='word_1_312' title='bbox 1564 3618 1624 3680; x_wconf 90' lang='lat' dir='ltr'><strong>tibi</strong></span> <span class='ocrx_word' id='word_1_313' title='bbox 1639 3621 1672 3681; x_wconf 90' lang='lat' dir='ltr'><strong>et</strong></span> <span class='ocrx_word' id='word_1_314' title='bbox 1691 3635 1796 3696; x_wconf 76' lang='lat' dir='ltr'><strong>regno</strong></span> 
     </span>
     <span class='ocr_line' id='line_1_36' title="bbox 149 3713 1796 3795; baseline 0.001 -17"><span class='ocrx_word' id='word_1_315' title='bbox 149 3715 231 3778; x_wconf 85' lang='lat' dir='ltr'><strong>tatis</strong></span> <span class='ocrx_word' id='word_1_316' title='bbox 246 3714 288 3776; x_wconf 87' lang='lat' dir='ltr'><strong>ad</strong></span> <span class='ocrx_word' id='word_1_317' title='bbox 302 3713 366 3776; x_wconf 88' lang='lat' dir='ltr'><strong>boc</strong></span> <span class='ocrx_word' id='word_1_318' title='bbox 379 3715 582 3781; x_wconf 89' lang='lat' dir='ltr'><strong>commodior</strong></span> <span class='ocrx_word' id='word_1_319' title='bbox 602 3715 796 3788; x_wconf 86' lang='lat' dir='ltr'><strong>habebatur,</strong></span> <span class='ocrx_word' id='word_1_320' title='bbox 817 3716 949 3795; x_wconf 87' lang='lat' dir='ltr'><strong>aliquo-</strong></span> <span class='ocrx_word' id='word_1_321' title='bbox 1002 3715 1059 3776; x_wconf 93' lang='lat' dir='ltr'><strong>tuo</strong></span> <span class='ocrx_word' id='word_1_322' title='bbox 1072 3713 1213 3788; x_wconf 83' lang='lat' dir='ltr'><strong>deferre,</strong></span> <span class='ocrx_word' id='word_1_323' title='bbox 1230 3715 1390 3792; x_wconf 88' lang='lat' dir='ltr'><strong>quantum</strong></span> <span class='ocrx_word' id='word_1_324' title='bbox 1405 3731 1479 3776; x_wconf 90' lang='lat' dir='ltr'><strong>cum</strong></span> <span class='ocrx_word' id='word_1_325' title='bbox 1494 3715 1667 3778; x_wconf 86' lang='lat' dir='ltr'><strong>honestate</strong></span> <span class='ocrx_word' id='word_1_326' title='bbox 1681 3719 1796 3779; x_wconf 90' lang='lat' dir='ltr'><strong>nostra</strong></span> 
     </span>
     <span class='ocr_line' id='line_1_37' title="bbox 148 3811 1797 3886; baseline 0.001 -12"><span class='ocrx_word' id='word_1_327' title='bbox 148 3812 239 3874; x_wconf 89' lang='lat' dir='ltr'><strong>tiens</strong></span> <span class='ocrx_word' id='word_1_328' title='bbox 260 3813 469 3886; x_wconf 84' lang='lat' dir='ltr'><strong>convocarit;</strong></span> <span class='ocrx_word' id='word_1_329' title='bbox 486 3827 526 3874; x_wconf 88' lang='lat' dir='ltr'><strong>ee</strong></span> <span class='ocrx_word' id='word_1_330' title='bbox 544 3812 677 3875; x_wconf 90' lang='lat' dir='ltr'><strong>tandem</strong></span> <span class='ocrx_word' id='word_1_331' title='bbox 703 3813 870 3876; x_wconf 87' lang='lat' dir='ltr'><strong>destructe</strong></span> <span class='ocrx_word' id='word_1_332' title='bbox 888 3814 946 3874; x_wconf 91' lang='lat' dir='ltr'><strong>in·</strong></span> <span class='ocrx_word' id='word_1_333' title='bbox 1001 3812 1184 3884; x_wconf 78' lang='lat' dir='ltr'><strong>valeamus,</strong></span> <span class='ocrx_word' id='word_1_334' title='bbox 1201 3812 1234 3874; x_wconf 90' lang='lat' dir='ltr'><strong>et</strong></span> <span class='ocrx_word' id='word_1_335' title='bbox 1252 3815 1385 3873; x_wconf 82' lang='lat' dir='ltr'><strong>Graecos</strong></span> <span class='ocrx_word' id='word_1_336' title='bbox 1407 3811 1447 3872; x_wconf 89' lang='lat' dir='ltr'><strong>ad</strong></span> <span class='ocrx_word' id='word_1_337' title='bbox 1464 3811 1684 3874; x_wconf 90' lang='lat' dir='ltr'><strong>obedientiam</strong></span> <span class='ocrx_word' id='word_1_338' title='bbox 1700 3814 1797 3876; x_wconf 89' lang='lat' dir='ltr'><strong>Sedis</strong></span> 
     </span>
     <span class='ocr_line' id='line_1_38' title="bbox 150 3907 1797 3988; baseline 0.001 -16"><span class='ocrx_word' id='word_1_339' title='bbox 150 3909 282 3984; x_wconf 88' lang='lat' dir='ltr'><strong>cendio,</strong></span> <span class='ocrx_word' id='word_1_340' title='bbox 309 3908 439 3986; x_wconf 83' lang='lat' dir='ltr'><strong>praeiati</strong></span> <span class='ocrx_word' id='word_1_341' title='bbox 467 3909 709 3988; x_wconf 88' lang='lat' dir='ltr'><strong>archiepiscopi</strong></span> <span class='ocrx_word' id='word_1_342' title='bbox 739 3925 947 3973; x_wconf 86' lang='lat' dir='ltr'><strong>successores</strong></span> <span class='ocrx_word' id='word_1_343' title='bbox 1003 3909 1199 3988; x_wconf 79' lang='lat' dir='ltr'><strong>apostolieae</strong></span> <span class='ocrx_word' id='word_1_344' title='bbox 1220 3909 1424 3971; x_wconf 88' lang='lat' dir='ltr'><strong>revertentes</strong></span> <span class='ocrx_word' id='word_1_345' title='bbox 1444 3907 1556 3972; x_wconf 84' lang='lat' dir='ltr'><strong>fovere</strong></span> <span class='ocrx_word' id='word_1_346' title='bbox 1576 3926 1615 3972; x_wconf 89' lang='lat' dir='ltr'><strong>ae</strong></span> <span class='ocrx_word' id='word_1_347' title='bbox 1631 3909 1797 3974; x_wconf 87' lang='lat' dir='ltr'><strong>honorare</strong></span> 
     </span>
     <span class='ocr_line' id='line_1_39' title="bbox 150 4006 1793 4085; baseline -0.001 -15"><span class='ocrx_word' id='word_1_348' title='bbox 150 4007 294 4070; x_wconf 82' lang='lat' dir='ltr'><strong>extunc</strong></span> <span class='ocrx_word' id='word_1_349' title='bbox 314 4007 402 4069; x_wconf 88' lang='lat' dir='ltr'><strong>idem</strong></span> <span class='ocrx_word' id='word_1_350' title='bbox 424 4008 603 4070; x_wconf 86' lang='lat' dir='ltr'><strong>concilium</strong></span> <span class='ocrx_word' id='word_1_351' title='bbox 621 4009 708 4085; x_wconf 89' lang='lat' dir='ltr'><strong>apud</strong></span> <span class='ocrx_word' id='word_1_352' title='bbox 723 4011 945 4082; x_wconf 87' lang='lat' dir='ltr'><strong>Bremensem,</strong></span> <span class='ocrx_word' id='word_1_353' title='bbox 1002 4007 1156 4079; x_wconf 83' lang='lat' dir='ltr'><strong>velimus,</strong></span> <span class='ocrx_word' id='word_1_354' title='bbox 1168 4021 1277 4069; x_wconf 89' lang='lat' dir='ltr'><strong>mores</strong></span> <span class='ocrx_word' id='word_1_355' title='bbox 1288 4007 1320 4067; x_wconf 89' lang='lat' dir='ltr'><strong>et</strong></span> <span class='ocrx_word' id='word_1_356' title='bbox 1334 4006 1419 4068; x_wconf 88' lang='lat' dir='ltr'><strong>ritus</strong></span> <span class='ocrx_word' id='word_1_357' title='bbox 1430 4009 1620 4068; x_wconf 79' lang='lat' dir='ltr'><strong>Graecorum</strong></span> <span class='ocrx_word' id='word_1_358' title='bbox 1634 4008 1793 4085; x_wconf 89' lang='lat' dir='ltr'><strong>ipsorum,</strong></span> 
     </span>
     <span class='ocr_line' id='line_1_40' title="bbox 149 4102 1796 4184; baseline 0.001 -18"><span class='ocrx_word' id='word_1_359' title='bbox 149 4106 189 4168; x_wconf 88' lang='lat' dir='ltr'><strong>ut</strong></span> <span class='ocrx_word' id='word_1_360' title='bbox 201 4102 375 4177; x_wconf 89' lang='lat' dir='ltr'><strong>debebant,</strong></span> <span class='ocrx_word' id='word_1_361' title='bbox 385 4105 560 4167; x_wconf 88' lang='lat' dir='ltr'><strong>ecclesiam</strong></span> <span class='ocrx_word' id='word_1_362' title='bbox 570 4104 782 4168; x_wconf 88' lang='lat' dir='ltr'><strong>celebrarint.</strong></span> <span class='ocrx_word' id='word_1_363' title='bbox 796 4106 860 4168; x_wconf 89' lang='lat' dir='ltr'><strong>Sed</strong></span> <span class='ocrx_word' id='word_1_364' title='bbox 874 4106 948 4184; x_wconf 90' lang='lat' dir='ltr'><strong>post</strong></span> <span class='ocrx_word' id='word_1_365' title='bbox 1003 4104 1161 4182; x_wconf 89' lang='lat' dir='ltr'><strong>qnantum</strong></span> <span class='ocrx_word' id='word_1_366' title='bbox 1172 4119 1247 4164; x_wconf 93' lang='lat' dir='ltr'><strong>cum</strong></span> <span class='ocrx_word' id='word_1_367' title='bbox 1261 4105 1329 4166; x_wconf 90' lang='lat' dir='ltr'><strong>Deo</strong></span> <span class='ocrx_word' id='word_1_368' title='bbox 1340 4119 1525 4180; x_wconf 89' lang='lat' dir='ltr'><strong>possumus,</strong></span> <span class='ocrx_word' id='word_1_369' title='bbox 1543 4105 1749 4179; x_wconf 87' lang='lat' dir='ltr'><strong>sustinendo,</strong></span> <span class='ocrx_word' id='word_1_370' title='bbox 1760 4105 1796 4168; x_wconf 92' lang='lat' dir='ltr'><strong>in</strong></span> 
     </span>
     <span class='ocr_line' id='line_1_41' title="bbox 150 4201 1796 4280; baseline 0 -16"><span class='ocrx_word' id='word_1_371' title='bbox 150 4203 294 4264; x_wconf 91' lang='lat' dir='ltr'><strong>multum</strong></span> <span class='ocrx_word' id='word_1_372' title='bbox 321 4203 480 4280; x_wconf 88' lang='lat' dir='ltr'><strong>temporis</strong></span> <span class='ocrx_word' id='word_1_373' title='bbox 504 4203 657 4266; x_wconf 88' lang='lat' dir='ltr'><strong>canonici</strong></span> <span class='ocrx_word' id='word_1_374' title='bbox 680 4203 818 4268; x_wconf 88' lang='lat' dir='ltr'><strong>alterius</strong></span> <span class='ocrx_word' id='word_1_375' title='bbox 842 4203 950 4266; x_wconf 85' lang='lat' dir='ltr'><strong>eoele-</strong></span> <span class='ocrx_word' id='word_1_376' title='bbox 996 4203 1183 4274; x_wconf 79' lang='lat' dir='ltr'><strong>distamen,</strong></span> <span class='ocrx_word' id='word_1_377' title='bbox 1200 4217 1273 4278; x_wconf 82' lang='lat' dir='ltr'><strong>quae</strong></span> <span class='ocrx_word' id='word_1_378' title='bbox 1288 4201 1796 4278; x_wconf 82' lang='lat' dir='ltr'><strong>pericnlnmgenerantanima-</strong></span> 
     </span>
     <span class='ocr_line' id='line_1_42' title="bbox 153 4299 1795 4378; baseline 0 -18"><span class='ocrx_word' id='word_1_379' title='bbox 153 4301 226 4372; x_wconf 85' lang='lat' dir='ltr'><strong>sias,</strong></span> <span class='ocrx_word' id='word_1_380' title='bbox 243 4315 317 4378; x_wconf 74' lang='lat' dir='ltr'><strong>qum</strong></span> <span class='ocrx_word' id='word_1_381' title='bbox 329 4300 643 4376; x_wconf 77' lang='lat' dir='ltr'><strong>Hamemburgensis</strong></span> <span class='ocrx_word' id='word_1_382' title='bbox 658 4301 791 4374; x_wconf 88' lang='lat' dir='ltr'><strong>dicitur,</strong></span> <span class='ocrx_word' id='word_1_383' title='bbox 803 4301 948 4364; x_wconf 91' lang='lat' dir='ltr'><strong>nominis</strong></span> <span class='ocrx_word' id='word_1_384' title='bbox 1002 4315 1077 4362; x_wconf 89' lang='lat' dir='ltr'><strong>rum</strong></span> <span class='ocrx_word' id='word_1_385' title='bbox 1102 4302 1136 4361; x_wconf 90' lang='lat' dir='ltr'><strong>et</strong></span> <span class='ocrx_word' id='word_1_386' title='bbox 1161 4299 1397 4361; x_wconf 87' lang='lat' dir='ltr'><strong>ecclesiasticae</strong></span> <span class='ocrx_word' id='word_1_387' title='bbox 1430 4299 1592 4376; x_wconf 81' lang='lat' dir='ltr'><strong>derogant</strong></span> <span class='ocrx_word' id='word_1_388' title='bbox 1617 4300 1795 4372; x_wconf 89' lang='lat' dir='ltr'><strong>honestati,</strong></span> 
     </span>
     <span class='ocr_line' id='line_1_43' title="bbox 152 4394 1796 4476; baseline 0.001 -17"><span class='ocrx_word' id='word_1_389' title='bbox 152 4397 406 4474; x_wconf 85' lang='lat' dir='ltr'><strong>equivocatione</strong></span> <span class='ocrx_word' id='word_1_390' title='bbox 435 4397 574 4475; x_wconf 86' lang='lat' dir='ltr'><strong>decepti,</strong></span> <span class='ocrx_word' id='word_1_391' title='bbox 597 4399 677 4475; x_wconf 78' lang='lat' dir='ltr'><strong>jura</strong></span> <span class='ocrx_word' id='word_1_392' title='bbox 705 4399 738 4462; x_wconf 89' lang='lat' dir='ltr'><strong>et</strong></span> <span class='ocrx_word' id='word_1_393' title='bbox 765 4400 947 4462; x_wconf 88' lang='lat' dir='ltr'><strong>consuetu·</strong></span> <span class='ocrx_word' id='word_1_394' title='bbox 1004 4398 1090 4475; x_wconf 91' lang='lat' dir='ltr'><strong>apud</strong></span> <span class='ocrx_word' id='word_1_395' title='bbox 1114 4412 1175 4459; x_wconf 87' lang='lat' dir='ltr'><strong>nos</strong></span> <span class='ocrx_word' id='word_1_396' title='bbox 1197 4411 1359 4459; x_wconf 89' lang='lat' dir='ltr'><strong>essenon</strong></span> <span class='ocrx_word' id='word_1_397' title='bbox 1385 4394 1482 4459; x_wconf 90' lang='lat' dir='ltr'><strong>debet</strong></span> <span class='ocrx_word' id='word_1_398' title='bbox 1507 4397 1655 4476; x_wconf 87' lang='lat' dir='ltr'><strong>acceptio</strong></span> <span class='ocrx_word' id='word_1_399' title='bbox 1675 4412 1796 4476; x_wconf 90' lang='lat' dir='ltr'><strong>perso-</strong></span> 
     </span>
     <span class='ocr_line' id='line_1_44' title="bbox 153 4493 1134 4573; baseline 0 -18"><span class='ocrx_word' id='word_1_400' title='bbox 153 4493 262 4563; x_wconf 88' lang='lat' dir='ltr'><strong>dines,</strong></span> <span class='ocrx_word' id='word_1_401' title='bbox 291 4510 364 4572; x_wconf 82' lang='lat' dir='ltr'><strong>quae</strong></span> <span class='ocrx_word' id='word_1_402' title='bbox 393 4495 485 4572; x_wconf 89' lang='lat' dir='ltr'><strong>prior</strong></span> <span class='ocrx_word' id='word_1_403' title='bbox 512 4495 772 4573; x_wconf 80' lang='lat' dir='ltr'><strong>Hamburgensis</strong></span> <span class='ocrx_word' id='word_1_404' title='bbox 807 4497 949 4559; x_wconf 88' lang='lat' dir='ltr'><strong>eeclesia</strong></span> <span class='ocrx_word' id='word_1_405' title='bbox 1004 4510 1134 4557; x_wconf 90' lang='lat' dir='ltr'><strong>narum.</strong></span> 
     </span>
     <span class='ocr_line' id='line_1_45' title="bbox 153 4589 1795 4669; baseline 0 -15"><span class='ocrx_word' id='word_1_406' title='bbox 153 4589 352 4665; x_wconf 87' lang='lat' dir='ltr'><strong>obtinuerat,</strong></span> <span class='ocrx_word' id='word_1_407' title='bbox 369 4607 437 4653; x_wconf 85' lang='lat' dir='ltr'><strong>suae</strong></span> <span class='ocrx_word' id='word_1_408' title='bbox 452 4592 687 4656; x_wconf 85' lang='lat' dir='ltr'><strong>contendentes</strong></span> <span class='ocrx_word' id='word_1_409' title='bbox 702 4594 852 4656; x_wconf 72' lang='lat' dir='ltr'><strong>ecclesie</strong></span> <span class='ocrx_word' id='word_1_410' title='bbox 866 4610 950 4657; x_wconf 83' lang='lat' dir='ltr'><strong>veii-</strong></span> <span class='ocrx_word' id='word_1_411' title='bbox 1043 4596 1152 4665; x_wconf 87' lang='lat' dir='ltr'><strong>Quare</strong></span> <span class='ocrx_word' id='word_1_412' title='bbox 1166 4590 1248 4654; x_wconf 91' lang='lat' dir='ltr'><strong>talia</strong></span> <span class='ocrx_word' id='word_1_413' title='bbox 1263 4591 1303 4653; x_wconf 90' lang='lat' dir='ltr'><strong>de</strong></span> <span class='ocrx_word' id='word_1_414' title='bbox 1318 4593 1438 4653; x_wconf 76' lang='lat' dir='ltr'><strong>caetero</strong></span> <span class='ocrx_word' id='word_1_415' title='bbox 1454 4591 1619 4655; x_wconf 87' lang='lat' dir='ltr'><strong>sustinere</strong></span> <span class='ocrx_word' id='word_1_416' title='bbox 1633 4591 1795 4669; x_wconf 89' lang='lat' dir='ltr'><strong>nolentes,</strong></span> 
     </span>
     <span class='ocr_line' id='line_1_46' title="bbox 152 4676 1799 4769; baseline 0.002 -20"><span class='ocrx_word' id='word_1_417' title='bbox 152 4687 279 4762; x_wconf 88' lang='lat' dir='ltr'><strong>dicare,</strong></span> <span class='ocrx_word' id='word_1_418' title='bbox 305 4703 345 4750; x_wconf 86' lang='lat' dir='ltr'><strong>uc</strong></span> <span class='ocrx_word' id='word_1_419' title='bbox 362 4687 405 4750; x_wconf 89' lang='lat' dir='ltr'><strong>ad</strong></span> <span class='ocrx_word' id='word_1_420' title='bbox 424 4689 530 4752; x_wconf 85' lang='lat' dir='ltr'><strong>instar</strong></span> <span class='ocrx_word' id='word_1_421' title='bbox 548 4688 641 4750; x_wconf 88' lang='lat' dir='ltr'><strong>illiue</strong></span> <span class='ocrx_word' id='word_1_422' title='bbox 663 4689 700 4750; x_wconf 92' lang='lat' dir='ltr'><strong>in</strong></span> <span class='ocrx_word' id='word_1_423' title='bbox 721 4705 782 4752; x_wconf 88' lang='lat' dir='ltr'><strong>aua</strong></span> <span class='ocrx_word' id='word_1_424' title='bbox 803 4689 949 4754; x_wconf 87' lang='lat' dir='ltr'><strong>dicentes</strong></span> <span class='ocrx_word' id='word_1_425' title='bbox 1004 4689 1105 4769; x_wconf 86' lang='lat' dir='ltr'><strong>quuih</strong></span> <span class='ocrx_word' id='word_1_426' title='bbox 1116 4676 1361 4752; x_wconf 77' lang='lat' dir='ltr'><strong>monstruosum</strong></span> <span class='ocrx_word' id='word_1_427' title='bbox 1376 4689 1475 4760; x_wconf 85' lang='lat' dir='ltr'><strong>esset,</strong></span> <span class='ocrx_word' id='word_1_428' title='bbox 1490 4681 1577 4751; x_wconf 84' lang='lat' dir='ltr'><strong>sicut</strong></span> <span class='ocrx_word' id='word_1_429' title='bbox 1589 4689 1627 4752; x_wconf 89' lang='lat' dir='ltr'><strong>in</strong></span> <span class='ocrx_word' id='word_1_430' title='bbox 1641 4691 1799 4754; x_wconf 89' lang='lat' dir='ltr'><strong>constitu·</strong></span> 
     </span>
     <span class='ocr_line' id='line_1_47' title="bbox 153 4785 1799 4862; baseline 0.002 -14"><span class='ocrx_word' id='word_1_431' title='bbox 153 4785 299 4848; x_wconf 87' lang='lat' dir='ltr'><strong>ecelesia</strong></span> <span class='ocrx_word' id='word_1_432' title='bbox 313 4785 518 4862; x_wconf 85' lang='lat' dir='ltr'><strong>provinciale</strong></span> <span class='ocrx_word' id='word_1_433' title='bbox 533 4785 653 4848; x_wconf 90' lang='lat' dir='ltr'><strong>debere</strong></span> <span class='ocrx_word' id='word_1_434' title='bbox 668 4787 846 4848; x_wconf 90' lang='lat' dir='ltr'><strong>concilium</strong></span> <span class='ocrx_word' id='word_1_435' title='bbox 861 4789 952 4850; x_wconf 89' lang='lat' dir='ltr'><strong>cele-</strong></span> <span class='ocrx_word' id='word_1_436' title='bbox 1004 4787 1150 4850; x_wconf 90' lang='lat' dir='ltr'><strong>tionibus</strong></span> <span class='ocrx_word' id='word_1_437' title='bbox 1163 4787 1285 4849; x_wconf 88' lang='lat' dir='ltr'><strong>dicitur</strong></span> <span class='ocrx_word' id='word_1_438' title='bbox 1296 4785 1436 4848; x_wconf 81' lang='lat' dir='ltr'><strong>concilii</strong></span> <span class='ocrx_word' id='word_1_439' title='bbox 1455 4787 1635 4862; x_wconf 79' lang='lat' dir='ltr'><strong>generalis,</strong></span> <span class='ocrx_word' id='word_1_440' title='bbox 1652 4803 1752 4850; x_wconf 87' lang='lat' dir='ltr'><strong>unam</strong></span> <span class='ocrx_word' id='word_1_441' title='bbox 1765 4790 1799 4853; x_wconf 85' lang='lat' dir='ltr'><strong>et</strong></span> 
     </span>
     <span class='ocr_line' id='line_1_48' title="bbox 153 4882 1798 4963; baseline 0.002 -18"><span class='ocrx_word' id='word_1_442' title='bbox 153 4882 259 4951; x_wconf 90' lang='lat' dir='ltr'><strong>brari,</strong></span> <span class='ocrx_word' id='word_1_443' title='bbox 271 4897 459 4961; x_wconf 87' lang='lat' dir='ltr'><strong>quanquam</strong></span> <span class='ocrx_word' id='word_1_444' title='bbox 474 4884 588 4946; x_wconf 89' lang='lat' dir='ltr'><strong>eadem</strong></span> <span class='ocrx_word' id='word_1_445' title='bbox 603 4885 793 4946; x_wconf 89' lang='lat' dir='ltr'><strong>Bremensis</strong></span> <span class='ocrx_word' id='word_1_446' title='bbox 809 4884 950 4948; x_wconf 84' lang='lat' dir='ltr'><strong>ecclesia</strong></span> <span class='ocrx_word' id='word_1_447' title='bbox 1005 4885 1155 4948; x_wconf 92' lang='lat' dir='ltr'><strong>eamdem</strong></span> <span class='ocrx_word' id='word_1_448' title='bbox 1169 4883 1337 4946; x_wconf 89' lang='lat' dir='ltr'><strong>dioecesim</strong></span> <span class='ocrx_word' id='word_1_449' title='bbox 1357 4883 1507 4947; x_wconf 85' lang='lat' dir='ltr'><strong>diversos</strong></span> <span class='ocrx_word' id='word_1_450' title='bbox 1521 4884 1645 4947; x_wconf 91' lang='lat' dir='ltr'><strong>habere</strong></span> <span class='ocrx_word' id='word_1_451' title='bbox 1660 4887 1798 4963; x_wconf 89' lang='lat' dir='ltr'><strong>pontid-</strong></span> 
     </span>
     <span class='ocr_line' id='line_1_49' title="bbox 153 4979 1804 5062; baseline 0.004 -22"><span class='ocrx_word' id='word_1_452' title='bbox 153 4979 407 5056; x_wconf 83' lang='lat' dir='ltr'><strong>praescriptione</strong></span> <span class='ocrx_word' id='word_1_453' title='bbox 420 4979 687 5058; x_wconf 83' lang='lat' dir='ltr'><strong>quadragenaria</strong></span> <span class='ocrx_word' id='word_1_454' title='bbox 701 4982 880 5054; x_wconf 90' lang='lat' dir='ltr'><strong>muniatur,</strong></span> <span class='ocrx_word' id='word_1_455' title='bbox 894 4999 967 5044; x_wconf 69' lang='lat' dir='ltr'><strong>su-r,</strong></span> <span class='ocrx_word' id='word_1_456' title='bbox 1005 4999 1071 5056; x_wconf 86' lang='lat' dir='ltr'><strong>ees,</strong></span> <span class='ocrx_word' id='word_1_457' title='bbox 1088 4985 1246 5060; x_wconf 87' lang='lat' dir='ltr'><strong>tanquam</strong></span> <span class='ocrx_word' id='word_1_458' title='bbox 1268 4981 1400 5043; x_wconf 83' lang='lat' dir='ltr'><strong>diversa</strong></span> <span class='ocrx_word' id='word_1_459' title='bbox 1420 4983 1529 5059; x_wconf 87' lang='lat' dir='ltr'><strong>capita</strong></span> <span class='ocrx_word' id='word_1_460' title='bbox 1552 4997 1654 5044; x_wconf 91' lang='lat' dir='ltr'><strong>unum</strong></span> <span class='ocrx_word' id='word_1_461' title='bbox 1679 4999 1804 5062; x_wconf 82' lang='lat' dir='ltr'><strong>corpus</strong></span> 
     </span>
     <span class='ocr_line' id='line_1_50' title="bbox 153 5076 1801 5158; baseline 0.002 -20"><span class='ocrx_word' id='word_1_462' title='bbox 153 5092 216 5154; x_wconf 89' lang='lat' dir='ltr'><strong>per</strong></span> <span class='ocrx_word' id='word_1_463' title='bbox 231 5077 296 5140; x_wconf 92' lang='lat' dir='ltr'><strong>hoc</strong></span> <span class='ocrx_word' id='word_1_464' title='bbox 310 5080 344 5138; x_wconf 91' lang='lat' dir='ltr'><strong>et</strong></span> <span class='ocrx_word' id='word_1_465' title='bbox 357 5076 433 5138; x_wconf 90' lang='lat' dir='ltr'><strong>aliis</strong></span> <span class='ocrx_word' id='word_1_466' title='bbox 453 5077 696 5154; x_wconf 86' lang='lat' dir='ltr'><strong>metropolitico</strong></span> <span class='ocrx_word' id='word_1_467' title='bbox 713 5079 783 5155; x_wconf 82' lang='lat' dir='ltr'><strong>juri</strong></span> <span class='ocrx_word' id='word_1_468' title='bbox 803 5079 950 5156; x_wconf 81' lang='lat' dir='ltr'><strong>praelatm</strong></span> <span class='ocrx_word' id='word_1_469' title='bbox 1006 5080 1154 5152; x_wconf 88' lang='lat' dir='ltr'><strong>haberet,</strong></span> <span class='ocrx_word' id='word_1_470' title='bbox 1169 5077 1417 5142; x_wconf 82' lang='lat' dir='ltr'><strong>venerabilibus</strong></span> <span class='ocrx_word' id='word_1_471' title='bbox 1431 5078 1590 5141; x_wconf 87' lang='lat' dir='ltr'><strong>iratribus</strong></span> <span class='ocrx_word' id='word_1_472' title='bbox 1604 5081 1729 5143; x_wconf 87' lang='lat' dir='ltr'><strong>nostris</strong></span> <span class='ocrx_word' id='word_1_473' title='bbox 1743 5097 1801 5158; x_wconf 90' lang='lat' dir='ltr'><strong>pa·</strong></span> 
     </span>
     <span class='ocr_line' id='line_1_51' title="bbox 152 5173 1799 5255; baseline 0.002 -19"><span class='ocrx_word' id='word_1_474' title='bbox 152 5174 344 5236; x_wconf 87' lang='lat' dir='ltr'><strong>Bremensis</strong></span> <span class='ocrx_word' id='word_1_475' title='bbox 370 5173 520 5236; x_wconf 86' lang='lat' dir='ltr'><strong>ecelesiae</strong></span> <span class='ocrx_word' id='word_1_476' title='bbox 549 5174 710 5252; x_wconf 82' lang='lat' dir='ltr'><strong>derogare</strong></span> <span class='ocrx_word' id='word_1_477' title='bbox 733 5177 949 5254; x_wconf 69' lang='lat' dir='ltr'><strong>presumunt.</strong></span> <span class='ocrx_word' id='word_1_478' title='bbox 1005 5178 1161 5240; x_wconf 84' lang='lat' dir='ltr'><strong>triarchae</strong></span> <span class='ocrx_word' id='word_1_479' title='bbox 1174 5176 1488 5255; x_wconf 87' lang='lat' dir='ltr'><strong>Hierosolymitano,</strong></span> <span class='ocrx_word' id='word_1_480' title='bbox 1501 5177 1661 5255; x_wconf 82' lang='lat' dir='ltr'><strong>et&#39;ryren.</strong></span> <span class='ocrx_word' id='word_1_481' title='bbox 1679 5178 1713 5239; x_wconf 92' lang='lat' dir='ltr'><strong>et</strong></span> <span class='ocrx_word' id='word_1_482' title='bbox 1727 5179 1799 5240; x_wconf 76' lang='lat' dir='ltr'>(2ae·</span> 
     </span>
     <span class='ocr_line' id='line_1_52' title="bbox 154 5270 1798 5354; baseline 0.004 -22"><span class='ocrx_word' id='word_1_483' title='bbox 154 5271 240 5344; x_wconf 86' lang='lat' dir='ltr'><strong>Quia</strong></span> <span class='ocrx_word' id='word_1_484' title='bbox 255 5287 334 5334; x_wconf 85' lang='lat' dir='ltr'><strong>vero</strong></span> <span class='ocrx_word' id='word_1_485' title='bbox 355 5270 452 5334; x_wconf 89' lang='lat' dir='ltr'><strong>nobis</strong></span> <span class='ocrx_word' id='word_1_486' title='bbox 471 5287 538 5336; x_wconf 93' lang='lat' dir='ltr'><strong>non</strong></span> <span class='ocrx_word' id='word_1_487' title='bbox 552 5273 682 5335; x_wconf 87' lang='lat' dir='ltr'><strong>constat</strong></span> <span class='ocrx_word' id='word_1_488' title='bbox 695 5273 736 5335; x_wconf 91' lang='lat' dir='ltr'><strong>de</strong></span> <span class='ocrx_word' id='word_1_489' title='bbox 755 5273 949 5350; x_wconf 89' lang='lat' dir='ltr'><strong>praemissis,</strong></span> <span class='ocrx_word' id='word_1_490' title='bbox 1006 5276 1149 5339; x_wconf 90' lang='lat' dir='ltr'><strong>sariensi</strong></span> <span class='ocrx_word' id='word_1_491' title='bbox 1170 5275 1431 5354; x_wconf 85' lang='lat' dir='ltr'><strong>archiepiscopis</strong></span> <span class='ocrx_word' id='word_1_492' title='bbox 1450 5275 1573 5337; x_wconf 88' lang='lat' dir='ltr'><strong>nostris</strong></span> <span class='ocrx_word' id='word_1_493' title='bbox 1599 5274 1716 5337; x_wconf 89' lang='lat' dir='ltr'><strong>damus</strong></span> <span class='ocrx_word' id='word_1_494' title='bbox 1736 5275 1798 5340; x_wconf 91' lang='lat' dir='ltr'><strong>lit-</strong></span> 
     </span>
     <span class='ocr_line' id='line_1_53' title="bbox 153 5369 1798 5450; baseline 0.004 -19"><span class='ocrx_word' id='word_1_495' title='bbox 153 5369 349 5432; x_wconf 86' lang='lat' dir='ltr'><strong>discretioni</strong></span> <span class='ocrx_word' id='word_1_496' title='bbox 380 5369 501 5432; x_wconf 82' lang='lat' dir='ltr'><strong>restrae</strong></span> <span class='ocrx_word' id='word_1_497' title='bbox 527 5385 587 5446; x_wconf 89' lang='lat' dir='ltr'><strong>per</strong></span> <span class='ocrx_word' id='word_1_498' title='bbox 610 5370 800 5447; x_wconf 83' lang='lat' dir='ltr'><strong>Apostolica</strong></span> <span class='ocrx_word' id='word_1_499' title='bbox 828 5373 951 5450; x_wconf 88' lang='lat' dir='ltr'><strong>scripta</strong></span> <span class='ocrx_word' id='word_1_500' title='bbox 1005 5375 1086 5436; x_wconf 89' lang='lat' dir='ltr'><strong>teris</strong></span> <span class='ocrx_word' id='word_1_501' title='bbox 1100 5373 1135 5435; x_wconf 94' lang='lat' dir='ltr'><strong>in</strong></span> <span class='ocrx_word' id='word_1_502' title='bbox 1157 5373 1322 5436; x_wconf 87' lang='lat' dir='ltr'><strong>mandatis</strong></span> <span class='ocrx_word' id='word_1_503' title='bbox 1338 5375 1374 5433; x_wconf 91' lang='lat' dir='ltr'><strong>ut</strong></span> <span class='ocrx_word' id='word_1_504' title='bbox 1393 5387 1450 5433; x_wconf 90' lang='lat' dir='ltr'><strong>eos</strong></span> <span class='ocrx_word' id='word_1_505' title='bbox 1472 5371 1596 5432; x_wconf 89' lang='lat' dir='ltr'><strong>morari</strong></span> <span class='ocrx_word' id='word_1_506' title='bbox 1615 5371 1656 5434; x_wconf 92' lang='lat' dir='ltr'><strong>de</strong></span> <span class='ocrx_word' id='word_1_507' title='bbox 1677 5374 1798 5438; x_wconf 82' lang='lat' dir='ltr'><strong>caetero</strong></span> 
     </span>
     <span class='ocr_line' id='line_1_54' title="bbox 153 5466 1803 5548; baseline 0.003 -20"><span class='ocrx_word' id='word_1_508' title='bbox 153 5466 363 5538; x_wconf 88' lang='lat' dir='ltr'><strong>mandamus,</strong></span> <span class='ocrx_word' id='word_1_509' title='bbox 390 5467 553 5544; x_wconf 85' lang='lat' dir='ltr'><strong>quatenns</strong></span> <span class='ocrx_word' id='word_1_510' title='bbox 572 5467 723 5544; x_wconf 87' lang='lat' dir='ltr'><strong>partibus</strong></span> <span class='ocrx_word' id='word_1_511' title='bbox 748 5471 948 5542; x_wconf 85' lang='lat' dir='ltr'><strong>convocatis,</strong></span> <span class='ocrx_word' id='word_1_512' title='bbox 1005 5471 1098 5533; x_wconf 89' lang='lat' dir='ltr'><strong>velut</strong></span> <span class='ocrx_word' id='word_1_513' title='bbox 1113 5469 1273 5548; x_wconf 83' lang='lat' dir='ltr'><strong>praesules</strong></span> <span class='ocrx_word' id='word_1_514' title='bbox 1295 5469 1330 5530; x_wconf 95' lang='lat' dir='ltr'><strong>in</strong></span> <span class='ocrx_word' id='word_1_515' title='bbox 1349 5469 1445 5531; x_wconf 91' lang='lat' dir='ltr'><strong>dictis</strong></span> <span class='ocrx_word' id='word_1_516' title='bbox 1465 5467 1665 5532; x_wconf 88' lang='lat' dir='ltr'><strong>dioecesibus</strong></span> <span class='ocrx_word' id='word_1_517' title='bbox 1684 5470 1803 5534; x_wconf 85' lang='lat' dir='ltr'><strong>nulle·</strong></span> 
     </span>
     <span class='ocr_line' id='line_1_55' title="bbox 153 5563 1871 5645; baseline 0.001 -19"><span class='ocrx_word' id='word_1_518' title='bbox 153 5579 291 5626; x_wconf 89' lang='lat' dir='ltr'><strong>causam</strong></span> <span class='ocrx_word' id='word_1_519' title='bbox 306 5563 450 5625; x_wconf 87' lang='lat' dir='ltr'><strong>audiatis</strong></span> <span class='ocrx_word' id='word_1_520' title='bbox 465 5566 499 5626; x_wconf 91' lang='lat' dir='ltr'><strong>et</strong></span> <span class='ocrx_word' id='word_1_521' title='bbox 513 5564 600 5641; x_wconf 86' lang='lat' dir='ltr'><strong>quod</strong></span> <span class='ocrx_word' id='word_1_522' title='bbox 618 5566 742 5642; x_wconf 75' lang='lat' dir='ltr'><strong>iustum</strong></span> <span class='ocrx_word' id='word_1_523' title='bbox 757 5565 869 5639; x_wconf 89' lang='lat' dir='ltr'><strong>inerit,</strong></span> <span class='ocrx_word' id='word_1_524' title='bbox 886 5583 949 5644; x_wconf 90' lang='lat' dir='ltr'><strong>ap·</strong></span> <span class='ocrx_word' id='word_1_525' title='bbox 1005 5568 1102 5629; x_wconf 89' lang='lat' dir='ltr'><strong>tenus</strong></span> <span class='ocrx_word' id='word_1_526' title='bbox 1114 5568 1294 5645; x_wconf 87' lang='lat' dir='ltr'><strong>patiantur,</strong></span> <span class='ocrx_word' id='word_1_527' title='bbox 1308 5565 1546 5638; x_wconf 88' lang='lat' dir='ltr'><strong>sacerdotibus,</strong></span> <span class='ocrx_word' id='word_1_528' title='bbox 1559 5567 1592 5628; x_wconf 88' lang='lat' dir='ltr'><strong>et</strong></span> <span class='ocrx_word' id='word_1_529' title='bbox 1604 5567 1798 5628; x_wconf 87' lang='lat' dir='ltr'><strong>diaconibus</strong></span> <span class='ocrx_word' id='word_1_530' title='bbox 1868 5564 1871 5575; x_wconf 82' lang='lat'><em>&#39;</em></span> 
     </span>
     <span class='ocr_line' id='line_1_56' title="bbox 152 5661 1800 5742; baseline 0.002 -22"><span class='ocrx_word' id='word_1_531' title='bbox 152 5661 336 5738; x_wconf 89' lang='lat' dir='ltr'><strong>pellatione</strong></span> <span class='ocrx_word' id='word_1_532' title='bbox 374 5661 557 5738; x_wconf 87' lang='lat' dir='ltr'><strong>postposita</strong></span> <span class='ocrx_word' id='word_1_533' title='bbox 596 5661 760 5734; x_wconf 88' lang='lat' dir='ltr'><strong>statuatis,</strong></span> <span class='ocrx_word' id='word_1_534' title='bbox 790 5662 951 5726; x_wconf 81' lang='lat' dir='ltr'><strong>iacientes</strong></span> <span class='ocrx_word' id='word_1_535' title='bbox 1006 5663 1130 5726; x_wconf 82' lang='lat' dir='ltr'><strong>Graecis</strong></span> <span class='ocrx_word' id='word_1_536' title='bbox 1149 5663 1298 5742; x_wconf 85' lang='lat' dir='ltr'><strong>praedicti</strong></span> <span class='ocrx_word' id='word_1_537' title='bbox 1319 5662 1413 5741; x_wconf 81' lang='lat' dir='ltr'><strong>regni</strong></span> <span class='ocrx_word' id='word_1_538' title='bbox 1430 5661 1645 5723; x_wconf 90' lang='lat' dir='ltr'><strong>nihilominus</strong></span> <span class='ocrx_word' id='word_1_539' title='bbox 1661 5662 1800 5724; x_wconf 87' lang='lat' dir='ltr'><strong>tirmiter</strong></span> 
     </span>
    </p>
   </div>
   <div class='ocr_carea' id='block_1_9' title="bbox 0 0 2099 6340">
    <p class='ocr_par' dir='ltr' id='par_1_11' title="bbox 0 0 2099 6340">
     <span class='ocr_line' id='line_1_57' title="bbox 0 0 2099 6340; baseline 0 0"><span class='ocrx_word' id='word_1_540' title='bbox 0 0 2099 6340; x_wconf 95' lang='lat' dir='ltr'><strong> </strong></span> 
     </span>
    </p>
   </div>
  </div>
 </body>
</html>
