4102 6322
94 410 145 470 41

94 584 209 646 qnam
227 586 250 634 a
273 571 368 638 nobis
389 573 431 636 ad
455 591 512 640 eos
536 575 768 642 excitarentur
788 583 904 660 profli-

92 667 246 742 gandos
264 685 339 730 cum
350 672 420 748 jam
434 672 494 734 vix
512 674 652 738 valeatis
671 675 711 738 de
733 680 823 742 tanta
843 695 904 742 ne-

90 764 270 842 gligentia
284 770 451 830 excusari.
468 771 547 832 Cum
563 772 677 848 igitur,
698 776 786 838 sicut
804 778 903 840 audi-

89 862 228 936 vimus,
245 865 445 944 inpartibus
462 869 593 932 Bosniae
607 873 767 948 tanquam
786 874 822 936 in
842 891 902 936 cu-

91 957 229 1022 bilibus
251 963 485 1036 struthionum,
509 971 584 1040 etc,
610 969 647 1030 ut
670 985 771 1046 supra
794 987 900 1046 usque

93 1073 249 1131 errores,
276 1076 338 1138 per
363 1062 449 1139 quod
472 1079 574 1139 grave
596 1066 770 1128 imminere
792 1070 901 1146 potest

93 1157 283 1219 commisso
314 1157 412 1220 nobis
449 1161 544 1238 gregi
582 1163 754 1226 Dominico
794 1166 900 1228 detri-

91 1256 264 1326 mentum,
290 1253 532 1320 fraternitatem
554 1263 699 1322 vestram
728 1278 898 1324 3030333

91 1350 133 1412 01
151 1349 329 1414 hortamur
350 1354 486 1424 attente,
511 1373 570 1434 per
590 1359 779 1434 Apostolica
804 1362 898 1423 vobis

92 1447 228 1526 scripta
254 1450 479 1528 praecipiendo
502 1454 709 1528 mandantes,
736 1457 897 1535 quatenus

92 1544 254 1606 universi
280 1548 314 1610 et
338 1548 463 1626 singuli
489 1550 530 1611 ad
554 1553 680 1628 pestem
706 1552 896 1630 hujusmodi

90 1641 299 1706 abolendam
314 1661 410 1708 omne
430 1648 586 1721 studium,
605 1634 800 1728 omnemque
814 1652 894 1712 dili-

90 1741 248 1816 gentiam
265 1742 471 1817 adhibentes,
493 1747 797 1810 commonefaciatis
817 1749 897 1810 sub·

90 1835 185 1898 ditos
201 1841 331 1901 vestros
345 1841 379 1902 01
396 1841 432 1901 13
452 1843 683 1905 remissionem
703 1845 752 1906 eis
772 1861 895 1922 pecca·

88 1933 225 1994 minum
248 1937 444 2014 injungatis,
472 1943 508 2002 ut
531 1957 650 2002 cuma
682 1942 801 2005 dilecto
826 1944 895 2005 11110

87 2032 259 2107 magtstro
274 2036 435 2097 Accontio
450 2037 653 2102 subdiacono
669 2043 702 2102 et
722 2041 895 2118 capellano

87 2129 223 2203 nostro,
248 2133 448 2208 apostolicae
472 2135 567 2196 Sedis
585 2137 707 2212 legato,
733 2139 893 2214 quemad

87 2225 160 2286 hoc
194 2229 388 2304 specialiter
418 2232 625 2308 providimus
657 2233 892 2312 deputandum,

87 2323 221 2386 tuerint
248 2327 402 2404 requisiti
439 2331 555 2391 contra
588 2330 764 2392 haereticos
790 2333 892 2408 ipsos,

89 2437 157 2482 nec
172 2438 241 2484 non
254 2426 478 2501 receptatores
493 2427 525 2488 et
540 2427 685 2490 13310303
696 2444 822 2501 00333,
832 2445 894 2490 ex-

88 2523 237 2595 surgant
254 2521 399 2584 viriliter
412 2525 446 2585 et
462 2525 623 2601 potenter,
638 2527 788 2605 aliasque
806 2543 893 2604 333-

88 2615 184 2679 dicto
204 2619 314 2694 legato
334 2620 534 2698 impendatis
553 2623 594 2684 ad
614 2623 839 2685 11003311133
859 2628 892 2686 et

88 2715 261 2776 auxilium
281 2719 514 2796 opportunum,
532 2721 640 2782 acturi
659 2722 708 2784 sic
722 2738 766 2784 ex
779 2723 891 2785 animo

89 2827 233 2874 causam
249 2815 323 2890 Dei;
344 2817 430 2892 quod
451 2817 560 2890 Pater,
577 2818 633 2895 qni
648 2820 738 2882 videt
759 2821 794 2880 in
813 2821 893 2881 abs-

89 2910 241 2983 condito,
254 2912 372 2974 reddat
383 2914 490 2986 vobis,
505 2917 538 2977 et
551 2932 611 2977 nos
625 2917 732 2978 zelum
745 2919 891 2979 vestrum

89 3004 204 3079 dignis
225 3005 404 3068 debeamus
419 3009 455 3070 in
470 3011 609 3072 Domino
624 3011 779 3074 laudibus
794 3026 889 3072 003-

90 3101 263 3164 3031330.
281 3105 402 3168 Sciatis
421 3107 543 3179 autem,
561 3108 647 3185 quod
667 3108 791 3186 siquos
806 3108 890 3171 10310

90 3199 333 3274 inveniremus,
357 3204 444 3280 quod
467 3220 535 3266 nou
559 3206 737 3277 credimus,
760 3205 889 3282 tepidos

90 3296 144 3358 vel
181 3298 351 3372 remissos,
385 3316 446 3363 303
478 3317 688 3380 nequaqnam
716 3319 889 3380 possemus

89 3394 327 3470 aequaninnter
356 3399 522 3460 sustinere
546 3401 625 3476 quin
651 3415 709 3462 ecs
739 3401 888 3462 severius

88 3492 297 3568 puniremus.
309 3497 428 3558 Datum
437 3498 604 3570 Laterani,
615 3497 713 3559 30313
726 3497 886 3572 decemb„

728 424 954 490 EPISTOLAE.
979 431 1057 490 LIB.
1081 433 1136 492 vt:

1712 445 1753 504 42

957 605 1048 669 dare.
1066 605 1184 670 Datum
1204 606 1372 686 Laterani,
1389 607 1448 676 vu
1460 605 1535 678 idus
1553 607 1748 692 decembris,

956 705 1167 780 pontificatus
1179 709 1286 770 nostri
1301 725 1389 772 anno
1402 712 1508 776 sexto.

981 1133 1033 1192 Ac
1046 1133 1202 1197 abbatem
1212 1135 1331 1198 Sancti
1345 1141 1565 1202 1103303110
1579 1142 1710 1204 Pratts.

1206 1269 1222 1326 7
1236 1267 1396 1328 decembris
1411 1271 1490 1330 titt.

975 1385 1094 1450 [Regem.
1107 1388 1153 1440 lib.
1164 1391 1207 1450 Vl,
1218 1392 1292 1456 epist.
1306 1393 1361 1443 tit.
1374 1396 1433 1446 llss.
1446 1394 1483 1446 La
1492 1397 1567 1447 Porta
1579 1397 1613 1448 dn
1626 1398 1721 1465 111011]

951 1499 1123 1576 ludulgetut
1141 1504 1229 1563 abbas
1247 1508 1343 1566 Sancti
1362 1509 1495 1568 Germani
1513 1519 1541 1569 et
1557 1527 1742 1571 successores

984 1590 1045 1736 ejuls
1060 1593 1150 1664 pallas
1162 1594 1258 1653 altoris
1271 1604 1299 1654 et
1310 1597 1496 1656 sacerdotalia
1511 1599 1675 1660 indumenta
1691 1601 1741 1660 be·

985 1694 1021 1738 nc
1042 1681 1127 1738 icant.

988 1809 1166 1882 Honorius,
1184 1811 1259 1883 etc,
1284 1812 1403 1876 dilecto
1420 1814 1487 1876 1110
1503 1815 1614 1880 abbati
1630 1817 1742 1880 Sancti

949 1906 1104 1966 Germani
1119 1907 1159 1968 de
1175 1908 1297 1970 Pratis.

988 2003 1069 2063 Cum
1080 2019 1099 2064 a
1110 2003 1205 2066 nobis
1217 2007 1350 2082 petitur,
1365 2007 1440 2082 etc,
1454 2025 1561 2084 usquc
1574 2009 1739 2073 effectum.

948 2101 993 2160 Ea
1006 2102 1140 2179 propter
1158 2117 1265 2178 osque
1284 2120 1434 2179 assensu,
1456 2107 1492 2169 ut
1509 2107 1609 2170 lineat
1627 2107 1687 2170 tibi
1709 2110 1742 2172 01

947 2199 1194 2260 successoribus
1216 2201 1282 2263 tuis
1304 2204 1456 2265 ecclesiae
1474 2205 1541 2267 tuae
1563 2204 1669 2282 pallas
1686 2207 1740 2268 31-

948 2293 1029 2355 13313
1044 2297 1077 2357 01
1089 2298 1309 2360 sacerdotalia
1322 2299 1521 2362 benedicere
1534 2302 1738 2376 indumenta,

947 2393 1143 2454 auctoritate
1158 2397 1372 2471 praesentium
1385 2399 1606 2474 indulgemus.
1622 2401 1740 2462 Datum

947 2491 1115 2563 Laterani,
1136 2493 1196 2554 VII
1218 2493 1291 2555 idus
1313 2495 1508 2570 decembris,
1529 2493 1741 2574 pontificatus

946 2587 1052 2648 nostri
1068 2603 1155 2651 anno
1169 2592 1275 2653 sento.

1280 2870 1404 2958 XLIX

943 3020 996 3078 Ad
1009 3019 1165 3080 abbatem
1175 3019 1209 3082 ct
1219 3023 1426 3084 concentum
1440 3024 1559 3086 saian
1572 3027 1740 3104 (1033031

1130 3119 1172 3179 de
1186 3119 1308 3180 Pratts
1323 3121 1550 3184 narniensis.

1197 3247 1215 3307 8
1229 3246 1389 3308 decembris
1405 3251 1483 3308 1111.

974 3368 1093 3434 [degeam
1104 3369 1150 3421 lib.
1160 3371 1203 3430 Vl,
1215 3371 1289 3437 epist.
1300 3371 1340 3424 38.
1355 3375 1413 3424 llss.
1429 3375 1464 3426 La
1479 3373 1554 3424 Pcrte
1568 3372 1602 3424 du
1613 3372 1707 3442 nteit]

943 3485 967 3544 Α
981 3485 1122 3560 regimim
1133 3486 1254 3545 abbatie
1264 3488 1360 3546 Sancti
1373 3489 1507 3547 Germani
1519 3490 1641 3548 remotio
1651 3492 1698 3562 Η.,
1708 3471 1738 3549 01

1149 3577 1324 3634 successoris
1338 3573 1401 3648 ejus
1415 3578 1526 3635 electio.

980 3692 1160 3766 Honorius,
1187 3694 1263 3766 etc,
1295 3693 1425 3756 dilectis
1450 3695 1530 3755 tiliis
1563 3694 1675 3759 abbati
1704 3697 1737 3759 et
1782 3725 1788 3748 ·

941 3790 1120 3853 conventui
1135 3791 1249 3853 Sancti
1271 3792 1427 3853 Germani
1445 3791 1487 3852 de
1505 3794 1616 3854 Pratis
1635 3793 1735 3854 Pari-

942 3903 1110 4046 8ὶὲ11111113
1124 3984 1203 4047 0113
1219 3986 1252 4047 01
1267 3984 1445 4048 intellectis
1460 4003 1534 4064 quae
1547 3989 1663 4051 contra
1677 3971 1750 4050 11-ἱ

941 4081 1063 4144 lectum
1077 4081 1183 4144 tilium
1197 4085 1251 4156 H.,
1265 4083 1345 4145 tunc
1362 4083 1514 4152 abbatem
1529 4088 1688 4158 vestrum,
1703 4087 1736 4150 et

88 3603 180 3651 anno
193 3593 298 3654 sexto.

418 3843 564 3940 XLVII

185 3986 240 4046 Ad
253 3987 450 4061 episcopum
462 3989 791 4050 Barchinoncnscm.

349 4119 364 4174 7
378 4115 539 4176 decembris
555 4118 633 4176 aaut.

200 4239 316 4306 [Ripolli
329 4242 424 4292 bullar.
440 4243 583 4303 Praedicat,
598 4243 618 4303 1,
635 4241 673 4302 11,
689 4257 715 4292 n.
726 4241 778 4307 11]

86 4360 125 4416 Ut
139 4359 253 4416 Fratres
267 4358 375 4416 ordinis
390 4357 610 4416 predicatorum
625 4357 729 4418 haheat
744 4371 887 4416 commen·

351 4445 434 4504 datos
448 4445 622 4504 exhortatur.
650 4489 652 4494 .

941 4278 1005 4338 sita
1017 4293 1129 4339 coram
1140 4277 1248 4350 nobis,
1257 4276 1298 4340 de
1308 4278 1447 4340 fratrum
1461 4281 1647 4342 nostrorum
1661 4297 1737 4342 con·

941 4375 1016 4436 silio
1038 4375 1254 4438 decernentes
1273 4377 1382 4453 ipsum
1405 4393 1479 4438 esse
1501 4393 1520 4438 a
1541 4380 1734 4441 monasterii

939 4472 1043 4534 vestri
1057 4473 1219 4548 regimine
1232 4473 1650 4546 amovendum,venerabili
1665 4475 1736 4538 133-

939 4570 983 4631 131
1013 4573 1163 4632 303130...
1200 4573 1337 4633 Τ30003.
1365 4572 1520 4648 episcopo
1556 4575 1588 4633 01
1614 4572 1735 4636 dilecto

86 4671 274 4733 venerabili
307 4671 403 4732 133131
437 4672 593 4748 episcopo
627 4671 883 4744 barchinonen„
940 4667 1046 4728 1110...
1070 4667 1174 4744 priori
1191 4669 1304 4730 Sancti
1318 4669 1462 4731 Victoris
1479 4669 1643 4730 Parisien.
1662 4670 1734 4732 dis-

87 4768 230 4830 salutem
245 4770 281 4830 et
294 4768 510 4844 apostolicam
525 4768 800 4830 benedictionem.
939 4765 1037 4827 tricte
1058 4765 1208 4826 dedimus
1234 4765 1270 4826 in
1292 4767 1476 4844 praeceptis,
1507 4766 1603 4828 3131
1625 4768 1734 4845 ipsum

127 4865 384 4928 Fraternitatem
402 4865 495 4928 tuam
511 4880 677 4942 rogamus,
700 4881 883 4938 monemus,
940 4862 1178 4924 monasterium
1194 4863 1589 4940 3000103103033013133
1605 4865 1735 4925 Η.1111-

88 4963 121 5025 et
138 4963 357 5024 exhortamur
376 4963 546 5035 attentius,
563 4965 727 5040 quatenus
746 4962 884 5026 dilectos
938 4959 1055 5036 genter
1073 4960 1270 5022 inducerent
1294 4961 1335 5022 ad
1360 4961 1553 5022 cedendum.
1576 4962 1734 5041 Alioquin

88 5061 188 5132 111103,
207 5059 331 5122 1331303
365 5060 493 5123 ordinis
526 5061 797 5132 Praedicatorum,
828 5061 884 5138 qui
939 5057 1090 5118 eumdem
1125 5057 1166 5118 ab
1198 5058 1305 5135 ipsius
1342 5060 1539 5122 monasterii
1570 5060 1734 5136 regimine

87 5158 204 5220 saeculi
216 5158 423 5220 vanitatibus
438 5157 611 5230 abdicatis
622 5158 885 5220 obtuleruntbo-
939 5156 1142 5227 amoventes,
1181 5171 1358 5232 personam
1395 5157 1561 5230 idoneam,
1592 5157 1632 5218 10
1670 5174 1735 5234 qua

86 5256 179 5318 minc
205 5255 315 5316 laudis
342 5255 544 5318 sacrificium
575 5255 787 5332 semetipsos3
812 5256 885 5333 pie·
938 5252 1072 5328 dignam
1097 5255 1165 5314 Deo
1186 5255 1323 5330 possent
1345 5252 1484 5315 reddere
1510 5255 1674 5316 rationem
1700 5256 1735 5316 in

87 5353 166 5415 tatis
179 5353 315 5424 intuitu,
331 5368 532 5430 precumque
544 5353 733 5414 nostrarum
748 5352 883 5415 obtentu
938 5349 1089 5411 abbatem
1106 5351 1316 5426 praeficerent
1336 5351 1532 5413 monasterii
1553 5352 1733 5430 saepedicti,

88 5451 212 5511 babere
232 5449 366 5512 studeas
380 5450 495 5512 taliter
516 5450 773 5522 commendatos,
797 5449 883 5528 quod
938 5448 1026 5508 idem
1042 5446 1218 5521 1301331,οἰ
1237 5447 1444 5512 10310110133
1460 5449 1562 5510 abbas
1581 5451 1669 5512 ultra
1683 5453 1737 5513 vi-

87 5548 188 5610 iidem
204 5563 321 5626 preces
341 5549 474 5610 3331333
493 5547 579 5623 apud
600 5547 633 5608 te
657 5547 721 5608 sibi
741 5547 885 5608 30311331
938 5545 1022 5620 giuti
1037 5545 1109 5607 dies
1129 5546 1278 5608 differret
1298 5547 1414 5608 redire
1429 5547 1470 5608 ad
1494 5551 1735 5614 monasterium

86 5645 286 5717 fructuosas,
314 5647 348 5708 01
371 5661 433 5706 303
455 5643 665 5705 1030110303
688 5645 778 5708 1333
806 5660 885 5720 003-
938 5645 1168 5705 memoratum.
1185 5645 1301 5722 Nuper
1315 5645 1425 5706 33103
1440 5660 1483 5705 ex
1497 5647 1734 5722 praedictorum

87 5743 190 5806 simus
208 5743 343 5822 propter
357 5741 421 5804 hoc
440 5757 507 5804 303
529 5741 695 5804 13303110
716 5757 885 5804 commen·
938 5741 1084 5819 episcopi
1100 5745 1133 5804 et
1145 5741 1279 5820 prioris,
1296 5757 1336 5803 ac
1351 5743 1472 5804 vestris
1489 5743 1610 5806 litteris
1629 5746 1746 5831 intel-U

127 4575 299 4635 Honorius
307 4574 494 4651 episcopus,
504 4589 804 4636 servusservcrum
812 4573 883 4646 Dei,

940 4179 982 4240 ab
995 4195 1035 4241 eo
1048 4180 1088 4241 ad
1102 4179 1328 4242 defensionem
1345 4198 1451 4251 suam,
1463 4182 1598 4244 1303331
1613 4200 1736 4261 propo·
1859 4230 1863 4238 .
