4080 6328
102 273 155 334 898

101 447 136 496 ac
159 427 415 492 clementissime
436 423 625 498 Benedicte,
646 437 706 501 pro
731 422 786 496 iis;
811 436 885 500 quae

102 529 172 591 hinc
184 525 344 589 eventura
359 525 432 587 loco
443 523 599 595 didicisti,
607 520 758 584 moestum
770 534 885 597 gerere

100 625 243 688 animum
259 642 268 686 ε
284 623 452 706 quoniam,
465 620 551 698 quod
566 619 669 681 semel
684 635 703 680 a
719 622 787 680 Deo
799 632 887 695 pree-

100 725 198 784 fixum
213 723 274 790 est,
299 719 515 791 immutabile,
532 719 631 795 atque
654 714 883 786 irrevocabile,

100 821 176 884 solis
198 818 258 882 tibi
271 827 329 880 tuo
345 817 462 879 merito
477 815 646 878 concessis
665 811 886 876 habitantium

100 919 216 980 inlcco
230 915 424 987 animabus;
449 915 506 976 sed
526 913 633 974 aderit
652 909 886 988 omnipotentis

100 1016 156 1078 Dei
171 1012 452 1089 consulariaque
467 1011 576 1072 locum
587 1011 686 1072 istum
701 1008 737 1070 in
751 1005 888 1084 amplio-

100 1129 178 1185 rem,
196 1112 229 1174 et
247 1110 350 1173 multo
378 1109 560 1180 meliorem,
585 1123 682 1184 quam
703 1121 803 1174 nunc,
823 1105 884 1176 est,

100 1211 249 1272 restituet
263 1208 402 1284 gradum
427 1208 459 1268 et
476 1206 576 1282 hujus
591 1204 717 1267 ordinis
736 1203 888 1264 doctrina

100 1298 885 1380 dehoelterumpertotumorbemradiabitlooo;

100 1403 184 1482 quod
208 1405 283 1480 post
297 1401 444 1478 eJusdem
465 1399 569 1476 patris
584 1398 709 1460 obitum
733 1411 890 1458 consum·

101 1503 224 1564 matum
237 1501 299 1562 est.
313 1499 399 1560 Nam
414 1513 433 1559 a
448 1495 674 1574 Lougobardis
687 1497 839 1557 invasum
853 1493 889 1553 in

99 1601 176 1676 igue
192 1598 373 1660 crematum
387 1597 451 1672 est;
468 1594 588 1656 iratres
602 1596 712 1656 autem
727 1593 768 1654 ad
783 1595 889 1668 Apos-

99 1697 232 1759 tolicam
259 1695 378 1756 Sedem
403 1693 573 1755 venientes
598 1707 641 1752 ex
675 1689 889 1752 concessione

99 1793 207 1856 sancti
239 1790 495 1870 praedecessoris
523 1790 630 1852 nostri
654 1787 889 1866 Pelagiijuxta

99 1893 323 1954 Laterenense
347 1889 506 1966 palatium
530 1887 769 1950 monasterium
787 1900 888 1947 cous-

97 1989 285 2059 truxerunt,
301 1987 401 2064 atque
417 2002 476 2063 per
493 1985 660 2063 prolixum
679 1986 808 2059 tempus
823 1981 888 2042 ha·

97 2084 298 2146 bitaverunt.
313 2083 376 2144 Sed
389 2085 459 2158 jam
483 2097 557 2143 cum
573 2080 783 2159 omnipotens
804 2081 890 2140 Deus

97 2179 887 2247 censuissetGassinensecoenobiumrestaurare,

97 2295 136 2341 ac
164 2279 383 2342 coenobialem
412 2277 665 2348 institutionem,
701 2291 774 2353 quae
812 2273 890 2335 iude

98 2377 300 2454 principium
316 2376 513 2452 sumpserat,
527 2390 570 2435 ex
584 2374 700 2435 eodem
719 2373 793 2435 loco
808 2387 890 2450 pro-

96 2490 233 2553 pagare,
251 2489 270 2535 a
288 2473 497 2536 sanctissimo
511 2473 670 2548 Gregorio
685 2474 742 2544 ΙΙΙ,
757 2470 889 2548 praede·

97 2588 232 2634 cessone
248 2573 372 2643 nostre,
383 2572 556 2643 Petronas,
569 2569 707 2632 dilectus
721 2569 809 2630 itlius
818 2585 891 2630 nos·

97 2670 157 2742 ter,
175 2671 227 2732 est
241 2669 283 2730 ad
298 2668 554 2731 restaurandum
567 2667 722 2730 directus.
738 2667 799 2741 Qui
815 2683 890 2728 cum

97 2769 138 2830 ad
151 2767 305 2830 eumdem
315 2766 424 2828 locum
431 2766 588 2838 venisset,
605 2766 789 2828 communis
798 2766 892 2841 pater

95 2867 213 2929 noster
232 2864 412 2941 Gregorius
425 2880 468 2925 ex
490 2864 552 2924 hoc
578 2863 699 2924 mundo
714 2862 888 2939 migravit3

95 2964 153 3024 sed
166 2963 244 3040 post
268 2965 339 3038 ejus
363 2977 537 3022 excessum
552 2961 588 3021 in
604 2960 687 3022 Sede
701 2959 891 3037 apostolica

95 3075 173 3124 curn
185 3059 334 3138 parvitas
355 3061 470 3121 nostra
491 3058 719 3131 successisset,
747 3073 830 3135 opus
850 3057 891 3118 ab

95 3159 154 3220 illo
168 3157 312 3234 coeptum
326 3157 361 3217 in
371 3157 615 3218 restauratione
628 3155 774 3234 ejusdem
786 3170 893 3216 coeno-

95 3255 153 3328 bii,
172 3255 353 3331 adjuvante
364 3253 515 3326 Domine,
527 3254 568 3314 ad
580 3254 678 3314 tinem
698 3269 803 3331 usque
816 3268 893 3330 per-

95 3353 266 3414 duximus.
275 3354 353 3412 Haec
363 3354 473 3413 autem
486 3352 601 3414 eodem
612 3351 676 3425 die,
685 3351 894 3430 quosanctis·

95 3451 172 3511 simi
182 3449 290 3527 patris
306 3448 487 3510 Ecclesiam
499 3448 734 3522 dedicavimus
747 3451 893 3528 parvitas

95 3549 232 3610 nostras
247 3546 365 3607 obtulit
381 3545 485 3606 libros
506 3547 635 3608 Sanctae
656 3547 845 3624 scripturae,
861 3551 893 3609 et

95 3645 223 3706 librum
247 3644 392 3719 regulae,
415 3659 513 3720 quem
542 3643 771 3706 sanctissimus
800 3645 894 3721 pater

94 3759 201 3803 manu
217 3741 350 3818 propria
366 3739 562 3818 scripserat3
588 3740 716 3817 pondus
735 3740 834 3804 etiam
846 3741 891 3802 li-

93 3840 165 3902 brae
179 3839 290 3918 panis,
306 3840 339 3900 et
366 3853 556 3899 mensuram
577 3838 660 3907 viui,
677 3853 738 3899 nec
754 3855 822 3900 non
837 3839 892 3900 di·

93 3953 209 4010 versa,
226 3953 299 4014 quae
323 3935 365 3996 ad
389 3936 651 3997 ecclesiasticum
671 3935 893 4000 ministerium

94 4035 269 4113 pertinent
278 4035 484 4106 ornamenta,
502 4035 535 4095 et
547 4034 776 4110 possessiones
791 4038 893 4112 Apos-

94 4134 201 4194 tolica
214 4131 412 4194 liberalitate
423 4131 658 4193 concessimus
672 4132 820 4204 Qualiter
831 4149 894 4194 au-

94 4232 163 4292 tem
179 4229 329 4308 ejusdem
339 4229 442 4306 patris
454 4230 604 4306 pignora,
615 4231 807 4307 sororisque
818 4233 892 4308 ¹ejus

94 4331 176 4390 sunt
186 4327 298 4404 posita
312 4326 550 4404 perspicientes
564 4343 605 4389 ac
622 4327 819 4390 intemerata
834 4329 891 4390 iu-

93 4421 287 4494 venientes,
311 4437 371 4497 pro
386 4421 574 4484 reverentia
595 4422 680 4485 tanti
692 4424 796 4500 patris
818 4426 894 4486 tan-

92 4537 178 4600 gere
206 4521 342 4581 minime
369 4519 444 4580 ausi
470 4535 595 4580 sumus.
620 4523 657 4581 In
685 4519 893 4584 dedicatione

91 4635 180 4682 vero
196 4615 355 4695 ejusdem,
372 4633 446 4679 cum
461 4617 530 4678 illic
555 4634 621 4680 una
642 4634 716 4680 cum
735 4619 893 4682 tredecim

93 4715 373 4793 archiepiscopis,
390 4717 423 4776 et
442 4717 616 4793 sexaginta
629 4718 703 4779 octo
729 4718 894 4795 episcopis

93 4815 304 4885 adessemus,
320 4812 409 4874 idem
424 4812 657 4876 dilectissimus
679 4813 767 4876 iilius
782 4817 894 4878 noster

92 4909 893 4991 postularecoepit,quatenuspossessionesque

92 5011 211 5073 eidem
236 5008 438 5072 monasterio
458 5008 577 5072 oblatae
606 5012 729 5084 sunta
752 5012 893 5090 quibus-

93 5105 419 5185 cumqueddelibus,
435 5122 495 5184 per
516 5109 666 5170 nostrum
682 5109 894 5187 privilegium

92 5206 361 5278 roboraremus;
394 5204 528 5266 illorum
568 5205 755 5276 desideriis,
782 5209 895 5286 utpote

92 5301 296 5366 amabilium
306 5303 493 5375 innuentes,
507 5303 578 5364 haic
592 5319 653 5382 per
667 5321 814 5382 praesens
825 5307 897 5383 pri-

92 5400 273 5476 vilegium,
303 5416 416 5476 quaea
441 5399 538 5464 nobis
568 5402 710 5480 aliisque
744 5404 896 5466 fidelibus

94 5509 262 5560 concessa
280 5495 368 5567 sunt,
382 5496 418 5557 in
436 5497 550 5559 eodem
565 5497 638 5560 loco
651 5499 686 5559 iu
701 5501 896 5578 perpetuum

94 5595 310 5656 roboramus.
326 5593 406 5654 Item
421 5593 508 5656 inira
524 5612 531 5656 :
547 5597 719 5659 preterea
733 5597 895 5660 corrobo-
913 5639 916 5646 -

710 259 939 324 EPISTOLAE.
962 255 1040 320 LIB.
1064 258 1120 320 ix.

1672 258 1731 320 894

940 432 1066 490 ramus,
1095 417 1194 496 atque
1216 418 1252 480 ln
1276 417 1471 496 perpetuum
1495 417 1730 480 confirmamus

942 517 1049 580 eidem
1071 516 1191 578 dilecto
1211 515 1292 588 tilio,
1317 517 1455 593 ejusque
1469 515 1729 590 successoribus,

941 613 1080 675 inomni
1108 615 1274 675 conventu
1296 613 1528 689 episcoporum
1554 612 1587 675 et
1601 613 1730 690 prinoi-

942 727 1019 788 pum
1032 711 1236 787 superiorem
1251 709 1403 772 omnibus
1414 709 1587 772 abbatibus
1602 711 1729 785 sedere,

942 809 1019 870 etin
1034 807 1187 870 conciliis
1198 809 1232 871 et
1255 806 1391 885 judiciis
1411 808 1557 886 priorem
1572 809 1625 870 sui
1638 809 1731 870 ordi-

942 906 1157 968 nisomnibus
1184 905 1382 968 sententiam
1400 905 1730 984 prolerreproreve-

941 1005 1050 1066 rentia
1064 1004 1149 1067 tanti
1176 1003 1253 1076 loci,
1271 1003 1329 1081 qui
1348 1004 1489 1080 primam
1513 1004 1549 1066 et
1569 1021 1732 1068 summam

942 1101 1133 1164 monasticae
1156 1100 1400 1178 legislationem
1422 1102 1458 1162 in
1486 1101 1601 1164 eodem
1622 1104 1734 1164 Cassi·-

941 1199 1038 1262 neusi
1054 1199 1205 1260 coenobio
1224 1198 1383 1271 scribone,
1399 1198 1500 1262 verbo
1520 1200 1553 1261 et
1567 1201 1731 1278 exemplo,

943 1296 1126 1358 coenobiale
1140 1297 1345 1374 propositum
1361 1298 1593 1374 appetentibus
1612 1299 1648 1359 in
1663 1300 1731 1362 toto

943 1394 1145 1457 mundosole
1156 1395 1278 1457 clarius
1289 1395 1442 1457 vibravit.
1460 1398 1525 1458 Pro
1543 1411 1607 1474 quo
1623 1396 1735 1458 Cassi-

944 1507 1046 1554 uense
1056 1491 1242 1554 coenobium
1258 1493 1443 1555 exaltantes
1456 1492 1677 1564 decernimus,
1694 1511 1734 1556 ac

943 1589 1187 1667 inperpetuum
1205 1589 1452 1664 confirmamus,
1468 1593 1504 1654 ut
1523 1591 1733 1669 supradictus

943 1686 1036 1749 locus
1058 1687 1234 1764 dignitate,
1263 1688 1378 1764 vigore
1418 1688 1451 1751 et
1480 1689 1734 1754 honoriticentia

944 1785 1735 1865 praecellatomniamouasteria,quaeconstructa

945 1883 997 1944 vel
1012 1884 1233 1946 construenda
1248 1883 1369 1946 suntin
1380 1885 1448 1946 toto
1460 1885 1540 1946 orbe
1554 1887 1733 1962 terrarum

944 1979 1113 2058 abbasque
1138 1981 1286 2058 ejusdem
1298 1981 1363 2042 loci
1382 1982 1504 2044 celsior
1517 1999 1557 2044 ac
1572 1985 1736 2048 celebrior

943 2078 1227 2140 existatomnibus
1240 2077 1413 2140 abbatibus
1423 2079 1572 2142 eamdem
1582 2083 1734 2158 regulam

944 2176 1144 2238 tenentibus.
1161 2176 1221 2238 Illa
1240 2176 1296 2238 lex
1308 2177 1484 2239 monastici
1498 2179 1625 2241 ordinis
1638 2181 1737 2258 caput

944 2275 1056 2336 teneat
1079 2289 1118 2335 ac
1141 2274 1374 2352 principatum,
1399 2275 1455 2336 ubi
1478 2277 1627 2354 ejusdem
1649 2277 1735 2354 legis

945 2371 1129 2448 descriptor
1150 2372 1359 2445 Benedictus,
1388 2373 1482 2450 pater
1507 2375 1737 2438 sanctissimus

946 2469 1095 2532 eamdem
1112 2469 1301 2532 describens
1327 2471 1549 2548 promulgavit
1574 2473 1736 2548 regulam,

946 2566 1057 2644 ibique
1069 2567 1204 2629 abbates
1217 2568 1411 2630 etmonachi
1422 2568 1582 2632 honorem
1593 2585 1632 2632 ac
1646 2585 1738 2632 reve·

946 2667 1088 2726 rentiam
1104 2665 1264 2736 delerant,
1278 2666 1311 2727 et
1323 2665 1370 2726 ibi
1385 2682 1489 2743 usque
1500 2666 1541 2728 ad
1552 2667 1639 2727 diem
1650 2667 1739 2744 judi·

946 2763 990 2825 cii
1019 2765 1170 2840 quaerant
1195 2763 1377 2834 doctorem,
1413 2763 1469 2824 ubi
1499 2764 1738 2827 monachorum

947 2860 1146 2922 universalis
1168 2860 1328 2936 magister
1351 2865 1384 2922 et
1402 2861 1516 2922 doctor
1527 2862 1735 2936 Benedictus,

947 2957 1040 3035 pater
1053 2957 1217 3019 almificus
1228 2956 1445 3034 corporaliter
1458 2975 1524 3020 una
1537 2975 1611 3020 cum
1622 2975 1738 3022 sorore

947 3071 1007 3116 sua
1020 3055 1206 3132 quiescere,
1219 3055 1375 3130 gloriosae
1381 3057 1639 3118 resurrectionis
1651 3057 1740 3120 diem

947 3141 1128 3230 exsp‘ectat.

987 3249 1147 3312 Defuncto
1162 3250 1272 3312 autem
1286 3248 1403 3312 abbate
1412 3266 1455 3312 ex
1467 3267 1502 3314 se
1517 3251 1587 3328 ipsa
1600 3268 1742 3332 congre-

947 3346 1738 3427 gatiosecundumsaniusconsiliumsapientum,

948 3449 981 3508 et
993 3447 1163 3508 saniorum
1183 3445 1323 3507 fratrum
1338 3445 1401 3506 sibi
1416 3446 1568 3508 abbatem
1579 3448 1691 3530 eligat,
1708 3449 1742 3511 et

947 3544 1146 3620 Apostolicae
1174 3543 1268 3603 Sedis
1297 3543 1449 3604 Pontifici
1479 3544 1742 3606 confirmandum

948 3643 981 3702 et
1003 3640 1264 3702 consecrandum
1294 3639 1459 3702 exhibeat.
1479 3643 1741 3719 Insuperautem

948 3739 1105 3816 praesenti
1120 3737 1296 3814 privilegio
1307 3739 1533 3814 supradictum
1548 3739 1658 3802 locum
1674 3757 1742 3803 una

949 3852 1023 3898 cum
1039 3835 1191 3898 omnibus
1206 3833 1269 3895 sibi
1289 3835 1530 3912 pertinentibus
1544 3838 1694 3900 ecclesiis
1709 3839 1743 3902 et

948 3933 1215 4012 possessionibus
1231 3932 1436 4006 roboramus,
1454 3935 1553 4012 atque
1565 3936 1601 3998 ut
1614 3937 1742 4000 nullius

949 4032 1087 4094 alterius
1118 4030 1280 4103 ecclesia,
1310 4031 1384 4093 nisi
1405 4035 1546 4095 Romani
1568 4035 1741 4099 Pontificis

949 4128 1129 4191 ditionibus
1144 4127 1367 4202 submittatur,
1383 4131 1582 4194 auctoritate
1593 4135 1738 4210 Aposto-

948 4227 1013 4288 lica
1025 4227 1330 4302 interdicimus3ita
1345 4227 1508 4288 utnisiab
1520 4228 1637 4292 abbate
1652 4231 1705 4292 vel
1720 4247 1742 4292 a

948 4325 1127 4402 preposito
1143 4323 1243 4386 siverit
1255 4325 1613 4392 invitatus,missarum
1626 4327 1744 4389 solem-

948 4421 1744 4501 nitatemnullusepiseopuscelebrarepraesumat

948 4521 983 4581 in
998 4519 1125 4581 eisdem
1140 4519 1419 4598 possessionibus.
1437 4521 1528 4592 Quod
1545 4537 1565 4582 a
1587 4525 1744 4598 praesenti
1773 4521 1776 4533 “

949 4618 1055 4695 prima
1069 4618 1250 4680 indictione
1263 4617 1527 4680 irrevocabiliter
1536 4620 1611 4682 etin
1624 4637 1746 4700 perpe-

949 4717 1042 4777 tuum
1071 4715 1259 4778 stabilimus
1282 4715 1503 4790 retinendum,
1532 4721 1566 4781 et
1591 4735 1665 4781 cum
1682 4721 1743 4782 Dei

948 4815 1068 4876 timore
1109 4813 1327 4878 servandum.
1370 4814 1559 4877 statuentes
1606 4817 1745 4896 insuper

948 4911 1138 4991 Apostolica
1151 4927 1303 4986 censura,
1318 4909 1379 4973 sub
1388 4912 1490 4974 divini
1496 4915 1617 4991 judicii
1628 4915 1744 4979 obser-

949 5010 1132 5074 vationeet
1153 5009 1272 5072 validis
1293 5009 1393 5087 atque
1413 5005 1582 5074 atrocibus
1597 5015 1742 5077 anathe-

950 5109 1048 5171 matis
1071 5107 1372 5180 interdictionibus,
1394 5111 1430 5171 ut
1457 5110 1570 5172 nullus
1597 5127 1742 5188 unquam

951 5205 1097 5286 qualibet
1110 5206 1283 5281 dignitate,
1307 5207 1366 5269 aut
1387 5207 1550 5283 potestate
1565 5209 1744 5285 praedictus

951 5306 1131 5383 praesumat
1158 5304 1265 5364 eidem
1291 5305 1494 5365 monasterio
1517 5306 1571 5366 vel
1591 5309 1745 5372 omnibus

951 5407 1024 5481 ejus
1049 5401 1316 5480 possessionibus
1344 5403 1412 5463 vim
1445 5401 1569 5464 inferre
1597 5406 1651 5466 vel
1677 5406 1744 5468 ali-

952 5501 1030 5581 quid
1052 5501 1092 5562 de
1122 5500 1175 5560 lais
1196 5501 1408 5578 aliquomodo
1432 5501 1576 5574 auterre,
1593 5503 1647 5564 vel
1662 5505 1747 5566 alie-

952 5614 1044 5673 nare,
1059 5597 1116 5660 sed
1143 5599 1176 5660 et
1189 5613 1251 5660 nec
1270 5599 1373 5676 pacis,
1391 5611 1452 5660 nec
1472 5596 1648 5664 barbarico
1663 5601 1747 5664 tem-
