4002 6326
110 349 164 412 397

110 508 165 572 bus
177 505 313 580 decimis
328 507 362 571 et
375 506 583 586 pertiuentiis
606 510 691 586 suis;
716 511 886 572 monaste-

109 607 187 668 rium
202 605 242 666 de
264 607 406 667 Genesta
428 621 503 668 cum
526 607 679 684 omuibus
704 607 841 668 decimis
857 609 889 668 et

110 701 309 780 pertinentiis
337 703 426 773 suis;
453 699 688 764 monasterium
709 704 889 765 sanctimo-

109 800 239 860 nialium
263 799 304 860 de
329 800 448 876 cumps
463 816 537 860 cum
560 801 710 862 omuibus
725 801 886 872 ecclesiis,

109 896 248 968 decimis,
266 897 300 960 et
313 897 521 973 pertinentiis
540 899 628 971 suis;
650 898 888 960 monasterium

109 993 404 1056 sanctimonialium
417 994 458 1056 de
481 985 590 1056 Rocca
603 995 638 1054 iu
653 995 887 1058 Monteferrato

109 1107 176 1152 cum
188 1090 337 1167 capellis,
353 1091 501 1164 decimis,
530 1093 563 1154 et
577 1093 784 1168 pertinentiis
799 1094 886 1167 suis;

109 1187 274 1250 ecclesiam
288 1187 328 1248 de
339 1193 481 1250 Aseraco
497 1204 571 1250 oum
585 1189 737 1250 omnibus
752 1189 888 1252 decimis

109 1285 358 1361 otpertiueutiis
384 1286 472 1361 suis;
500 1286 675 1348 ecclesiam
700 1287 741 1348 de
767 1289 888 1348 Casse-

108 1381 199 1458 guola
211 1397 287 1442 oum
301 1381 453 1444 omuibus
468 1381 615 1456 decimis
630 1385 663 1446 et
680 1383 889 1460 pertinentiis

108 1480 191 1552 suis;
206 1477 383 1540 ecclesiam
408 1479 448 1542 de
461 1481 668 1556 Campaguac
687 1497 760 1542 oum
776 1480 888 1542 omui-

108 1574 163 1636 bus
182 1576 320 1638 decimis
334 1576 368 1638 et
380 1577 592 1652 pertinentiis
615 1577 701 1653 suis;
718 1578 888 1639 monaste·

107 1673 187 1736 rium
199 1673 238 1732 de
254 1673 393 1734 Nonede
418 1689 493 1734 cum
508 1675 671 1745 ecclesiis,
697 1674 834 1736 decimis
856 1674 890 1736 et

108 1770 311 1847 pertinentiis
328 1771 412 1846 suis;
430 1771 604 1832 ecclesiam
620 1770 660 1832 de
673 1774 801 1832 Grazau
814 1787 888 1832 oum

109 1866 226 1943 capella
240 1866 284 1927 de
298 1869 414 1939 Broco,
429 1882 503 1928 cum
528 1867 680 1929 omuibus
706 1867 842 1930 decimis
857 1869 890 1930 et

107 1963 311 2040 pertinentiis
342 1963 430 2036 suis;
457 1965 619 2040 capellam
647 1965 687 2026 de
712 1965 888 2028 Vertoison

108 2075 175 2120 eum
190 2059 344 2121 omuibus
359 2059 611 2123 obventionibus
628 2062 713 2137 suis;
729 2062 889 2123 ecclesias

108 2158 219 2218 montis
234 2157 397 2218 Ferraudi
413 2173 487 2218 cum
501 2174 541 2220 ea
557 2158 759 2234 integritate,
777 2173 849 2235 quae
869 2173 888 2219 a

107 2253 194 2316 bouae
219 2255 390 2316 memoriae
405 2255 569 2316 aimerico
591 2255 754 2332 quondam
770 2256 888 2317 Claro-

107 2351 244 2413 mouteu.
268 2351 424 2428 episcopo
443 2351 536 2414 vobis
551 2369 718 2415 concessae
742 2353 829 2425 sunt,
857 2353 890 2416 et

108 2463 174 2508 cum
185 2448 338 2510 omnibus
352 2449 500 2521 decimis,
525 2451 559 2512 et
581 2450 789 2526 pertinentiis
803 2450 887 2525 suis;

107 2545 280 2620 prioratum
295 2545 337 2607 de
349 2548 446 2622 portu
462 2547 520 2608 Dei
535 2563 610 2608 cum
622 2547 764 2610 ecclesia
777 2547 817 2609 de
831 2550 891 2608 Pe-

106 2641 252 2714 triuiaco,
273 2644 308 2705 et
331 2658 404 2704 oum
433 2644 574 2705 ecclesia
602 2644 643 2705 de
664 2645 829 2716 Veireres,
858 2645 891 2706 et

108 2739 251 2800 omnibus
261 2740 340 2802 aliis
354 2740 505 2802 ecclesiis
520 2739 656 2803 decimis
670 2743 702 2802 et
716 2743 889 2818 pertiuen-

109 2835 158 2898 tiis
172 2836 257 2912 suis;
273 2837 458 2914 prioratum
471 2837 511 2898 de
522 2839 677 2902 Vedriuis
692 2854 766 2900 cnm
778 2840 888 2900 eccle·

109 2933 154 2994 sia
168 2935 206 2995 de
218 2938 366 3010 Vergua,
381 2936 414 2996 et
425 2935 504 2994 aliis
516 2935 679 3008 ecclesiis,
693 2935 841 3007 decimis,
858 2935 891 2997 et

108 3033 314 3107 pertiuentiis
337 3033 424 3108 suis;
446 3033 630 3110 prioratum
658 3032 698 3094 de
719 3032 890 3093 Galiniaco

108 3145 174 3190 cnm
186 3129 340 3190 omuibus
351 3129 513 3201 ecclesiis,
531 3129 667 3191 decimis
681 3130 714 3191 et
725 3130 890 3206 pertinen-

109 3226 251 3306 tiissuis;
264 3227 448 3304 prioratum
460 3227 499 3288 de
512 3226 637 3289 Andria
650 3243 724 3288 cum
738 3226 889 3288 omuibus

109 3324 460 3396 ecclesiis,decimis,et
477 3323 687 3401 pertiuentiis
702 3324 790 3398 suis;
805 3324 891 3401 prio·

109 3419 207 3482 ratum
230 3421 361 3482 Sanctae
381 3424 600 3484 Gemmaeoum
616 3419 767 3482 omnibus
782 3421 890 3482 eccle-

110 3515 890 3596 siis,decimisetpertiuentiissnis;prioratusde

108 3615 257 3687 inducia,
272 3615 314 3676 de
324 3615 505 3688 Veranilla,
520 3616 553 3676 et
562 3614 602 3675 de
613 3617 743 3676 Verane
752 3631 825 3676 oum
833 3629 891 3676 eo-

110 3711 210 3774 clesiis
222 3712 338 3774 Sancti
346 3713 479 3785 Verani,
493 3714 526 3774 et
536 3711 744 3789 pertinentiis
757 3727 887 3787 eorum;

110 3807 283 3882 prioratum
308 3810 347 3871 de
372 3809 570 3871 Boscosellis
589 3825 663 3870 cnm
683 3808 834 3870 ecclesiis
849 3809 889 3870 de

110 3905 293 3978 ilidoscbio,
316 3907 357 3967 de
377 3906 600 3983 Longacanal,
623 3906 663 3967 de
682 3905 832 3978 Bisouas,
849 3905 889 3966 de

112 4002 221 4066 Sancto
235 4004 418 4077 Desiderio,
427 4003 467 4066 de
477 4003 606 4066 Sanctae
615 4003 730 4064 Marisa
743 4003 784 4064 de
796 4004 891 4064 Stra-

111 4097 149 4170 ta,
168 4100 205 4162 de
219 4101 365 4162 Lesclnos
384 4101 418 4162 et
436 4101 556 4162 Sancto
572 4099 709 4178 Hylario
723 4101 755 4161 et
768 4101 888 4161 Sancto

112 4197 186 4258 Urso
213 4197 362 4260 detracta
390 4213 465 4260 cum
493 4197 670 4274 parrochia
699 4196 739 4258 de
765 4197 886 4268 moute,

111 4291 187 4355 sicut
198 4295 290 4356 rivus
305 4294 434 4366 dividit,
450 4309 525 4354 cum
538 4294 665 4370 capella
678 4293 719 4355 de
731 4293 889 4356 Bocbette

111 4403 175 4450 cnm
196 4390 332 4456 decimis
359 4393 392 4454 et
406 4391 615 4469 pertiuentiis
643 4406 776 4466 eorum;
803 4391 889 4452 alias

112 4500 228 4564 quoqne
248 4489 407 4550 ecclesias
429 4487 481 4550 vel
497 4486 657 4560 abbatias,
672 4488 742 4549 sive
757 4503 890 4564 posses-

112 4581 212 4646 siones
221 4603 265 4648 ex
278 4587 509 4664 episcoporum
519 4584 613 4648 vobis
622 4585 799 4646 donatione
815 4599 889 4645 oon·

112 4693 222 4755 cessas,
234 4699 317 4761 quas
328 4683 465 4760 quilibet
478 4699 520 4744 ex
529 4681 691 4743 laicorum
702 4680 888 4757 douoprius

112 4775 244 4842 tenuisse
269 4782 468 4857 proponunt,
489 4779 583 4842 vobis
598 4779 707 4856 potius
722 4779 889 4855 tamquam

113 4885 149 4932 ex
166 4877 297 4951 justiori
311 4878 530 4954 acquisitione
548 4890 685 4936 manera
708 4875 886 4947 sancimus,

114 4969 171 5031 nisi
192 4989 248 5035 eas
273 4974 349 5036 illos
375 4973 547 5046 canonica,
577 4971 664 5032 idest
696 4972 886 5043 tricenaria,

114 5072 350 5148 praescriptione
376 5069 575 5148 possedisse,
617 5069 670 5132 vel
708 5068 889 5146 episcopali

115 5161 189 5226 douo
219 5167 387 5241 babuisse,
416 5167 474 5230 aut
501 5165 630 5228 idoneis
652 5165 802 5238 testibus,
832 5167 890 5227 aut

115 5261 232 5339 scriptis
246 5265 347 5326 luerit
359 5263 613 5326 rationabilibus
628 5263 886 5340 comprobatum.

149 5359 305 5424 Praeterea
332 5361 550 5438 suscipientes
576 5375 634 5421 vos
660 5360 695 5420 iu
727 5360 889 5438 speciales

117 5453 257 5520 Ecclesiae
278 5462 435 5521 Romanae
453 5457 539 5518 ulios
562 5473 674 5526 eoves
693 5457 889 5534 Apostolicae

118 5549 198 5612 Sedis
212 5556 394 5630 patrocinio
413 5571 472 5633 per
488 5555 611 5617 decreti
635 5554 807 5630 praesentis
825 5571 888 5631 pa-

118 5643 213 5718 sinam
240 5651 490 5721 communimus,
523 5655 555 5712 et
585 5651 619 5710 iu
653 5651 889 5726 sempiternum

706 349 1033 414 nrlsrotfflrss.
1057 351 1126 411 VII.

1673 348 1733 411 398

942 507 1129 581 statuimus,
1144 509 1179 572 ut
1191 508 1231 572 de
1244 510 1363 571 caetero
1375 509 1458 570 nulli
1468 509 1730 586 archiepiscopo,

941 606 993 669 vel
1002 607 1156 682 episcopo
1165 605 1370 682 liceatsuper
1380 608 1524 668 vestrum
1533 606 1730 676 coenobium,

942 704 995 764 vel
1014 702 1176 774 abbatem,
1197 704 1255 765 aut
1276 704 1424 780 eJusdem
1446 702 1587 764 coenobii
1611 701 1731 764 fratres
1817 707 1820 714 '

942 801 1305 873 excommunicationis
1321 800 1498 871 interdicti,
1516 802 1567 860 vel
1592 815 1733 876 suspen·

942 896 1046 956 sionis
1069 912 1203 958 manum
1227 898 1415 958 extendere.
1446 896 1537 969 Quod
1559 896 1588 958 si
1610 896 1732 958 tactum

942 991 1052 1065 suerit,
1078 1009 1138 1055 vos
1157 1010 1196 1055 ea
1218 995 1382 1056 sententia
1401 1009 1468 1054 nou
1487 993 1594 1055 teneri
1615 993 1733 1053 decer-

944 1090 1062 1162 nimus,
1075 1091 1131 1151 sed
1143 1090 1178 1150 iu
1187 1090 1275 1152 beati
1288 1091 1389 1164 Petri,
1403 1091 1436 1152 et
1448 1093 1520 1167 ejus
1531 1091 1732 1152 vicariorum

942 1202 1075 1248 manum
1091 1201 1220 1264 semper
1234 1188 1338 1264 quieti
1350 1204 1390 1249 ao
1403 1187 1499 1249 liberi
1513 1203 1572 1264 per
1586 1187 1733 1262 omnipo·

942 1283 1042 1344 tentis
1068 1285 1127 1345 Dei
1153 1284 1294 1360 gratiam
1321 1286 1494 1346 maneatis.
1523 1285 1627 1360 Digne
1652 1298 1732 1346 vero

943 1381 1139 1457 petentibus,
1153 1381 1209 1458 qui
1224 1397 1432 1458 proauorum
1451 1382 1612 1443 scelerum
1629 1380 1730 1442 venia

942 1477 1072 1554 praeiati
1093 1479 1288 1540 monasterii
1310 1479 1425 1540 limina
1451 1478 1659 1556 expetierint,
1682 1477 1735 1554 ip-

942 1591 1014 1634 sum
1026 1574 1164 1647 intrare,
1180 1577 1212 1637 et
1220 1575 1291 1636 illic
1301 1576 1439 1636 Domino
1451 1591 1511 1636 sua
1522 1575 1734 1636 concedimus

942 1674 1019 1736 vota
1038 1672 1237 1748 persolvere.
1253 1674 1368 1736 Liceat
1380 1689 1509 1751 quoque
1520 1673 1612 1734 vobis
1627 1687 1732 1748 quos-

942 1768 1023 1831 libet
1033 1785 1051 1830 e
1063 1770 1359 1846 saeculolugienles
1375 1771 1508 1842 liberos,
1521 1770 1554 1832 et
1563 1769 1732 1832 absolutos

942 1865 1015 1926 sine
1031 1865 1258 1943 episcoporum
1274 1866 1536 1928 contradictione
1555 1866 1596 1926 ad
1611 1880 1732 1928 mona-
1826 1941 1830 1948 ἱ

943 1961 1080 2024 eborum
1097 1959 1295 2042 [numerum]
1313 1963 1498 2030 admittere.

983 2062 1052 2122 Hoc
1080 2075 1209 2137 quoque
1234 2061 1379 2137 capitulo
1407 2059 1562 2138 praesenti
1588 2057 1732 2136 subinn-

942 2156 1062 2232 gimus,
1080 2160 1115 2219 ut
1129 2157 1163 2218 in
1179 2157 1344 2218 communi
1359 2157 1534 2220 interdicto
1550 2156 1649 2218 liceat
1664 2155 1734 2217 ira-

943 2254 1048 2316 tribus
1058 2255 1189 2327 vestris,
1202 2255 1258 2332 qul
1270 2271 1330 2332 per
1341 2256 1468 2317 vestras
1479 2254 1638 2316 ecclesias
1649 2269 1735 2314 com-

943 2353 1126 2423 morantur,
1141 2351 1264 2414 clausis
1279 2353 1404 2429 januis,
1421 2367 1487 2413 non
1510 2351 1648 2428 pulsatis
1665 2351 1734 2412 tiu-

943 2449 1136 2521 tinuabnlis,
1148 2449 1214 2510 nisi
1229 2449 1263 2510 in
1275 2449 1393 2526 majori
1406 2449 1606 2510 monasterio
1620 2448 1734 2508 divina

944 2546 1053 2610 oldaia
1073 2545 1252 2618 celebrare,
1275 2545 1320 2608 ita
1334 2548 1446 2608 tamen
1460 2547 1497 2608 ut
1517 2562 1578 2608 uec
1598 2561 1734 2608 ercom-

944 2643 1128 2706 muuicatos
1149 2657 1211 2704 nec
1233 2643 1428 2706 interdictos
1448 2643 1631 2706 admittent.
1658 2643 1735 2704 Sta-

943 2740 1066 2803 tuimns
1083 2741 1230 2818 insuper,
1254 2740 1392 2810 utnulli
1413 2740 1548 2801 omniuo
1562 2738 1734 2800 bominum

944 2837 1053 2910 liceat,
1070 2837 1135 2898 nisi
1152 2837 1217 2910 his,
1240 2837 1297 2914 qui
1316 2853 1336 2898 a
1352 2836 1436 2899 Sede
1449 2836 1638 2913 apostolica
1660 2835 1735 2898 lbe-

943 2936 1012 2996 rint
1023 2935 1176 3010 delegati,
1192 2933 1344 2995 abbatem
1356 2935 1501 2996 vestrum
1515 2933 1555 2996 ad
1570 2932 1733 3010 synodum

943 3029 998 3090 vel
1019 3030 1217 3091 conventum
1231 3045 1361 3102 vocare,
1384 3044 1428 3090 ne
1445 3029 1599 3106 cuiqnam
1621 3027 1735 3092 fassit

945 3125 978 3186 iu
993 3125 1161 3204 parochiis
1175 3126 1294 3189 vestris
1315 3141 1438 3188 novum
1452 3125 1633 3189 oratorium
1651 3124 1733 3188 abs·

944 3239 1007 3302 que
1029 3227 1153 3296 vestro,
1174 3226 1208 3286 et
1225 3224 1407 3286 dioecesani
1426 3223 1573 3300 episcopi
1592 3237 1734 3284 assensu

944 3323 1148 3385 construere.
1168 3322 1218 3384 Ad
1238 3322 1310 3387 baec
1328 3321 1523 3398 adjicientes
1543 3321 1731 3394 statuimus,

944 3419 1029 3482 utin
1044 3418 1196 3490 abbatiis,
1215 3435 1288 3496 quae
1302 3419 1492 3496 apostolica
1506 3417 1600 3481 vobis
1617 3419 1735 3480 auoto-

943 3515 1041 3576 ritate
1065 3530 1231 3576 concessae
1254 3517 1342 3588 sunt,
1365 3501 1500 3586 abbates
1525 3530 1655 3591 semper
1674 3529 1734 3591 per

943 3614 1086 3674 vestram
1115 3611 1371 3674 sollicitudiuem
1396 3611 1600 3684 ordinentur,
1627 3612 1661 3672 et
1684 3612 1734 3672 eis

943 3709 1187 3780 decedentibus,
1213 3709 1266 3770 vel
1294 3711 1328 3768 in
1353 3723 1470 3769 manus
1496 3709 1626 3770 vestras
1646 3706 1734 3768 resi-

943 3805 1120 3882 gnantibus
1133 3804 1353 3866 substituendi
1367 3806 1462 3878 alios,
1474 3806 1560 3867 sicut
1570 3806 1733 3868 hacteuus

943 3902 1173 3974 consuevistis,
1200 3902 1339 3964 liberam
1373 3901 1541 3964 licentiam
1568 3901 1735 3976 babeatis,
1840 3965 1842 3968 ,

943 3999 1051 4064 ettam
1063 3999 1206 4070 abbates,
1219 4013 1317 4076 qnam
1328 3999 1483 4060 monachi
1495 4001 1531 4060 in
1544 3998 1735 4063 obedientia

943 4099 1053 4158 vestra
1082 4111 1212 4174 semper
1237 4096 1465 4172 permaneant,
1492 4113 1554 4158 neo
1578 4112 1597 4158 a
1621 4097 1734 4162 vestra

944 4194 1012 4255 ullo
1026 4197 1174 4270 tempore
1192 4193 1397 4270 subjectione
1411 4194 1579 4269 recedant.
1592 4193 1687 4266 Quod
1703 4193 1733 4259 si

944 4307 1024 4368 erga
1045 4290 1265 4354 obedientiam
1285 4291 1431 4354 vestram
1451 4291 1594 4354 rebelles
1612 4291 1735 4354 extite-

943 4389 1020 4460 rint,
1034 4388 1133 4450 liceat
1147 4387 1339 4450 discretioni
1350 4388 1470 4448 vestrae
1485 4387 1660 4464 disciplina
1674 4403 1733 4450 eos

943 4485 1090 4562 regulari
1113 4500 1267 4546 coercere
1290 4500 1353 4545 nec
1376 4483 1606 4562 episcoporum
1634 4485 1733 4562 qnis-

944 4599 1042 4661 quam
1055 4583 1089 4644 in
1104 4582 1197 4658 parte
1209 4581 1273 4641 bac
1288 4581 1491 4642 adversetur.
1507 4582 1542 4642 si
1556 4597 1638 4659 quas
1653 4597 1735 4644 vero

942 4681 1161 4741 alienationes
1172 4679 1206 4737 in
1216 4677 1372 4738 damnum
1385 4678 1613 4750 ecclesiarum,
1626 4679 1732 4740 doua-

942 4778 1050 4839 ticnes
1066 4776 1176 4846 etiam,
1190 4774 1259 4835 sive
1275 4775 1500 4836 ordinationes
1517 4775 1585 4838 tam
1596 4776 1732 4838 abbates

943 4889 1041 4951 quam
1061 4872 1190 4950 priores
1209 4871 1312 4932 vestri
1335 4871 1476 4933 iecerint
1497 4872 1655 4949 quamdiu
1673 4889 1732 4934 re-

942 4970 1046 5032 belles
1061 4969 1094 5031 et
1107 4963 1335 5029 inobedientes
1350 4968 1445 5030 vobis
1461 4970 1642 5038 extiterint,
1655 4969 1735 5030 nul-

943 5067 1008 5128 laur
1024 5065 1223 5137 firmitatem,
1238 5066 1291 5127 vel
1307 5065 1408 5127 robur
1420 5066 1599 5127 obtineant.

984 5163 1134 5225 chrisma
1149 5179 1240 5231 vero,
1256 5164 1366 5224 oleum
1382 5165 1544 5229 sanctum,
1560 5177 1734 5224 consecra·

942 5263 1050 5326 tiones
1074 5259 1242 5332 altarium,
1264 5275 1323 5320 seu
1346 5259 1573 5329 basilicarum,
1597 5259 1736 5328 ordina-

943 5359 1050 5420 tiones
1063 5356 1272 5426 clerioorum
1287 5373 1346 5418 seu
1359 5355 1606 5428 monachorum,
1621 5357 1677 5433 qui
1692 5357 1735 5418 ad

944 5471 1056 5516 sacros
1077 5454 1212 5515 ordines
1231 5453 1354 5516 inierint
1369 5453 1593 5529 promovendi,
1613 5470 1632 5514 a
1653 5454 1740 5516 dire-

944 5567 1065 5613 cesauo
1085 5551 1273 5626 suscipietis
1292 5550 1458 5627 episcopo,
1479 5549 1508 5610 si
1527 5550 1659 5627 quidem
1678 5565 1737 5612 ca-

945 5647 1087 5711 tholicus
1101 5647 1211 5718 luerit,
1228 5649 1261 5709 et
1274 5646 1416 5722 gratiam
1428 5647 1627 5724 Apostolicae
1641 5647 1740 5708 Sedis
