4036 6330
51 343 110 404 857

53 505 215 575 talesino
231 503 361 566 delectu
374 501 487 580 aliquo
499 502 533 563 in
550 500 752 580 quibuslibet
767 517 850 563 cau·

53 603 97 663 sis
119 603 295 662 assumunt
312 599 458 661 officinm
474 598 637 670 advocati,
655 599 848 660 exercentes

56 699 135 759 illud
166 698 304 758 nimium
330 699 541 776 impudenter
573 712 633 773 pro
673 695 849 772 temporali

54 798 181 873 quaestu
205 796 239 856 in
267 796 338 856 foro
363 795 604 866 ecclesiastico,
626 796 659 854 31
681 794 783 864 civili,
807 809 849 853 ex

59 912 122 971 quo
142 893 312 954 nonnullis
333 893 522 978 efficiuntur
542 893 576 952 in
594 891 799 962 scandalum,
818 891 850 951 et

57 993 131 1052 aliis
147 993 182 1051 in
199 991 432 1067 contemptum.
455 993 537 1050 Sunt
552 991 585 1050 31
602 989 659 1050 3111
671 991 737 1050 1331
754 1003 851 1048 cano·

55 1089 131 1160 nici,
154 1105 253 1165 quam
271 1089 384 1148 clerici
398 1087 552 1148 dioecesis
570 1087 780 1162 supradictae,
794 1087 850 1162 qui

56 1187 221 1248 clericalis
237 1185 420 1247 honestatis
432 1184 526 1247 obliti
542 1185 684 1245 diversis
700 1184 732 1244 et
744 1183 850 1244 variis

56 1283 272 1345 saecularibus
295 1280 573 1359 negotiationibus
596 1297 631 1341 se
651 1280 848 1351 immiscent,

57 1382 214 1458 emptioni
235 1383 267 1443 et
291 1381 475 1443 venditioni
497 1379 788 1441 mercimoniorum
802 1378 850 1437 sic

58 1479 167 1550 dediti,
183 1479 220 1540 nt
239 1478 465 1554 negotiatores
483 1477 595 1537 verius
615 1491 713 1553 quam
736 1473 852 1534 clerici

50 1576 243 1647 -v‘ideantur,
259 1575 344 1652 quod
356 1575 469 1652 utique
483 1575 584 1635 decus
600 1573 679 1635 13311
690 1571 852 1633 vilescere

59 1673 224 1734 clericale.
241 1674 324 1745 Quia
339 1689 418 1734 vero
433 1671 541 1742 valde,
563 1673 599 1734 ut
621 1672 755 1742 asseris,
780 1685 852 1730 me-

58 1773 131 1838 tuis,
149 1771 232 1832 nesi
248 1771 398 1847 praedicti
414 1769 616 1842 sacerdotes
633 1769 665 1830 et
676 1767 791 1829 clerici
812 1766 852 1826 ab

60 1867 250 1946 hujusmodi
263 1885 330 1928 non
344 1869 517 1944 quiescant
539 1868 624 1928 sicut
646 1866 787 1943 populus
806 1863 854 1924 sic

61 1967 214 2027 sacerdos
236 1967 369 2037 existat,
393 1965 594 2027 fraternitati
620 1966 698 2035 1331,
722 1963 854 2039 plenam

61 2066 97 2126 de
119 2065 152 2126 13
179 2063 336 2124 fiduciam
365 2063 562 2133 obtinentes,
580 2061 802 2130 concedimus
819 2060 855 2120 ut

63 2162 258 2224 auctoritate
277 2163 389 2222 nostra
403 2161 479 2221 illos
498 2159 613 2220 valeas
629 2175 648 2220 3
662 2157 783 2219 talibus
799 2172 856 2217 co-

62 2259 183 2331 hibere,
206 2259 274 2319 nisi
296 2259 447 2335 proprias
464 2273 593 2328 333333,
620 2256 671 2316 vel
696 2255 857 2316 ecclesia-

63 2372 130 2417 rum
143 2373 293 2426 suarum,
304 2360 360 2417 aut
373 2371 590 2432 personarum
604 2352 853 2423 miserabilium,

66 2471 131 2530 quae
148 2455 304 2530 prosequi
323 2469 442 2514 causas
463 2469 540 2514 snas
562 2451 715 2528 nequiter
734 2449 857 2510 fuerint

66 2553 239 2626 prosecuti,
254 2567 328 2611 cum
342 2551 580 2611 inconvenieus
597 2550 640 2610 sit
654 2547 856 2624 presbyteris

67 2649 102 2707 ad
121 2649 345 2709 ministerium
362 2649 522 2724 corporis,
540 2649 572 2708 et
595 2646 767 2721 sanguinis
792 2647 858 2704 Do-

67 2747 141 2806 mini
161 2747 329 2824 deputatis
342 2746 544 2822 judiciorum
560 2746 743 2820 strepitum,
762 2743 794 2804 et
810 2741 855 2801 li-

67 2843 112 2902 tes
131 2860 255 2914 amare,
278 2859 386 2920 neque
404 2844 520 2904 deceat
539 2842 663 2903 Christi
687 2840 857 2900 ministros

69 2941 280 3001 saecularibus
302 2941 468 3017 implicari
489 2940 642 3015 negotiis,
657 2938 776 3015 quibus
798 2953 859 2998 ne-

70 3053 117 3096 mo
137 3037 234 3099 debet
252 3041 320 3098 Deo
347 3039 495 3098 militans
519 3053 554 3097 se
573 3038 724 3097 miscere.
740 3037 858 3096 Datum

70 3133 193 3208 Tibure,
210 3137 288 3196 Xlll
304 3134 464 3196 kalendas
476 3135 575 3211 junii,
594 3149 681 3195 anno
696 3149 794 3194 nono.

386 3385 539 3472 uixit

346 3539 396 3597 Ad
409 3541 578 3596 ctnndcm.

359 3669 475 3728 timuit
493 3667 572 3726 lati.

112 3786 227 3850 [Regest.,
241 3785 342 3842 libili,
356 3785 395 3847 ep'.
406 3784 460 3834 331.
475 3786 532 3834 llss.
543 3784 579 3832 La
589 3784 665 3832 Porto
682 3781 716 3832 du
730 3779 823 3844 111311]

76 3901 199 3976 indulget
217 3903 246 3960 31
269 3908 300 3957 31
318 3901 438 3957 clericos
460 3900 550 3972 ipsius
569 3899 685 3955 servitio
709 3903 862 3970 occupatos

182 3990 310 4064 pluribus
319 3989 466 4046 beneficiis
481 3989 575 4046 valeat
589 3985 748 4060 providere.

112 4117 286 4187 Honorius,
304 4115 380 4186 eto,
397 4115 516 4174 eidem.

113 4215 251 4290 ilignum
274 4214 324 4274 331
351 4214 384 4273 31
411 4211 623 4282 3331331333,
654 4212 689 4272 31
726 4210 863 4271 31311333

80 4309 132 4369 1111
143 4309 290 4371 33111133
302 4311 392 4370 31133
406 4311 438 4370 13
453 4311 560 4370 intuo
577 4308 714 4369 servitio
725 4323 866 4368 commo-

82 4409 193 4480 rantes,
208 4407 445 4468 abundantiori
460 4406 581 4467 debeas
594 4406 732 4467 caritate
747 4405 865 4466 tracta·

82 4517 123 4575 re,
135 4507 165 4566 et
178 4505 380 4582 provisionis
394 4505 443 4564 eis
455 4521 587 4564 manum
601 4503 772 4564 liberalius
786 4519 866 4580 ape-

82 4601 152 4661 rire.
170 4602 372 4678 Significasti
391 4601 554 4678 siquidem
572 4601 678 4672 nobis,
696 4601 782 4678 quod
798 4601 867 4662 cle-

82 4697 137 4758 rici
145 4699 193 4760 tui
209 4698 268 4761 tibi
283 4697 494 4761 familiariter
509 4700 739 4776 obsequentes,
755 4699 787 4760 et
800 4714 866 4758 una

82 4794 223 4857 13331313
234 4796 868 4874 agendisepiscopalibusfideliterlabo-

84 4895 197 4966 rantes,
210 4895 321 4955 minus
337 4893 554 4954 sufficientem
570 4895 794 4971 provisionem
807 4909 866 4954 as-

86 4993 180 5052 secuti
199 4993 394 5062 noscuntur,
412 4993 557 5052 maxime
579 4993 702 5052 cumin
718 4991 867 5068 partibus

86 5085 146 5148 illis
166 5089 212 5150 113
231 5089 298 5150 3131
320 5089 422 5150 exilia
441 5088 613 5160 beneficia,
636 5091 721 5166 qnod
738 5090 778 5150 de
803 5105 868 5150 uno

87 5197 145 5244 non
165 5188 271 5263 potest
291 5186 392 5247 alicui
413 5203 558 5263 congrue
580 5187 758 5262 provideri.
776 5187 869 5248 Unde

89 5279 194 5344 devote
218 5285 396 5360 plurimum
421 5285 625 5361 supplicasti,
646 5287 682 5345 ut
702 5285 871 5361 dispensa·

89 5377 146 5438 live
176 5380 371 5442 auctoritate
404 5382 516 5441 333113
551 5395 664 5456 posses
692 5381 799 5442 tribus
830 5379 870 5441 da

89 5477 245 5548 praedictis
270 5479 401 5539 clericis
422 5478 506 5538 31133
528 5477 733 5540 13331313113
752 5477 787 5538 13
810 5493 870 5539 33-

92 5572 265 5636 31331331133
287 5575 447 5637 beneficio
468 5577 655 5652 providere,
673 5576 869 5653 quodetiam

93 5669 182 5732 simili
195 5673 325 5736 ratione
340 5673 578 5751 predecessori
597 5676 655 5735 tuo
672 5689 691 5734 a
709 5673 804 5736 nobis
817 5691 873 5736 as-

672 339 900 402 EPISTOLAE.
924 341 1002 404 Ina.
1027 343 1081 405 IX.

1640 349 1699 412 858

904 503 1043 565 3311313
1064 504 1172 580 gratia
1192 503 1295 566 fuisse
1316 521 1519 568 concessum.
1535 509 1604 570 Nos
1617 525 1699 573 vero

904 600 1122 663 fraternitatis
1135 603 1200 664 tuae
1212 603 1365 678 precibus
1379 603 1697 683 inclinatipraesen-

904 699 985 759 tium
1011 698 1074 760 tibi
1098 699 1295 762 auctoritate
1323 703 1468 776 gratuita
1492 703 1698 778 benignitate

904 796 1128 868 concedimus,
1157 799 1194 857 ut
1216 798 1306 858 circa
1331 799 1412 858 duos
1438 799 1478 859 de
1507 804 1698 864 memoratis

904 892 1047 963 clericis,
1058 894 1086 954 si
1100 895 1246 955 nondum
1258 897 1293 956 ut
1306 912 1380 956 cum
1391 895 1569 973 aliquibus,
1584 900 1698 961 valeas

904 991 940 1050 in
959 1007 1039 1052 casu
1061 991 1162 1052 simili
1187 992 1381 1069 dispensare
1407 993 1468 1055 tibi
1495 1011 1553 1070 per
1581 997 1698 1057 Sedem

905 1088 1128 1165 Apostolicam
1140 1089 1190 1150 est
1204 1089 1379 1162 indultum,
1397 1090 1622 1167 dispensative
1639 1109 1699 1154 va-

906 1185 976 1246 leas
1002 1186 1191 1263 hujusmodi
1217 1186 1360 1262 gratiam
1384 1203 1551 1250 exercere.
1580 1191 1698 1252 Datum

905 1281 1037 1355 Tibure,
1052 1286 1114 1344 XII
1128 1283 1289 1346 kalendas
1299 1285 1401 1362 iunii,
1416 1302 1504 1348 anno
1522 1303 1620 1348 nouo.

1240 1580 1371 1668 CLXV

1019 1742 1072 1800 Ad
1082 1742 1278 1814 episcopum
1297 1745 1586 1808 Lemovicensem.

1198 1881 1311 1939 1113311
1333 1883 1411 1940 itit).

934 2013 1042 2076 Regest„
1058 2013 1103 2062 lib.
1118 2013 1162 2071 lx,
1180 2014 1319 2078 33131331.
1333 2016 1391 2066 ltlss.
1403 2015 1439 2066 La
1449 2018 1527 2067 l‘orte
1538 2019 1571 2069 du
1582 2018 1676 2082 rhein]

949 2136 1066 2194 Mandat
1086 2143 1116 2194 ut
1141 2139 1292 2196 ecclesiam
1310 2143 1515 2202 bauratensom
1535 2145 1665 2216 personis

1183 2227 1295 2285 idoneis
1307 2228 1426 2286 ordinet.

950 2351 1117 2413 Honorius
1128 2353 1313 2429 episcopus,
1325 2371 1617 2420 servusservornm
1631 2359 1702 2431 Dei,

910 2449 1095 2510 venerabili
1121 2450 1254 2511 fratri...
1285 2451 1442 2528 episcopo
1465 2457 1704 2528 Lemovicensi,

912 2549 1052 2609 salutem
1066 2549 1099 2609 et
1111 2549 1335 2625 Apostolicam
1349 2551 1624 2614 benedictionem.

951 2645 999 2706 nd
1028 2649 1174 2708 nostram
1198 2647 1399 2708 audientiam
1432 2650 1465 2710 te
1493 2651 1704 2725 significante

913 2744 1073 2820 pervenit,
1099 2744 1274 2820 quodcum
1305 2745 1383 2805 olim
1411 2761 1453 2806 ex
1482 2748 1706 2809 insinuatione

913 2841 1130 2918 quorumdam
1155 2841 1392 2901 canonicorum
1417 2845 1705 2906 Dauratensisec-

914 2939 1023 2999 clesiae
1039 2940 1152 2999 nostro
1166 2938 1282 2999 fuisset
1294 2940 1504 3014 apostolatui
1523 2943 1706 3003 reseratum

913 3035 1088 3097 ecclesiam
1121 3051 1195 3096 3333
1225 3036 1449 3098 inordinatam
1481 3039 1641 3111 eamdem,
1674 3041 1707 3102 et

914 3134 1149 3212 quodpropter
1176 3133 1374 3194 servitorum
1401 3135 1565 3196 defectum
1594 3136 1704 3200 debito

915 3232 1049 3293 servitio
1076 3231 1299 3302 fraudaretur,
1330 3229 1573 3294 ordinationem
1598 3237 1706 3312 ipsius

915 3330 1043 3391 dilectis
1073 3329 1151 3388 11113
1171 3329 1329 3404 magistro
1358 3332 1525 3404 Durando,
1556 3332 1710 3396 Lemovi-

916 3429 1006 3489 censi
1021 3427 1257 3488 archidiacono
1281 3429 1314 3487 et
1326 3428 1462 3502 collegis
1476 3430 1544 3490 suis
1554 3431 1710 3492 duximus

916 3525 1192 3596 committendam,
1223 3525 1369 3601 quicum
1393 3527 1434 3585 ad
1446 3528 1593 3588 eamdem
1608 3531 1713 3590 eccle·

917 3625 1000 3684 siam
1020 3623 1250 3692 accessissent,
1264 3623 1300 3682 nt
1314 3639 1387 3682 eam
1413 3623 1452 3683 de
1468 3627 1620 3699 personis
1637 3628 1711 3688 ido-

917 3724 989 3782 neis
999 3722 1096 3797 juxta
1111 3721 1303 3781 mandatum
1329 3722 1554 3795 apostolicum
1571 3723 1710 3785 ordina-

917 3820 1001 3889 rent,
1041 3807 1194 3878 canonici
1230 3817 1381 3878 ecclesiae
1424 3819 1634 3894 1331331313,
1675 3824 1712 3886 31

918 3917 1106 3977 1333131313
1123 3917 1272 3976 33311313
1285 3915 1419 3976 eludere
1441 3917 1602 3988 valerent,
1620 3921 1712 3982 ordi-

918 4013 1089 4075 natoribus
1113 4013 1195 4090 ipsis
1222 4013 1255 4073 in
1284 4015 1455 4074 canonicis
1476 4017 1545 4076 suis
1566 4020 1711 4096 receptis

919 4111 1138 4174 ordinationis
1152 4112 1280 4172 litteras
1300 4118 1564 4188 suppresserunt,
1580 4119 1714 4194 propter

919 4211 1004 4288 qnod
1020 4209 1161 4270 ecclesia
1184 4211 1256 4286 ipsa
1279 4208 1439 4271 hactonus
1452 4210 1642 4275 inordinata
1657 4231 1713 4276 re-

919 4307 1050 4368 mansit.
1064 4309 1113 4366 Ne
1125 4308 1226 4383 igitur
1237 4309 1388 4368 canonici
1411 4311 1593 4386 supradicti
1609 4327 1643 4372 se
1664 4315 1712 4374 sic

920 4406 1060 4467 elusisse
1074 4405 1264 4467 mandatum
1275 4405 1500 4482 apostolicum
1513 4408 1710 4482 glorientur,

921 4504 953 4563 et
979 4502 1127 4572 131313,
1154 4519 1193 4563 ac
1222 4501 1338 4562 fraude
1366 4517 1426 4562 sna
1451 4517 1486 4563 se
1508 4508 1714 4570 commodum

920 4599 1086 4676 gaudeant
1095 4601 1292 4675 reportasse,
1308 4600 1550 4662 ordinationem
1561 4604 1712 4668 ecclesiae

921 4699 1111 4758 memoratae
1127 4696 1199 4766 tibi,
1221 4696 1260 4757 de
1285 4699 1379 4773 cujus
1404 4697 1603 4762 discretione
1624 4705 1716 4779 geri-

922 4812 994 4856 mus
1008 4795 1163 4854 fiduciam
1179 4793 1373 4870 pleniorem,
1395 4795 1549 4858 dunimus
1564 4803 1716 4864 commit-

922 4893 1073 4964 tendam,
1104 4892 1306 4953 fraternitati
1342 4894 1408 4954 tuae
1440 4911 1497 4971 per
1526 4900 1716 4974 apostolica

923 4992 1047 5067 scripta
1076 4990 1282 5058 mandamns,
1298 4991 1461 5066 quatenus
1484 4993 1525 5052 ad
1541 4994 1715 5059 ecclesiam

924 5090 1030 5166 ipsam
1040 5088 1213 5159 accedens,
1230 5089 1263 5148 et
1273 5086 1399 5149 babens
1410 5106 1478 5165 prae
1491 5091 1596 5151 oculis
1608 5095 1715 5156 solum

924 5191 1039 5258 Deum,
1063 5186 1180 5263 ipsam,
1208 5185 1236 5244 si
1262 5187 1313 5246 est
1337 5187 1401 5258 ita,
1416 5186 1513 5262 Juxta
1542 5187 1716 5254 facultates

925 5285 1071 5361 ejusdem
1092 5283 1132 5344 de
1148 5284 1299 5360 personis
1313 5283 1442 5344 idoneis
1463 5285 1618 5348 ordinare
1635 5305 1715 5365 pro-

926 5397 1032 5444 cures
1046 5381 1312 5441 contradictores
1325 5395 1385 5456 per
1408 5397 1585 5444 censuram
1607 5389 1717 5450 eccle-

927 5479 1107 5550 siasticam,
1118 5477 1342 5554 appellatione
1356 5479 1547 5555 postposita,
1562 5497 1715 5561 compes-

927 5576 1042 5637 cendo.
1060 5577 1177 5638 Datum
1187 5575 1320 5646 Tibure,
1335 5591 1423 5637 nono
1437 5576 1599 5642 kalendas
1614 5585 1715 5658 junii,

928 5689 1016 5736 anno
1040 5689 1138 5735 nono.
