3948 6328
266 393 326 454 aso
492 375 496 388 '
604 357 677 390 ”’
886 393 1061 456 nouoau
1084 392 1127 453 111
1147 353 1294 469 onuba.
1860 379 1915 450 loo

269 551 406 629 capituli
421 553 454 614 et
468 553 645 614 multorum
661 553 802 616 aliorum
819 554 946 616 litteras
961 565 1059 614 rece-
1114 567 1196 628 grue
1218 551 1398 630 provideri.
1434 553 1548 630 Nuper
1579 551 1688 613 autern
1718 549 1858 612 vestrae
1884 549 1913 611 et

270 651 389 727 pimus,
408 650 627 724 continentes,
647 653 733 728 quod
753 651 910 729 praeiatus
931 651 1061 728 episoo-
1116 650 1292 712 multorum
1306 651 1447 712 aliorum
1463 650 1591 712 litteras
1610 649 1821 726 recepimus
1838 663 1915 708 con·

270 744 413 824 pus'non
426 750 538 825 posset
550 749 611 810 boc
627 750 774 826 tempore
790 749 862 810 sine
874 750 969 825 gravi
980 750 1062 810 Cra·
1114 747 1268 819 tinentes,
1286 749 1362 819 etc„
1379 763 1486 822 iisque
1508 765 1567 826 per
1581 748 1774 810 cessionem
1800 746 1916 822 bajus-

269 846 435 906 coviensis
450 841 601 907 ecclesiae
621 846 817 908 detrimento
833 846 982 924 eJusdem
1000 861 1059 908 re·
1115 845 1202 906 modi
1216 847 1359 908 vestram
1375 845 1507 906 viduari
1521 861 1561 907 ac
1574 844 1717 906 desolari
1734 843 1914 906 ecclesiam

269 943 380 1017 gimen
399 943 565 1016 abdicare,
584 945 717 1020 prepter
738 944 823 1021 qarod
851 942 946 1006 nobis
971 957 1059 1004 una·-
1115 945 1313 1018 pateremur.
1330 945 1398 1005 Nos
1415 944 1518 1018 igitur
1528 941 1821 1011 commendantes,
1834 939 1914 1017 quod

269 1040 404 1104 nimiter
438 1041 665 1118 supplicastis,
700 1057 742 1102 ne
775 1057 835 1119 per
875 1041 1060 1103 cessionem
1115 1039 1683 1102 talemvirumdesideratisbabere
1702 1039 1914 1117 pontificem,

270 1137 461 1214 hujusmodi
496 1138 645 1199 eamdem
680 1139 810 1198 viduari
848 1139 882 1200 et
916 1137 1060 1198 desolari
1115 1139 1291 1215 vestroque
1313 1138 1440 1199 salubri
1456 1138 1621 1199 desiderio
1637 1139 1849 1206 annuentes,
1866 1135 1915 1196 ei-

271 1234 446 1296 ecclesiam
462 1237 659 1312 pateremur.
674 1237 743 1296 Nos
765 1237 868 1311 igitur
887 1235 1062 1298 attenden-
1116 1232 1189 1294 dem
1200 1235 1355 1312 episcopo
1366 1235 1515 1296 dedimus
1526 1234 1664 1297 firmiter
1672 1235 1708 1296 in
1719 1233 1914 1311 praeceptis‚

270 1331 332 1402 tes,
347 1331 432 1408 qnod
449 1333 512 1394 etsi
526 1333 649 1394 Rachel
664 1335 696 1394 et
708 1333 799 1394 clara
812 1334 917 1394 oculis
930 1335 963 1395 et
975 1332 1060 1394 lecie
1116 1332 1152 1391 ut
1162 1348 1261 1408 quum
1273 1333 1461 1410 regularem
1473 1332 1621 1394 habitum
1629 1335 1700 1410 jam
1710 1329 1913 1407 susceperit,

270 1427 415 1489 formosa
439 1428 650 1498 describitur.
678 1431 713 1492 in
740 1431 986 1508 comparatione
1009 1432 1062 1492 ta·
1116 1445 1176 1504 per
1188 1429 1274 1505 quod
1287 1430 1454 1492 desiderio
1468 1446 1529 1491 suo
1547 1429 1756 1492 satisfecisse
1769 1429 1914 1497 videtur,

271 1541 347 1586 men
362 1525 584 1589 foecunditatis
600 1528 698 1604 lippae
718 1529 842 1590 sororis
862 1527 987 1589 sterilis
1002 1543 1062 1604 ap·
1116 1525 1265 1602 regimen
1280 1527 1385 1604 ipsius
1396 1525 1546 1590 ecclesiae
1562 1527 1658 1605 quasi
1670 1528 1711 1590 de
1726 1542 1825 1588 novo
1840 1541 1918 1587 auc-

269 1623 429 1700 pellatur;
453 1625 700 1687 considerantes
720 1626 830 1698 etiarn,
852 1626 939 1703 quod
961 1641 1061 1702 quum
1116 1623 1250 1688 toritate
1277 1627 1391 1686 nostra
1415 1625 1585 1702 suscipiat,
1619 1627 1694 1694 etc„
1727 1639 1847 1698 usuale
1877 1623 1914 1683 ad

269 1721 466 1796 sepedictus
490 1722 665 1800 episcopus
695 1723 883 1798 regularem
912 1721 1060 1785 habitum
1117 1721 1273 1798 populum
1302 1725 1531 1784 memoratum.
1551 1722 1678 1784 Idcirco
1697 1720 1914 1784 universitati

265 1821 336 1896 jam
364 1802 557 1897 susceperit,
590 1836 649 1896 per
684 1819 769 1896 quod
811 1819 977 1882 desiderio
1001 1835 1061 1880 suo
1116 1820 1236 1880 vestrae
1257 1835 1316 1896 per
1338 1819 1529 1896 apostolice
1554 1821 1678 1896 scripta
1698 1817 1912 1887 mandamus,

269 1904 472 1978 satisfecisse
485 1917 627 1988 videtur,
644 1917 750 1978 eidem
770 1918 892 1978 nostris
912 1917 1061 1978 dedimus
1117 1918 1279 1992 quatenus
1290 1917 1397 1978 eidem
1407 1919 1564 1994 tanquam
1575 1917 1700 1994 pastori
1711 1917 1746 1978 et
1758 1915 1914 1993 episcopo

269 2013 390 2074 litteris
419 2013 559 2075 tirmiter
581 2016 616 2075 in
644 2015 830 2091 praeceptis,
857 2019 893 2077 ut
914 2015 1062 2090 regimen
1116 2013 1303 2074 animarum
1327 2015 1514 2076 vestrarum
1540 2013 1734 2085 intendatis,
1764 2013 1801 2073 et
1836 2011 1913 2072 obe-

270 2111 500 2172 cracoviensis
513 2111 664 2172 ecclesie
681 2112 778 2188 quasi
793 2111 834 2172 de
848 2127 934 2174 novo
947 2113 1063 2173 aucto·
1117 2110 1216 2172 dietis
1240 2111 1412 2173 humiliter
1430 2111 1464 2174 et
1487 2111 1615 2174 devote.
1643 2111 1765 2173 Datum
1790 2111 1911 2180 Rornae,

269 2207 369 2268 ritate
395 2209 509 2270 nostra
533 2209 704 2284 suscipiat,
730 2210 763 2271 et
786 2225 859 2270 earn
885 2209 1063 2286 vigilanter
1116 2209 1175 2269 XV
1190 2207 1350 2272 kalendas
1367 2207 1563 2282 decembris,
1575 2208 1795 2286 pontificatus
1809 2207 1911 2268 nostri

271 2319 363 2364 more
379 2303 476 2365 solito
491 2306 599 2381 regat3
615 2321 715 2384 quum
732 2308 832 2368 etiem
845 2306 879 2368 in
894 2305 1062 2384 episcopio
1117 2321 1206 2368 anno
1228 2309 1356 2369 octavo.

269 2400 375 2478 possit
400 2400 433 2462 et
456 2401 621 2463 interdum
643 2403 789 2480 pulcbrae
810 2405 966 2467 Rachelis
985 2421 1061 2466 am-

269 2497 423 2574 plexibus
447 2515 507 2576 per
531 2500 676 2562 studium
696 2501 984 2578 contemplationis
1006 2502 1062 2561 in-

270 2596 399 2667 sistere,
414 2597 447 2657 et
460 2595 625 2659 interdum
648 2611 707 2674 per
726 2598 974 2675 praedicationis
991 2613 1063 2660 ver-

270 2691 348 2754 bum
371 2693 404 2754 et
426 2691 522 2756 bonae
536 2695 740 2770 operationis
758 2695 946 2773 exemplum
962 2696 1064 2772 spiri·
1448 2675 1579 2761 XLIII

232 2903 239 2910 ,
269 2788 376 2900 ωᾶῙῗε
395 2789 437 2851 ‘¹⁰
457 2787 516 2851 hia
542 2789 628 2852 ⁰5⁰⁸
647 2805 819 2867 generam’
834 2807 961 2854 m⁰m⁰r
976 2791 1062 2870 qu⁰d
1118 2837 1169 2894 Ad
1194 2833 1348 2896 moriem
1370 2836 1402 2896 et
1417 2839 1577 2908 priorem
1596 2837 1638 2896 de
1665 2836 1860 2896 Wottrimid
1880 2833 1907 2892 cl

270 2887 461 2964 patriarcba
476 2887 578 2950 Jacob
593 2890 667 2968 post
688 2889 813 2951 Rachel
833 2889 1006 2966 amplexus
1021 2889 1062 2950 ad
1265 2933 1492 3008 prmum
1507 2935 1528 2994 d
1529 2949 1547 2994 θ
1561 2931 1755 2995 Nortmmn

272 2984 365 3044 Liam
394 2984 535 3048 rediisse
567 2988 734 3060 narratur,
762 2988 795 3049 et
817 2989 949 3065 Moyses
974 3003 1063 3050 nuno
1759 2977 1767 2992 ’

270 3080 443 3144 delituisse
459 3083 493 3143 in
508 3083 732 3158 tabernaculo,
748 3100 835 3149 nunc
848 3085 937 3146 foras
953 3085 1062 3146 exisse
1366 3089 1400 3147 lit
1419 3088 1552 3147 novemb.
1575 3089 1655 3148 late.

271 3179 313 3246 ed
339 3179 496 3255 populum
520 3186 747 3243 memoratum.
773 3183 915 3259 Ideoque
937 3182 1060 3244 discre-

270 3275 355 3336 tioni
367 3279 487 3337 vestrae
502 3293 562 3352 per
575 3278 766 3354 Apostolice
782 3279 905 3355 scripta
924 3279 1064 3340 manda-

271 3387 357 3444 mus,
376 3374 540 3448 quatenus
565 3373 605 3434 ad
630 3373 858 3451 recipiendum
879 3377 1063 3440 cessionem
1119 3364 1167 3421 liis
1185 3377 1302 3422 causam
1326 3372 1484 3423 conventus
1501 3365 1750 3439 ilseneburgensis
1767 3372 1800 3423 et
1818 3361 1902 3422 ltocb·

272 3465 378 3545 ipsius
394 3470 541 3547 episcopi
565 3471 756 3533 nullatenus
778 3473 975 3549 procodatps·
992 3475 1062 3535 Da„
1153 3454 1250 3510 manni
1266 3453 1400 3512 monachi
1417 3454 1544 3526 ejusdem
1561 3455 1728 3513 monasterii
1746 3456 1806 3514 tine
1824 3465 1903 3512 oeno·

269 3569 339 3628 tum
356 3570 479 3640 Romae,
493 3570 552 3629 XV
569 3567 730 3630 kalendas
745 3569 939 3642 decembris,
953 3572 1064 3648 ponti-
1154 3542 1218 3598 ¹¹¹⁰²⁰
1234 3542 1442 3600 oefmiflflssdflffl
1455 3543 1615 3601 committit.

270 3665 388 3736 doetus
401 3667 505 3728 nostri
519 3681 607 3728 euno
621 3667 750 3728 octavo.
1158 3677 1325 3738 Honorius
1334 3679 1519 3755 episcopus,
1529 3693 1646 3740 servus
1657 3693 1831 3740 servornm
1840 3675 1900 3745 Dei,

1291 3231 1447 3296 [chronicon
1461 3230 1553 3282 Montis
1566 3231 1659 3292 Sereni,
1674 3231 1743 3298 isa]

1121 3772 1250 3836 dilectis
1266 3773 1343 3835 liliis
1359 3775 1471 3837 abbati
1491 3777 1523 3838 et
1538 3775 1642 3853 priori
1662 3775 1703 3836 de
1717 3769 1901 3837 Walltinrid

1119 3871 1152 3933 et
1170 3873 1347 3949 praeposito
1367 3872 1407 3934 de
1431 3873 1626 3944 Nortbusin‚
1643 3869 1901 3949 Magantinensis

1119 3969 1283 4042 dioecesis,
1298 3969 1438 4032 salutem
1454 3971 1486 4033 et
1506 3971 1732 4047 apostolicam
1747 3967 1901 4032 benedic-

616 4023 724 4109 XLII
1119 4065 1254 4127 tionem.

140 4221 145 4231 „
273 4191 324 4258 Ad
345 4143 511 4248 mnam
535 4189 567 4248 ep
591 4189 778 4264 capitulum
805 4193 1061 4254 mmmm
1160 4161 1226 4220 Sua
1243 4161 1339 4222 nobis
1354 4161 1456 4224 abbas
1471 4163 1504 4224 et
1524 4164 1706 4226 conventus
1722 4161 1901 4224 llsenebur·

1119 4257 1231 4332 gensis
1256 4259 1414 4334 petitione
1438 4262 1675 4333 monstrarunt,
1697 4259 1784 4338 quod
1813 4271 1899 4338 quum

525 4337 558 4394 ¹⁷
577 4336 711 4394 ¹¹⁰V³¹¹¹¹³·
734 4337 811 4396 ¹²²3·
1120 4353 1355 4417 Rocbmannus
1365 4359 1529 4433 quondam
1539 4357 1721 4420 monachus
1730 4359 1901 4435 ipsiusne

382 4478 510 4544 [Tieion.
523 4479 635 4528 nonum.
648 4477 769 4538 rotonis,
783 4479 803 4537 1,
820 4477 894 4540 tao.
910 4477 963 4542 32]
1120 4451 1258 4511 nestorii
1280 4451 1363 4514 salso
1391 4455 1487 4516 nobis
1516 4469 1710 4532 suggerens,
1734 4455 1822 4532 quod
1846 4447 1898 4528 ipsi

1120 4549 1395 4612 excommunicati
1412 4553 1445 4620 et
1458 4553 1631 4629 degradati
1653 4553 1767 4614 divina
1787 4553 1899 4614 temere

274 4623 388 4678 ΜΨ)
406 4629 435 4679 ⁰¹
455 4623 579 4696 ⁰³P¹⁸¹¹¹⁰
598 4622 834 4682 ⁰⁸⁸⁰⁰V⁵⁰¹¹⁸fflu⁸
859 4635 944 4695 W*
963 4623 1064 4680 ⁰⁰de
1119 4645 1342 4716 celebrabant,
1359 4663 1493 4710 causam
1509 4665 1611 4727 super
1629 4651 1682 4711 bis
1702 4651 1735 4713 et
1753 4651 1831 4712 aliis
1850 4645 1898 4708 ab·

577 4719 759 4784 Ummium·
1118 4742 1187 4804 bati
1200 4745 1233 4806 et
1245 4745 1348 4822 priori
1363 4744 1402 4806 de
1416 4747 1553 4824 Pigaria
1569 4749 1602 4810 et
1617 4749 1795 4826 praeposito
1812 4752 1899 4810 Bran·

314 4843 481 4904 Honorius
497 4845 682 4921 episcopus,
696 4847 771 4916 eto,
790 4845 919 4906 dilectis
933 4843 1062 4904 tiliis...
1119 4841 1343 4918 denburgensi
1358 4842 1555 4906 obtinuisset
1572 4861 1592 4905 a
1615 4846 1700 4906 Sede
1721 4844 1897 4922 apostolica

204 4963 211 4975 =
273 4939 399 5003 decano
425 4944 458 5002 et
487 4940 632 5018 capitulo
660 4941 947 5012 cracoviensibus
974 4938 1065 5002 salu·
1119 4937 1266 5012 delegari
1292 4938 1368 5016 quia
1402 4939 1488 5002 dicto
1516 4940 1635 5003 abbate
1659 4941 1795 5003 interim
1822 4941 1897 5004 vinu

270 5039 348 5112 tem,
365 5039 427 5100 etc.
1120 5035 1284 5096 universae
1295 5037 1405 5098 cernis
1420 5038 1582 5113 ingresso,
1595 5041 1787 5103 Hartwicus
1800 5051 1897 5102 mona·

312 5136 460 5208 Quodam
498 5135 626 5205 nuntio,
660 5135 735 5206 etc,
769 5150 878 5210 eisque
914 5134 1064 5196 invidere
1119 5132 1211 5203 chus,
1229 5133 1284 5209 qui
1310 5148 1346 5194 se
1369 5133 1403 5194 in
1425 5135 1533 5196 locum
1555 5140 1628 5214 eJus
1644 5140 1802 5216 proponit
1815 5139 1895 5199 eleo·

272 5234 387 5311 quieti,
414 5231 598 5296 venerabili
620 5229 714 5292 tratri
734 5236 884 5292 nostro...
907 5231 1063 5307 episcopo
1118 5229 1198 5299 turn,
1213 5232 1245 5290 et
1259 5229 1415 5305 praelatus
1431 5232 1523 5308 prior
1536 5235 1691 5297 contento
1710 5237 1809 5298 tertio
1824 5247 1894 5298 con-

272 5330 542 5393 Wretizlaviensi
558 5331 590 5390 et
611 5328 747 5404 collegis
769 5331 840 5403 ejus
860 5326 1010 5388 dedimus
1028 5329 1063 5387 ln
1114 5325 1226 5401 judice
1241 5325 1395 5388 volebant
1418 5328 1451 5388 in
1475 5330 1589 5390 eadem
1612 5347 1714 5395 cause
1729 5334 1896 5409 procedere

271 5428 453 5496 mandatis,
479 5428 516 5489 ut
540 5425 725 5488 cessionem
753 5440 864 5495 suam,
893 5423 922 5483 si
951 5424 1061 5483 tamen
1118 5435 1160 5482 ex
1173 5422 1265 5497 parte
1280 5421 1441 5484 dictorum
1454 5425 1584 5489 abbatis
1600 5431 1633 5490 et
1647 5433 1830 5491 conventus
1846 5423 1895 5490 fuit

271 5526 360 5588 esset
392 5523 592 5595 voluntaria,
623 5521 809 5600 reciperent
837 5519 911 5580 vice
936 5519 1060 5590 nostra,
1117 5517 1313 5594 excipiendo
1348 5523 1560 5597 praepositum
1589 5542 1702 5587 coram
1730 5528 1791 5600 eis,
1822 5521 1893 5604 quod

272 5639 334 5684 usu
363 5622 394 5683 ei
422 5621 661 5699 pontificalium
688 5618 868 5688 reservato,
901 5613 1061 5676 iacientes
1118 5616 1894 5691 qutrmpraenominatusRocbmannusessetex·

272 5717 337 5802 lpsi
362 5720 402 5782 de
427 5719 524 5781 bonis
553 5716 783 5780 cracoviensis
810 5713 959 5776 ecclesiae
982 5727 1063 5773 con·
1117 5711 1377 5772 communicatus
1400 5715 1547 5791 tempore
1574 5734 1639 5794 quo
1669 5719 1755 5783 tales
1780 5721 1893 5784 litteras
