4102 6322
314 365 354 425 39
925 367 1102 448 ΗΟΝΟΒΙΙ
1124 367 1169 428 111
1192 365 1339 430 OPERA.
1838 441 1840 444 ¹
1914 371 1949 430 to

313 523 390 586 dam
405 523 1107 604 usurpatIoneususseuquadamantinl-
1160 526 1298 606 stipsis
1323 526 1430 590 eidem
1455 526 1623 590 concessis
1647 525 1811 599 ecclesiae,
1828 525 1949 590 statne·

313 621 496 698 pationeiu
476 621 576 694 nturi,
600 637 720 684 nomen
736 622 776 683 ab
793 625 865 700 eJ'us
883 641 1017 687 nomine
1033 642 1107 687 sor
1162 628 1250 697 runt,
1268 627 1303 686 ut
1318 639 1361 686 ex
1380 625 1429 685 616
1450 624 1625 686 memorati
1647 624 1814 700 capellani
1836 625 1868 686 et
1888 625 1952 686 cle-
2044 643 2045 670 ι

232 757 234 760 -
311 719 1952 800 116166666666116166166666166661666666616161666116116166,6611661666166166·
2044 713 2045 724 ’

309 816 475 878 611116611
501 817 562 878 tilii
588 817 768 893 capitulum
784 819 1045 896 Corisopitense,
1069 821 1105 882 in
1160 820 1261 880 clesia
1278 819 1397 881 ciliciis
1420 821 1623 880 mortuorum
1644 818 1812 888 intersint,
1830 821 1951 881 susten·

311 928 450 991 quorum
466 913 602 976 dioecesi
621 915 713 978 locus
737 915 795 976 ille
819 916 980 990 consistit,
1006 919 1105 996 atque
1162 918 1296 980 tationis
1339 933 1407 979 suae
1447 917 1631 978 subsidium
1670 919 1767 993 juxta
1808 917 1950 995 ipsorum

2044 675 2045 712 l

309 1011 459 1074 universi
486 1011 621 1074 abbates
649 1014 880 1075 Cisterciensis
902 1015 1040 1088 ordinis,
1066 1016 1101 1075 in
1160 1014 1377 1092 quantitatem
1397 1014 1585 1076 reddituum
1605 1015 1865 1092 consequantur.
1888 1016 1952 1076 Nos

309 1109 458 1184 generali
480 1110 626 1185 capitulo
649 1111 853 1190 congregati,
869 1112 1030 1190 multique
1045 1112 1104 1172 alii
1160 1111 1263 1188 igitur
1299 1112 1419 1173 vestris
1451 1111 1553 1188 J'ustis
1598 1111 1753 1188 precibus
1789 1111 1951 1184 inclinati,

309 1207 468 1284 episcopi,
498 1209 533 1270 61
556 1207 717 1284 religiosi,
745 1225 811 1269 una
833 1225 908 1270 cum
926 1209 1055 1281 abbate,
1072 1209 1105 1270 et
1159 1208 1245 1285 quod
1261 1208 1303 1270 ab
1324 1209 1448 1271 eisdem
1465 1209 1836 1270 concanonicisuestris
1856 1224 1953 1284 super

309 1304 1955 1383 666666166666161ιι66ιι6616ιιι66116166611166616661,61816661161611166611666616-

307 1401 361 1463 ter
370 1401 610 1479 supplicarunt,
620 1403 672 1463 ut
665 1419 772 1479 ipsum
780 1419 993 1466 annumerari
1006 1419 1104 1466 6666-
1161 1405 1275 1475 tutum,
1294 1405 1492 1466 auctoritate
1506 1403 1696 1481 Apostolica
1718 1403 1953 1464 confirmamus
2044 1403 2045 1484 l

306 1500 416 1560 torum
441 1499 592 1576 catalogo
619 1499 803 1561 laceramus
818 1523 826 1560 ι
843 1501 920 1578 6616
939 1500 1025 1578 6661
1043 1516 1104 1578 po-
1158 1501 1191 1562 et
1224 1503 1398 1578 praesentis
1434 1502 1549 1578 scripti
1586 1501 1772 1579 patrocinio
1807 1516 1954 1562 commu·
2044 1527 2045 1572 3

306 1595 404 1672 pulus
438 1597 557 1658 devota
581 1599 838 1674 praesumptione
863 1599 1013 1676 usurpat,
1043 1613 1103 1660 seu
1158 1599 1278 1658 nimus.
1300 1597 1393 1660 Nulli
1414 1613 1505 1675 ergo,
1531 1600 1606 1670 etc,
1630 1600 1753 1660 nostrae
1772 1597 1950 1659 conflrma-

185 1765 188 1776 ,
305 1691 419 1753 forsan
438 1693 551 1756 divino
567 1693 726 1756 instinctu
744 1695 914 1772 anticipat,
930 1695 1027 1756 illum
1042 1711 1104 1772 ap·
1158 1694 1464 1771 tionisiniringere.
1481 1695 1736 1773 Siquisautem,
1752 1697 1814 1757 etc.
1832 1695 1949 1756 Datum

304 1789 459 1866 pellendo
487 1792 664 1864 Sanctum,
691 1793 724 1854 et
749 1791 873 1869 absque
902 1792 1101 1854 auctoritato
1156 1793 1324 1865 Laterani,
1341 1795 1372 1855 11
1387 1809 1493 1855 nonas
1508 1792 1692 1856 decembris
1708 1809 1798 1855 anno
1812 1793 1917 1854 sexto.

305 1887 399 1949 Sedis
426 1888 626 1965 Apostolicae
651 1889 854 1959 venerando,
878 1889 941 1952 rite
967 1889 1101 1952 tandem

300 1986 452 2062 jussione
466 1987 656 2062 Apostolica
670 1987 739 2060 1161,
754 1986 795 2048 61
809 1987 951 2064 gloriam
964 1987 1098 2060 Christi,

304 2082 338 2144 et
362 2082 508 2144 nominis
526 2083 713 2145 christiani.
730 2083 822 2145 Licet
835 2083 940 2160 igitur
954 2099 1035 2162 quos
1048 2084 1101 2145 di-

303 2179 553 2256 vinahonorat
587 2181 756 2256 dignatio,
788 2180 935 2243 bumana
968 2181 1100 2244 devotio

303 2278 455 2354 prompto
481 2277 598 2340 debeat
619 2278 741 2340 affectu
759 2278 934 2354 venerariJ
951 2279 1028 2358 6616
1047 2280 1101 2342 16-

303 2389 380 2436 men
391 2375 582 2452 apostolica
597 2374 698 2437 Sedes
713 2376 748 2436 in
768 2375 891 2438 talibus
906 2393 980 2438 cum
996 2376 1100 2440 multa

1502 2087 1606 2178 XLV

1444 2242 1496 2302 Ad
1510 2242 1658 2302 eosdem.

1433 2368 1670 2434 [111166616131]

304 2463 495 2535 maturitate
510 2473 689 2549 procedere
704 2474 891 2548 consuevitJ
905 2473 1100 2538 discretioni
1193 2497 1274 2556 (888888
1285 2493 1411 2556 88888888
1426 2496 1560 2572 88888888,
1575 2497 1638 2558 sss
1643 2495 1945 2570 ,888888688888888

303 2569 1097 2648 γ(101Υῶ111111051οῙ10ὅὶ001111111131]ίί310016
1154 2592 1838 2664 13666616166666111166161616116616166,
1863 2593 1948 2671 6661
2044 2573 2045 2628 Ῑ

304 2669 467 2745 quatenus
483 2667 660 2746 inquiratis
681 2683 781 2745 super
800 2668 1044 2731 116116616116
1067 2671 1100 2732 61
1154 2705 1228 2750 sum
1243 2690 1320 2752 888888
1335 2691 1464 2766 postam
1487 2691 1626 2752 8888888888
1646 2690 1746 2752 888888
1771 2691 1890 2768 quod·
1878 2707 1949 2769 88888
2044 2723 2045 2728 ,

301 2763 939 2842 6166661611686616666666616166
955 2765 1098 2828 6166116
1154 2788 1189 2848 888
1218 2787 1379 2849 honorem
1407 2787 1495 2850 8888888
1521 2788 1653 2850 68880888
1677 2787 1842 2866 8808888888
1868 2803 1950 2850 con-

302 2861 1098 2940 6661116666666166611611166161166116,6166
1153 2884 1335 2958 8888888888,
1355 2885 1776 2962 8888888888,88888888888888
1800 2886 1948 2947 88888888

302 2959 401 3037 plene
425 2961 604 3038 comperta
630 2977 685 3039 1³¹0
710 2961 950 3038 POStulasstlum
966 2960 1099 3024 003100·
1153 2998 1316 3060 pauperes
1342 2983 1584 3059 recipiantur
1575 2999 1610 3044 tn
1636 2984 1708 3060 ipso
1737 2984 1794 3060 qui
1818 2999 1862 3044 ex
1877 2986 1949 3060 jam

300 3057 681 3119 riosecuriusannuere
698 3059 879 3120 valeamus:
897 3059 1017 3121 Datum
1032 3061 1098 3120 La·
1153 3081 1355 3158 8888888868·
1346 3098 1382 3142 888
1403 3097 1442 3142 ss
1465 3081 1745 3159 possessionibus,
1766 3081 1827 3142 sJ·
1818 3097 1851 3140 888
1869 3097 1951 3156 pos.
2044 3115 2045 3148 ,

299 3153 1948 3256 166661,666661666666666661616,8ιο6116-8,,888888888888888,8,,888688888888888888

302 3250 737 3312 00100005001000000100·
1152 3277 1216 3353 ipsi
1242 3275 1399 3352 hospitali
1423 3275 1624 3352 proveniunt
1647 3275 1848 3348 nutriantur,
1882 3291 1949 3337 nos

1152 3388 1231 3450 ergo
1247 3373 1367 3436 vestris
1382 3374 1484 3450 justis
1499 3373 1654 3451 precibus
1668 3373 1835 3446 inclinati,
1858 3373 1948 3451 quod

1151 3470 1281 3532 anobis
1297 3487 1396 3548 super
1416 3471 1480 3533 boc
1504 3472 1557 3548 pie
1577 3487 1616 3533 ac
1638 3471 1775 3549 provide
1796 3471 1950 3532 noscitur

638 3607 762 3695 XLIV
1151 3561 1349 3636 institutum,
1371 3565 1570 3628 auctoritate
1600 3566 1793 3643 Apostolica
1823 3565 1949 3627 contir-

1151 3679 1290 3736 mamus,
1307 3663 1383 3736 etc,
1403 3664 1566 3740 utsupra,
1583 3678 1690 3740 usquc
1705 3665 1741 3725 itt
1755 3664 1872 3736 116666.

327 3752 378 3814 Ad
390 3751 629 3828 praepositum,
646 3752 814 3812 decanum
825 3747 863 3810 -et
880 3747 1069 3823 6661161666

586 3850 805 3910 Suessiones.

556 3978 574 4035 1
587 3977 747 4036 decembris
763 3977 842 4036 liii.

332 4103 451 4167 [Regnat.
464 4101 510 4152 lib.
524 4101 566 4160 Vl,
580 4100 653 4165 epist.
664 4101 704 4152 ss.
719 4102 777 4151 1166.
788 4101 824 4151 Lo
835 4101 912 4151 Porta
922 4100 955 4150 du
969 4099 1063 4165 11611]
1150 4137 1202 4197 Aa
1224 4139 1416 4198 Johannem
1445 3983 1721 4210 Stzfflssmem
1750 4137 1944 4210 (8688888688.

299 4223 483 4286 Confirmatio
502 4225 598 4282 statuti
618 4222 694 4297 quod
712 4223 867 4296 capitulum
888 4221 1096 4281 suessionense
1283 4247 1405 4306 copam
1420 4232 1455 4294 et
1468 4233 1710 4308 suffraganeos
1725 4233 1810 4305 ejus.

335 4314 470 4374 stabilivit
483 4320 515 4371 61
526 4328 666 4386 pauperes
679 4312 819 4384 capellani
829 4319 857 4368 61
870 4311 967 4368 clerici
979 4313 1028 4384 qui
1040 4310 1094 4369 ire·
1402 4363 1421 4421 5
1434 4362 1594 4420 decembris
1609 4363 1688 4420 8888,

334 4410 472 4478 quentent
499 4401 628 4470 chorum,
654 4399 767 4473 aliquod
785 4400 920 4458 solatium
940 4415 974 4458 ex
995 4414 1095 4457 eorum

335 4491 480 4567 obsequiis
492 4496 711 4563 cousequantur
1150 4487 1241 4552 [16866
1251 4487 1269 4539 i.
1279 4499 1300 4537 6.
1304 4486 1411 4552 ,68661
1421 4486 1538 4546 Thelser,
1549 4485 1615 4537 iton.
1625 4485 1769 4548 ilungariae,
1778 4485 1798 4543 1,
1807 4485 1847 4543 61,
1856 4499 1882 4534 ιι.
1891 4483 1945 4548 66]

340 4618 519 4690 Honorius,
543 4616 619 4690 616,
643 4614 773 4677 dilectis
793 4613 872 4674 filiis
876 4656 937 4674 .....
959 4599 1909 4692 688666.11166666616116661616116161166661616661

300 4717 364 4779 6116
368 4758 429 4776 .....
446 4715 621 4778 16666661
635 4713 781 4791 capitulo
798 4711 1011 4774 suessionen.
1470 4690 1621 4763 eluisse·

340 4817 421 4878 Cum
434 4827 453 4874 a
465 4811 561 4872 nobis
574 4813 656 4888 petit
658 4827 708 4883 ur,
721 4811 796 4881 etc,
808 4824 916 4885 66666
926 4809 1091 4871 effectum.
1187 4808 1546 4884 Honoriusepisoopus,
1557 4822 1674 4868 servus
1687 4821 1861 4867 servorum
1869 4804 1939 4877 Dei,

298 4915 349 4974 Ex
360 4911 482 4974 vestris
504 4923 585 4970 sane
606 4907 728 4970 littaris
747 4907 984 4977 intelleximus,
1007 4907 1092 4984 quod
1147 4905 1393 4967 venerabilibus
1417 4903 1611 4966 iratribus...
1636 4902 1859 4980 strigoniensi
1883 4917 1942 4962 ar-

297 5026 373 5072 cum
397 5005 606 5085 frequentent
629 5005 761 5082 quidam
788 5019 952 5083 pauperes
976 5002 1092 5081 capel·
1147 4999 1359 5076 obiepiscopo
1373 4998 1407 5059 et
1421 4997 1642 5074 suffraganeis
1657 4999 1740 5074 ejus,
1755 4996 1942 5058 salutemet

296 5107 367 5169 lani
378 5105 411 5170 61
420 5104 535 5168 clerici
548 5103 687 5165 chorum
697 5103 856 5174 vestrum,
868 5102 900 5163 et
913 5116 1028 5162 eorum
1039 5100 1093 5163 ob·
1147 5096 1363 5173 apostolicam
1378 5094 1652 5156 benedictionem.

297 5193 1335 5284 6666166661666666166616616661661666166-8166166
1361 5208 1421 5253 vos
1446 5191 1649 5254 comederet.
1662 5191 1778 5252 domus
1807 5190 1879 5262 Dei,
1909 5189 1941 5250 61

296 5305 451 5383 portuna,
456 5299 590 5379 quidam
601 5296 943 5368 concanonicirestri,
947 5296 1091 5358 utiidem
1146 5291 1325 5369 opprobria
1340 5290 1472 5351 Christo
1491 5288 1746 5366 exprobantium
1766 5301 1940 5364 supervos

296 5399 461 5478 capellani
486 5400 520 5460 et
547 5395 660 5459 clerici
689 5392 859 5456 consecuti
890 5392 1023 5470 aliquod
1048 5409 1091 5454 ex
1145 5387 1312 5458 caderent,
1334 5385 1370 5447 ut
1394 5384 1561 5457 deberent,
1579 5385 1767 5456 haereticos,
1784 5383 1840 5461 qui
1865 5382 1939 5442 uni-

295 5497 454 5576 obsequio
474 5511 535 5557 suo
555 5493 721 5564 solatium,
744 5490 901 5552 libentius
921 5489 961 5550 ad
981 5490 1092 5550 eccle·
1145 5499 1217 5546 cam
1234 5485 1477 5562 sponsamejus
1493 5483 1741 5545 sacrosanctam
1756 5480 1939 5542 Ecclesiam

295 5597 380 5660 siam
396 5596 503 5672 ipsam
516 5589 727 5662 conveniant,
742 5589 775 5650 et
787 5587 937 5650 devotius
949 5587 1088 5648 Domino
1144 5581 1374 5658 multipliciter
1387 5581 1536 5657 polluere
1555 5579 1749 5651 moliuntur,
1766 5580 1866 5640 antea
1881 5593 1940 5638 66-

295 5693 506 5766 16166166166,
532 5689 650 5767 emptis
675 5685 871 5766 quibusdam
889 5683 1085 5757 redditibus,
1134 5679 1283 5741 .ι6666116
1294 5677 1463 5741 deresiris
1474 5675 1594 5738 tinibus
1606 5676 1735 5737 eminus
1746 5673 1935 5752 profligare,
