4104 6330
109 365 165 430 tm

109 524 214 588 Nullis
249 523 370 586 litteris
396 522 603 586 obstantibus
631 524 750 586 barum
777 525 893 586 tenore

107 622 238 686 tanton
267 621 553 698 sedenpostolica
576 621 775 697 impetratis.
801 621 892 694 Quod

106 717 134 778 si
146 732 211 778 non
226 731 353 788 omnes,
370 719 432 778 etc.
449 717 567 778 Datum
585 717 760 793 Anagnia,
774 717 892 794 quinto

107 813 237 876 kalend.
253 813 381 892 aprilis,
398 829 486 876 anno
501 814 607 876 sexto.

439 1135 558 1224 CLIV

104 1315 152 1376 Ad
169 1313 320 1388 manem
338 1315 566 1376 Fraucacum
592 1314 627 1374 et
653 1315 738 1375 altos
760 1313 893 1388 fratres

323 1413 456 1474 ordinis
475 1414 665 1473 Minorem.

380 1541 415 1600 29
425 1541 519 1598 martii
530 1541 609 1602 litt.

234 1663 383 1730 [Waddinq
394 1665 506 1718 dunelm
514 1665 650 1726 bimorum,
659 1665 691 1726 ll,
701 1664 754 1732 bd]

103 1788 230 1848 Canoadb
253 1788 386 1848 irauibm
400 1790 557 1849 Minoribus
569 1796 601 1848 ut
619 1790 648 1848 ln
670 1790 730 1848 suls
752 1789 892 1860 ecclesiis,

134 1891 196 1936 oum
217 1879 356 1951 generale
377 1887 460 1936 terne
485 1878 568 1938 luerit
594 1878 784 1948 interdictum,
809 1879 894 1938 liceat

133 1965 892 2114 &effimvoceetjanuiselausisdivinaofficia

138 2181 305 2244 Honorius
315 2181 501 2260 episcopus,
513 2195 630 2244 servus
639 2197 811 2246 servorum
819 2183 890 2255 Dei,

103 2277 228 2341 dilectis
265 2279 385 2341 filiis...
420 2279 517 2341 tratri
544 2279 723 2342 Francisco
756 2282 789 2343 et
816 2279 892 2342 aliis

105 2374 255 2438 trabibus
266 2377 395 2438 ordinis
405 2377 737 2450 Minorum,salutam
750 2379 783 2441 et
791 2382 893 2455 Apos-

103 2473 230 2536 tolicam
244 2473 521 2537 benedictionem.

138 2573 329 2634 Deuotionis
343 2574 462 2635 vestrae
477 2571 631 2650 precibus
643 2572 807 2645 inclinati,
817 2587 891 2635 aue

105 2667 231 2732 toritate
252 2669 349 2731 vobis
373 2670 587 2747 praesentium
611 2669 833 2746 indulgemus,
857 2670 894 2731 nt

104 2765 135 2824 in
152 2767 314 2840 ecclesiis,
335 2767 364 2828 si
385 2783 469 2846 quas
483 2783 542 2830 vos
561 2767 685 2831 babere
704 2768 890 2844 contigerit,

104 2875 170 2924 cnm
201 2864 361 2941 generale
391 2869 491 2928 terra
520 2866 621 2928 inierit
654 2865 890 2938 interdictum,

20 3001 27 3016 -.
103 2958 193 3023 bceat
206 2961 302 3024 vobis
317 2963 432 3040 januis
449 2963 584 3035 clausis,
605 2963 640 3025 et
657 2965 891 3025 excommuni-

105 3057 177 3120 catis
191 3061 224 3122 et
239 3060 426 3122 interdictis
441 3061 598 3134 exclusis,
617 3061 782 3122 submissa
796 3077 889 3134 voce,

105 3153 206 3218 divina
220 3157 332 3218 officia
346 3157 527 3220 celebrare.
544 3159 636 3220 Nulli
660 3175 741 3236 ergo
756 3159 892 3220 omnino

105 3249 265 3316 bominum
281 3255 382 3318 liceat
405 3255 491 3318 banc
504 3255 659 3333 paginam
675 3258 797 3319 nostra
810 3271 892 3319 con-

105 3351 256 3414 cessionis
272 3351 468 3429 intringere,
486 3356 544 3416 aut
558 3354 589 3416 ei
610 3369 694 3416 ausu
712 3355 891 3416 temerario

104 3449 260 3512 corbana
270 3471 279 3525 ;
291 3450 321 3511 si
335 3451 410 3528 quis
419 3451 531 3513 autem
544 3451 608 3514 boc
622 3451 788 3514 attentare
803 3468 892 3530 praa-

104 3547 283 3623 sumpserit,
300 3547 563 3625 indignationem
579 3549 815 3627 omnipotentis
830 3551 890 3612 Dei

105 3655 139 3703 ac
175 3643 348 3707 beatorum
385 3647 476 3708 Petri
511 3647 545 3710 et
585 3647 682 3709 Pauli
717 3648 883 3726 apostolo·

104 3755 169 3801 rum
198 3745 273 3820 ejus
299 3759 335 3806 ae
366 3745 496 3807 noverit
520 3747 743 3807 incursurum.
771 3748 890 3808 Datum

104 3839 265 3916 anagniae,
283 3842 327 3904 IV
337 3840 497 3904 kalendas
521 3843 650 3921 aprilis,
671 3858 759 3905 anno
783 3845 887 3905 sexto.

445 4176 541 4264 CLV

147 4325 195 4384 Ad
211 4327 354 4400 putores
375 4328 655 4390 Praedicatorum
672 4329 842 4392 Fratrum

395 4427 584 4486 Minorem.

370 4551 405 4611 29
420 4555 513 4612 martii
530 4556 609 4613 1222.

217 4674 364 4740 [Waddinq
382 4675 494 4728 Annales
511 4679 647 4738 llinorum,
663 4679 694 4739 ll,
713 4679 766 4746 δι]

106 4793 209 4856 llandat
236 4808 269 4858 ut
282 4801 390 4858 cessari
408 4801 513 4860 lactant
537 4804 703 4862 exactiones
727 4805 756 4862 in
773 4804 890 4863 dioecesl

136 4886 312 4946 Ulixbonensi
327 4888 469 4948 adhibitas
491 4890 594 4963 quibus
609 4889 788 4950 contemnes
808 4907 887 4952 corn-

136 4975 236 5045 pellunt
246 4977 344 5036 lideles
354 4979 390 5037 ad
403 4979 619 5053 relinquendam
634 4982 765 5040 ecclesiis
776 4984 890 5040 tertiam

136 5071 248 5136 parum,
265 5067 310 5124 vel
324 5073 432 5126 centurn
449 5068 516 5141 quid
529 5068 657 5128 debonis
671 5070 730 5128 suis
746 5071 776 5128 in
790 5071 890 5130 ultima

136 5149 255 5222 ipsorum
280 5155 440 5228 voluntate3
464 5159 489 5214 sl
515 5157 719 5231 injunctionem
750 5160 890 5231 repellunt

136 5237 237 5312 fideles,
249 5244 442 5303 ecclesiastica
457 5245 636 5320 denegantur
650 5254 838 5304 sacramenta.

140 5377 302 5440 Honorius
338 5381 530 5458 episeopus,
567 5397 684 5444 servus
717 5397 889 5446 servorum

109 5468 194 5534 bei...
209 5476 375 5552 prioribus
390 5478 650 5542 Praedicaturum
659 5481 812 5543 Fratrum
825 5481 891 5542 Mi-

108 5580 225 5722 niorum,
252 5573 450 5637 salutemet
476 5576 701 5652 Apostolicam
727 5576 888 5640 benedic-

132 5679 229 5732 onem.

241 5823 352 5869 samec.
373 5825 446 5870 roua
466 5814 514 5874 lV.

685 427 689 443 ,
717 361 946 426 smsroms.
969 364 1050 426 nra.
1069 365 1125 428 vu

1685 369 1745 432 130

986 526 1037 586 lix
1061 525 1156 602 parte
1186 526 1416 590 universitatis
1446 527 1682 592 Ulixbonensis
1710 533 1744 594 st

946 622 1095 698 ejusdem
1109 623 1263 686 dioecesis
1287 624 1382 686 nobis
1400 627 1450 688 est
1464 625 1575 688 oblata
1595 627 1741 705 querela,

946 721 1032 796 quod
1043 721 1245 783 venerabilis
1258 722 1361 784 irater
1374 725 1489 786 noster
1502 725 1543 786 N.
1566 726 1742 803 episcopus

946 817 980 878 et
1002 817 1134 894 praelati
1167 820 1235 880 tam
1270 820 1432 894 civitatis,
1462 837 1560 899 quam
1589 823 1743 885 dioecesis

947 913 1193 987 Ulixbonensis,
1218 931 1285 978 non
1315 917 1442 994 absque
1466 919 1549 980 vitio
1573 920 1740 992 avaritia,

947 1011 1149 1088 compellunt
1175 1012 1327 1075 homines
1354 1015 1487 1078 tertiam
1513 1018 1661 1092 partem,
1686 1017 1743 1079 vel

946 1109 1074 1170 certum
1084 1108 1162 1186 quid
1177 1110 1217 1171 de
1232 1109 1328 1172 bonis
1343 1113 1413 1174 suis
1426 1113 1574 1188 ipsorum
1588 1115 1742 1178 ecclesiis

946 1205 1136 1284 relinquere
1176 1208 1212 1268 in
1244 1208 1361 1270 ultima
1396 1211 1584 1280 voluntate,
1622 1212 1742 1289 quibus

947 1303 1058 1376 otiam,
1069 1303 1097 1364 si
1115 1304 1288 1381 cupiditati
1301 1321 1415 1368 eorum
1424 1322 1491 1368 non
1506 1308 1741 1380 satisfecerint,

947 1400 1176 1464 ecelesiastica
1205 1402 1371 1479 denegant
1402 1407 1625 1479 sacramenta;
1656 1408 1744 1470 unde

947 1499 1151 1560 universitas
1160 1498 1233 1577 ipsa
1243 1500 1340 1562 nobis
1351 1501 1522 1564 humiliter
1531 1504 1743 1581 supplicavit,

947 1595 983 1656 ut
999 1611 1075 1656 cum
1096 1596 1202 1659 libere
1229 1596 1380 1670 debeant,
1400 1601 1512 1676 pravis
1536 1602 1743 1664 cessantibus

947 1693 1179 1755 exactionibus
1204 1695 1238 1756 et
1265 1696 1510 1758 extorsionibus
1531 1698 1743 1776 importunis,

946 1791 1175 1852 ecclesiastica
1203 1793 1413 1854 sacramenta
1441 1794 1596 1867 conferri,
1620 1811 1741 1873 quam-

946 1903 1046 1964 quam
1065 1888 1198 1950 alaicis
1222 1891 1452 1952 conservanda
1475 1892 1520 1952 sit
1541 1895 1745 1956 consuetudo

947 1984 1125 2047 laudabilis
1162 2001 1243 2063 erga
1278 1988 1427 2048 sanctam
1455 1990 1656 2064 Ecclesiam,
1689 1993 1745 2069 pla

947 2081 1124 2150 deuotione
1156 2083 1305 2145 fidelium
1333 2084 1532 2158 introducta,
1571 2089 1746 2164 providere

947 2195 1047 2258 super
1065 2181 1130 2242 hoc
1146 2181 1372 2257 dignaremur.
1390 2182 1533 2260 Ideoque
1553 2184 1750 2268 discretionq

945 2279 1065 2339 veatrae
1089 2293 1150 2356 per
1169 2279 1359 2356 apostolica
1385 2281 1509 2358 scripta
1537 2284 1745 2360 mandamus,

947 2376 1110 2451 quatenus
1120 2375 1258 2448 vocans,
1276 2375 1332 2453 qui
1344 2375 1650 2454 luerintevooandi,
1665 2397 1748 2443 auc-

945 2472 1080 2534 toritate
1109 2474 1223 2534 nostra
1255 2472 1340 2534 illud
1366 2473 1439 2536 deri
1468 2475 1626 2552 Jubeatis,
1659 2479 1746 2556 quod

946 2571 1129 2631 secundum
1143 2572 1247 2632 Deum
1265 2572 1299 2634 et
1319 2573 1546 2635 institutiones
1564 2577 1744 2638 canonicas

946 2667 1097 2730 videritis
1113 2669 1282 2746 expedire.
1299 2670 1392 2742 Quod
1409 2670 1438 2731 si
1452 2685 1519 2732 non
1532 2689 1646 2734 omnes
1657 2675 1745 2736 inte-

946 2779 1041 2826 resse
1059 2764 1245 2842 potueritis,
1262 2783 1348 2828 unus
1367 2771 1526 2841 vestrum,
1543 2774 1607 2832 etc.
1624 2773 1743 2834 Datum

945 2863 1118 2938 Anagniae,
1135 2865 1180 2925 IV
1194 2862 1328 2926 kalend.
1341 2865 1469 2943 aprilis,
1483 2880 1573 2928 anno
1585 2869 1692 2932 sexto.

1284 3167 1401 3256 CLVI

945 3327 1578 3406 Adllboraccnsemarcbtcpiscopom,
1592 3335 1742 3396 Kartco-
1789 3369 1802 3396 s

1037 3427 1167 3487 tensam
1181 3424 1215 3486 et
1228 3426 1446 3488 anaenacm
1461 3431 1647 3506 episcopos.

1226 3553 1457 3614 wmartiiltii.
1524 3577 1526 3584 ·

1084 3677 1215 3744 [Tbeinen
1230 3677 1343 3729 bonum.
1358 3677 1493 3739 Hibernia,
1509 3693 1535 3746 p.
1550 3680 1604 3746 td]

953 3802 990 3860 Ut
1006 3815 1123 3860 causam
1140 3802 1314 3860 matrimonii
1327 3803 1411 3861 Alani
1425 3805 1655 3866 conestabularii
1673 3821 1746 3883 regu

1228 3889 1330 3948 Scotiae
1344 3889 1471 3950 audiant.

983 4015 1154 4078 Honorius
1169 4016 1355 4094 episcopus,
1366 4033 1482 4082 servus
1492 4035 1664 4084 servoruum
1672 4023 1743 4098 bei,

943 4113 1746 4183 uenerabilibusfratribus...Eboracensiarcbie·

944 4212 1094 4288 piscopo,
1123 4211 1192 4274 et..
1231 4212 1443 4274 Karleolensi
1474 4215 1544 4276 et...
1576 4217 1745 4280 oxomensi

944 4309 1124 4386 episcopis,
1146 4308 1287 4371 salutem
1303 4309 1572 4388 etApostolicam
1585 4311 1745 4377 benedic-

944 4407 1078 4467 tionem.

984 4504 1070 4564 Olim
1080 4503 1222 4566 dilectus
1240 4503 1329 4565 tilius
1347 4504 1451 4568 irater
1464 4506 1608 4568 lacobus
1630 4510 1745 4587 capel-

944 4614 1045 4675 lanus
1060 4603 1092 4663 et
1113 4601 1380 4678 poenitentiarius
1396 4604 1519 4676 noster,
1535 4605 1615 4667 tunc
1634 4608 1743 4684 Apos-

942 4699 1157 4761 tolicaesedis
1168 4699 1307 4775 legatus,
1325 4701 1357 4760 et
1367 4699 1513 4777 episcopi
1528 4703 1741 4780 quamplures

945 4797 1040 4873 regni
1055 4795 1173 4858 scotiae
1195 4797 1265 4856 suis
1281 4795 1376 4857 nobis
1391 4795 1511 4859 litteris
1532 4799 1739 4872 intimarunt,

945 4895 1030 4972 quod
1064 4893 1185 4956 nobilia
1214 4895 1266 4955 vir
1290 4894 1415 4955 Alanus
1444 4896 1740 4960 conestabularius

944 4991 1040 5068 regni
1067 4992 1282 5070 ejusdemeo
1307 4991 1413 5068 gradu
1438 4995 1739 5071 consanguinitatis

944 5091 977 5151 et
1000 5088 1170 5150 affinitatis
1183 5103 1252 5172 suae
1268 5089 1425 5152 attineret
1440 5091 1548 5162 uxori,
1565 5093 1651 5168 quod
1666 5094 1738 5156 sine

943 5185 1075 5248 mortali
1099 5187 1235 5263 peccato
1257 5182 1309 5246 illi
1331 5203 1398 5248 non
1423 5189 1536 5262 posset
1556 5189 1738 5252 carnaliter

943 5283 1550 5361 commisceri.Idemquoquelegatus,
1560 5285 1638 5362 quid
1649 5289 1738 5352 esset

943 5382 978 5441 in
993 5381 1183 5459 hujusmodi
1203 5395 1303 5442 causa
1319 5379 1477 5452 tacturus,
1493 5395 1553 5458 per
1577 5398 1654 5444 suas
1674 5399 1736 5447 nos

943 5479 1039 5540 duxit
1058 5479 1187 5541 litteras
1201 5477 1432 5540 consulendos.
1450 5479 1559 5549 Quare
1584 5481 1665 5544 moti
1691 5497 1735 5544 ex

943 5576 996 5636 bis
1006 5575 1132 5652 pariter
1142 5577 1175 5636 et
1184 5575 1320 5646 inducti,
1330 5575 1439 5650 legato
1450 5575 1515 5652 ipsi
1526 5577 1733 5653 scripsimus,

943 5673 980 5733 ut
993 5672 1143 5748 praedicti
1154 5672 1447 5748 reguioonmcatis
1459 5671 1635 5752 episcopie,
1651 5689 1735 5750 quos

1560 5811 1577 5867 ὅ
1696 5872 1699 5888 ι
