4102 6322
299 367 337 428 31
921 355 1098 420 HONORII
1119 355 1165 418 111
1186 355 1334 428 OPERA.

297 523 402 589 tlonls
414 520 610 598 intringere.
625 518 661 581 Si
674 517 749 596 quis
762 517 884 592 autem,
899 517 961 583 eto.
977 517 1096 580 Datum

1911 349 1969 408 32

1151 511 1430 588 committendum,
1445 509 1643 575 auctoritate
1656 509 1717 573 tibi
1732 510 1965 588 praesentium

299 620 467 693 Laterani,
483 619 545 680 XII
564 615 725 678 kalendas
740 615 937 690 decembris,
961 613 1097 694 pontin-
1150 595 1372 688 indulgemus,
1392 625 1436 672 ne
1462 609 1621 688 quamdiu
1653 608 1770 670 eodem
1798 607 1966 684 iungeris

300 720 393 783 catus
408 717 515 780 nostri
529 730 618 778 anno
634 713 739 776 sexto.

618 936 783 1025 XXXIV

360 1096 413 1157 Act
426 1092 581 1154 abbatem
595 1089 630 1152 ct
642 1087 850 1150 corzoentnne
866 1089 1040 1150 Dotenses.

536 1223 580 1279 16
593 1219 756 1279 novembris
772 1219 850 1277 liti.

333 1349 454 1414 [Regnat.
465 1345 511 1397 lih.
522 1345 565 1405 Vl,
574 1345 649 1409 epist.
661 1344 715 1394 1011.
728 1345 785 1394 ltss.
797 1343 833 1394 La
842 1343 918 1393 Porto
926 1341 961 1392 du
972 1339 1068 1406 rosit]

303 1475 442 1534 statutum
453 1472 570 1532 Consilii
579 1471 723 1546 generalis
736 1469 772 1527 de
784 1467 946 1542 provisione
958 1479 1097 1540 congrua,

435 1576 493 1619 non
505 1562 577 1619 tollit
591 1559 785 1634 provisionem
798 1556 963 1631 specialem.

342 1689 521 1762 Honorius,
534 1689 610 1760 eto,
622 1687 753 1750 dilectis
769 1685 848 1747 liliis
860 1683 972 1747 abbati
982 1682 1015 1746 61
1024 1697 1100 1745 oon·

302 1787 418 1852 ventui
433 1785 627 1848 monasterii
642 1785 757 1846 Dolen.

342 1887 423 1946 Cum
444 1884 524 1945 olim
546 1898 646 1961 super
674 1881 852 1959 partitione
878 1878 1098 1958 proventuum

301 1982 531 2053 ecclesiarum,
554 1979 590 2042 in
616 1978 735 2057 quibus
760 1979 908 2041 vestrum
931 1977 1101 2039 monaste-

300 2080 389 2142 rium
406 2081 463 2155 jus
478 2077 605 2140 obtinet
618 2077 824 2154 patronatus,
841 2073 994 2136 iacienda
1011 2074 1100 2135 inter

301 2177 431 2254 priores
451 2175 484 2236 et
503 2173 692 2250 capellanos
713 2174 863 2250 ipsarum
882 2171 1099 2233 Bituricensis

302 2272 474 2344 dioecesis,
499 2272 638 2350 quaestio
664 2286 776 2332 coram
799 2269 909 2332 felicis
930 2269 1099 2330 memoriae

302 2370 495 2432 Innocentio
510 2372 612 2446 Papa,
630 2368 874 2447 praedecessore
892 2368 1005 2430 nostro
1021 2365 1100 2427 iuis-

302 2468 354 2530 set
367 2467 491 2529 diutius
506 2466 643 2542 agitata,
663 2466 796 2528 tandem
816 2466 888 2542 ipse
909 2463 1100 2543 hujusmodi

302 2564 519 2644 quaestionem
546 2563 679 2640 sapiens
705 2561 908 2639 providendo
938 2560 1098 2623 determi-

301 2660 405 2744 navit,
418 2661 504 2738 quod
518 2661 647 2737 priores
664 2659 796 2737 quidem
816 2658 1025 2736 perciperent
1037 2673 1098 2718 ca-

300 2757 438 2838 pellani,
462 2758 549 2820 siout
572 2758 607 2818 in
635 2761 706 2835 ejus
735 2756 855 2819 litteris
879 2755 975 2818 iactis
999 2770 1099 2831 super

281 2855 493 2936 'provisione
524 2855 714 2934 hujusmodi
743 2855 913 2917 evidenter
948 2853 1096 2931 apparet.

302 2955 366 3018 Sed
381 2954 515 3032 qnidam
526 2953 691 3032 capellani
707 2953 923 3015 ecclesiarum
935 2953 1095 3030 ipsarum,

301 3051 476 3113 occasione
491 3052 605 3112 statuti
625 3051 765 3112 Concilii
781 3050 960 3126 generalis,
976 3065 1039 3126 quo
1052 3049 1099 3110 di·

301 3149 399 3220 citur,
430 3147 467 3208 ut
492 3147 638 3224 provisio
672 3161 820 3222 congrua
855 3146 1097 3223 parochialium

300 3243 517 3306 ecclesiarum
537 3242 750 3320 presbyteria,
772 3242 1010 3304 nonobstante
1033 3257 1096 3318 pa-

299 3341 390 3404 troni
400 3339 650 3410 consuetudine,
662 3341 862 3416 assignetur,
873 3339 1097 3416 provisionem

301 3437 462 3509 eamdem,
479 3436 565 3498 sicut
579 3437 741 3510 asseritis,
759 3437 943 3512 infringere
960 3436 1098 3496 moliun-

299 3535 365 3597 tur.
383 3537 489 3608 Quum
507 3549 586 3610 ergo
601 3535 750 3610 generali
770 3534 891 3595 statuto
907 3549 973 3593 non
994 3533 1097 3594 tolla-

299 3635 355 3696 tur
377 3633 524 3710 provisio
544 3631 711 3709 specialis,
728 3645 789 3692 nos
811 3631 851 3691 de
869 3629 1009 3691 consilio
1029 3629 1099 3690 lra-

299 3731 388 3794 trum
422 3733 612 3794 nostrorum
648 3728 871 3806 provisionem
903 3727 1097 3804 jamdictam

300 3828 497 3890 auctoritate
515 3827 706 3905 apostolica
728 3825 934 3897 roborantes,
959 3825 1096 3886 distric-

298 3925 366 3986 tius
380 3924 569 3986 inhibemus
585 3941 626 3985 ne
641 3924 715 4000 quis
734 3922 793 3983 illa
810 3923 985 3984 occasione
1010 3938 1098 3998 prae-

300 4020 389 4084 dicta
408 4021 576 4082 contrarie
592 4023 782 4097 praesumat.
804 4019 896 4080 Nulli
912 4034 1003 4096 ergo,
1021 4021 1095 4088 eto,

299 4120 422 4182 nostrae
443 4117 652 4178 inhibitionis
668 4115 863 4192 intringere.
886 4117 920 4176 Si
941 4116 1015 4193 quis
1036 4131 1098 4176 au-

299 4217 378 4289 tem,
396 4217 458 4277 etc.
480 4213 647 4286 Laterani,
664 4215 708 4275 Vl
729 4213 890 4275 kalendas
912 4212 1096 4275 decembris

300 4329 388 4376 anno
401 4313 507 4374 sexto.

299 4706 351 4766 Ad
364 4707 659 4779 archiepiscopalis
677 4707 882 4764 tiernensem
896 4701 1097 4776 Apostottcae

556 4802 654 4862 Sedts
673 4799 835 4876 lepotnnt.

547 4931 581 4987 tl
594 4929 757 4986 novembris
771 4929 850 4986 lali.

333 5058 454 5124 thagast,
468 5055 515 5106 lib.
527 5055 571 5111 Vl,
582 5053 657 5118 epist.
670 5051 779 5102 311166.
791 5052 827 5102 La
839 5052 913 5102 Porto
923 5051 958 5102 du
969 5050 1065 5116 111611]

299 5182 432 5257 indulget
456 5195 493 5238 ne
517 5180 631 5252 legatus
655 5177 730 5234 trahi
752 5175 842 5248 possit
867 5183 946 5234 extra
972 5189 1095 5248 regnum

344 5273 472 5330 Francia
485 5267 621 5342 quamdiu
636 5266 788 5340 legationis
802 5262 897 5324 6111616
911 5262 1048 5337 iungitur.
1107 5307 1109 5310 .

338 5395 516 5468 HonoriuS,
542 5395 617 5466 eto,
646 5390 829 5455 venerabili
857 5390 952 5452 fratri
977 5389 1094 5450 arohi-

205 5507 211 5524 ‘
299 5497 453 5576 episcopo
467 5495 602 5555 Remen.
616 5490 814 5568 apostolicae
830 5489 924 5550 Sedis
938 5487 1058 5563 legato.

339 5595 382 5656 Ul
405 5590 573 5652 efficacius
593 5587 765 5650 intendere
783 5587 898 5650 valeas
917 5583 1093 5661 legationis

299 5691 419 5758 6111616,
434 5687 519 5767 quod
538 5684 599 5748 tihi
614 5701 674 5763 pro
692 5685 825 5762 negotio
841 5683 918 5747 lidei
938 5681 1093 5746 duximus

1152 709 1262 772 officio
1284 711 1320 770 in
1344 723 1480 771 causam
1508 707 1605 769 extra
1632 719 1773 782 regnum
1797 707 1964 767 Franciae

1152 807 1240 869 trahi
1262 806 1369 884 possis
1392 821 1453 882 per
1471 805 1600 867 litteras
1619 819 1639 864 a
1661 803 1745 864 Sede
1759 803 1965 880 apostolica

1153 904 1333 982 decaetero
1352 901 1589 980 impetrandas.
1610 899 1703 962 Nulli
1723 915 1804 976 ergo
1825 901 1961 962 nostrae

1153 1001 1378 1064 concessionis
1393 999 1588 1076 intringere.
1606 999 1641 1061 Si
1657 998 1731 1077 quis
1745 999 1867 1070 autem,
1881 1000 1959 1060 ete.

1153 1100 1271 1161 Datum
1279 1098 1447 1172 Laterani,
1459 1100 1486 1161 V
1497 1096 1658 1160 kalendas
1666 1096 1849 1158 decembris
1858 1110 1961 1158 anno

1154 1199 1259 1259 sexto.

1470 1429 1633 1518 XXXVI

1153 1590 1352 1654 noeoeane
1366 1591 1598 1666 somttnnpn
1609 1591 1768 1652 Nootmn.
1785 1589 1820 1650 et
1831 1589 1957 1651 Sernota·

1191 1691 1337 1751 Joannts
1351 1690 1388 1749 tn
1406 1691 1520 1750 Vincis
1535 1702 1577 1748 ac
1586 1688 1798 1764 rnoptstrcnn
1809 1689 1850 1748 de
1862 1689 1957 1760 sert-

1194 1787 1486 1857 totc,conontcnm
1494 1785 1812 1848 sonansoonnnn
1822 1785 1953 1855 Vincis,

1192 1885 1486 1947 suessionensem.

1412 2013 1447 2072 29
1462 2011 1595 2071 novemb.
1612 2012 1692 2071 1121.

1176 2136 1298 2204 [lingent.
1310 2135 1357 2190 lib.
1371 2137 1414 2196 Vl,
1426 2136 1502 2202 epist.
1514 2137 1554 2187 bd.
1572 2137 1631 2188 llss.
1645 2136 1682 2188 La
1693 2133 1770 2188 Porto
1781 2134 1817 2186 dn
1831 2135 1928 2199 Thell]

1154 2264 1269 2326 Mandat
1280 2271 1311 2322 ut
1323 2261 1477 2322 informent
1489 2260 1524 2320 de
1537 2261 1675 2320 electione
1690 2263 1719 2319 in
1734 2245 1870 2319 abbatem
1883 2263 1952 2320 Cor·

1188 2353 1313 2412 hoiensis
1330 2359 1489 2410 conventus
1508 2351 1586 2409 etde
1601 2365 1688 2408 causa
1703 2365 1767 2423 qum
1782 2351 1951 2422 111616116-

1188 2453 1292 2515 copum
1303 2440 1527 2500 ambianensem
1543 2455 1580 2498 ex
1595 2454 1652 2498 una
1668 2447 1758 2513 parto,
1773 2446 1802 2497 et
1816 2437 1954 2497 eumdem

1188 2538 1360 2589 conventum
1371 2545 1406 2588 ex
1421 2530 1520 2587 altera.

1193 2657 1370 2730 Honorius,
1388 2657 1464 2729 etc,
1481 2655 1612 2718 dilectis
1626 2655 1706 2717 illiis
1722 2654 1835 2718 Sancti
1850 2654 1953 2731 Eligii

1154 2755 1362 2826 Noviomen.,
1379 2755 1412 2816 et
1428 2755 1541 2816 Sancti
1553 2755 1692 2816 Joannis
1707 2753 1742 2814 in
1755 2753 1871 2814 vineis
1886 2753 1953 2814 ab·

1153 2851 1294 2925 batibus,
1323 2853 1356 2913 61
1380 2852 1539 2928 magistro
1570 2851 1610 2912 de
1634 2851 1766 2913 feritate
1788 2851 1953 2912 canonico

1155 2951 1267 3013 Sancti
1284 2951 1423 3013 loannis
1437 2951 1472 3010 in
1487 2949 1604 3012 Vincis
1620 2948 1834 3010 Suessiones.

1282 3048 1390 3120 Prior,
1405 3049 1438 3109 et
1455 3046 1636 3108 conventus
1658 3043 1854 3107 monasterii
1869 3045 1956 3106 Cor·
2042 3053 2043 3066 ¹

1151 3145 1298 3208 belensis
1313 3145 1513 3213 immediate,
1531 3144 1573 3205 ad
1591 3143 1708 3205 sedem
1723 3142 1953 3220 apostolicam

1152 3243 1348 3320 pertinentis
1378 3242 1447 3302 suis
1471 3241 1567 3302 nohis
1590 3241 1711 3303 litteris
1740 3240 1952 3309 intimarunt,

1153 3337 1238 3416 quod
1259 3353 1373 3400 eorum
1396 3338 1539 3400 ecclesia
1560 3339 1694 3416 pastore
1713 3340 1866 3410 vacante,
1885 3338 1954 3414 ipsi

1153 3440 1326 3513 Hugonem
1353 3436 1501 3514 eiusdem
1527 3437 1722 3499 monasterii
1749 3436 1952 3498 monachum

1152 3535 1273 3602 virum,
1290 3535 1327 3596 ut
1344 3536 1510 3606 asserunt,
1527 3533 1702 3611 providum
1724 3536 1757 3596 et
1773 3534 1951 3595 honestum

1152 3631 1188 3692 in
1203 3647 1299 3694 suum
1312 3630 1463 3693 abbatem
1474 3632 1684 3693 concorditer
1693 3631 1877 3708 elegerunt,
1890 3646 1952 3708 per

1153 3745 1250 3806 quem
1283 3730 1420 3807 sperant
1443 3729 1683 3792 monasterium
1706 3729 1816 3805 ipsum
1843 3729 1949 3804 spiri-

1153 3828 1286 3890 tualiter
1314 3827 1347 3890 et
1375 3827 1602 3904 temporaliter
1631 3828 1767 3890 auctore
1796 3825 1956 3898 Domino,¹

1152 3925 1371 4000 profuturum,
1397 3925 1492 3986 nobis
1520 3923 1693 3987 humiliter
1723 3924 1949 4001 supplicantes

1153 4024 1188 4084 ut
1209 4023 1406 4084 confirmare
1423 4022 1618 4083 electionem
1632 4022 1781 4099 ipsorum
1795 4021 1828 4084 et
1842 4021 1949 4083 electo

1152 4135 1271 4181 munus
1302 4119 1543 4182 benedictionis
1571 4119 1758 4180 faceremus
1788 4119 1946 4196 impendi.

1151 4217 1353 4293 Adjecerunt
1378 4216 1543 4278 etiamad
1570 4217 1735 4279 cautelam
1760 4216 1847 4293 quod
1869 4232 1945 4277 ven.

1151 4314 1255 4376 irater
1281 4314 1394 4375 noster
1418 4312 1651 4376 ambianensis
1679 4314 1866 4392 episcopus,
1887 4329 1947 4389 pro

1151 4409 1293 4489 eoquod
1315 4409 1448 4488 quidam
1463 4424 1577 4472 eorum
1594 4411 1750 4473 monachi
1771 4408 1947 4488 quamdam
2008 4393 2020 4416 ⁹

1101 4587 1102 4590 Ἴ
1151 4509 1394 4586 possessionem
1418 4508 1616 4570 anctoritate
1636 4509 1761 4580 nostra,
1781 4522 1881 4570 causa
1896 4507 1947 4568 rei

1152 4606 1334 4678 servandae,
1361 4604 1584 4683 adjudicatam
1604 4605 1742 4679 eisdem,
1766 4605 1943 4677 intrarunt,

1152 4704 1266 4765 eodem
1279 4704 1434 4781 episcopo
1444 4703 1620 4774 renitente,
1633 4702 1668 4764 in
1681 4719 1738 4764 eos
1749 4703 1944 4766 auctoritate

1151 4802 1285 4879 propria
1295 4800 1649 4862 excommunicationis
1665 4801 1862 4862 sententiam
1873 4815 1945 4876 pro·

1151 4900 1321 4975 mulgavit,
1339 4913 1437 4975 quam
1451 4899 1517 4976 ipsi
1539 4898 1696 4974 tanquam
1719 4913 1786 4960 non
1806 4913 1866 4960 suo
1882 4901 1942 4974 ju-

1151 4996 1222 5058 dice
1237 4996 1490 5074 promulgatam,
1506 5011 1607 5073 qunm
1629 4995 1664 5055 in
1679 4996 1728 5057 eis
1738 4995 1943 5073 jurisdictio-

1151 5109 1226 5155 nem
1253 5093 1399 5170 aliquam
1423 5109 1488 5154 non
1513 5091 1644 5164 haheat,
1661 5093 1788 5154 nullam
1812 5093 1940 5170 penitus

1149 5192 1359 5268 reputanteS,
1389 5205 1600 5267 nequaquam
1637 5205 1710 5251 eam
1755 5191 1939 5252 servarunt.

1150 5291 1258 5360 Quare
1280 5287 1509 5364 supplicarunt
1534 5287 1710 5359 instanter,
1735 5287 1780 5360 ut,
1799 5303 1842 5348 ne
1866 5301 1941 5364 pro·

1149 5387 1222 5463 pter
1241 5385 1314 5458 hoc,
1346 5387 1462 5446 contra
1484 5383 1681 5446 electionem
1701 5385 1769 5445 tam
1800 5399 1938 5445 eoncor-

1149 5485 1236 5547 diter
1263 5484 1478 5554 celebratam,
1509 5482 1714 5544 turbationes
1747 5480 1882 5558 possent
1906 5480 1938 5540 in

1149 5597 1283 5644 enorme
1312 5580 1520 5658 dispendium
1544 5578 1739 5640 monasterii
1766 5577 1935 5649 concitari,

1149 5679 1378 5742 nuntiaremus
1399 5692 1473 5740 eam
1493 5677 1625 5754 penitus
1640 5691 1707 5736 non
1729 5677 1853 5738 tenere.
1877 5677 1937 5735 Pro
