4036 6330
288 338 345 398 all

289 513 361 575 qnae
392 513 412 558 a
440 499 580 560 rationis
609 499 740 562 tramite
773 515 838 560 non
870 501 1080 573 discordant,

289 595 410 656 ellectu
431 597 651 674 prosequente
674 598 850 673 complere.
874 601 918 659 lia
937 600 1080 676 propter,

289 692 401 752 dilecti
427 693 461 752 in
487 693 625 754 Domino
651 693 722 765 tilii,
745 696 866 756 vestris
877 696 978 772 justis
1003 712 1082 772 pre-

290 789 383 849 cibus
407 790 570 861 inclinati,
584 807 742 866 personas
764 796 892 854 vestras
909 794 942 854 et
961 793 1080 862 locum,

289 886 325 946 in
341 902 405 961 quo
421 887 532 947 divino
554 888 634 948 estis
656 887 765 948 cilicio
790 890 983 966 mancipati,
1008 905 1082 950 cum

291 983 442 1044 omnibus
458 984 564 1054 bonis,
577 1001 650 1061 quaa
666 986 969 1062 inpraesentiarum
984 988 1085 1048 ratio·

290 1081 447 1142 nabiliter
475 1082 621 1157 possidet
648 1085 707 1145 aut
739 1084 774 1144 in
807 1083 955 1144 suturam
983 1085 1084 1161 J'ustis

291 1178 410 1250 modis
426 1181 603 1254 praestante
619 1181 770 1251 Domino,
789 1182 910 1257 poterit
931 1182 1082 1258 adipisci,

292 1275 353 1334 sub
371 1275 457 1336 beati
473 1277 561 1338 Petri
578 1281 611 1340 et
625 1280 738 1339 nostra
752 1279 957 1356 proiectione
977 1281 1085 1340 susci-

293 1373 428 1450 pimus:
453 1375 644 1450 specialiter
667 1377 776 1438 autem
798 1377 1026 1452 possessiones
1052 1379 1086 1438 et

292 1471 358 1532 alia
373 1470 459 1532 bona
475 1473 625 1534 ecclesiae
650 1474 762 1535 Sancti
782 1475 975 1544 willehadi,
1000 1475 1086 1538 sicut

292 1585 330 1628 ea
363 1569 473 1630 omnia
498 1571 589 1645 juste
621 1585 661 1630 ac
692 1571 852 1632 canonice
880 1571 1026 1649 possidet
1053 1573 1086 1634 et

292 1667 413 1742 quiete,
429 1667 522 1728 vobis
535 1670 567 1729 et
582 1684 641 1744 per
655 1685 712 1729 sos
729 1669 791 1746 ipsi
804 1669 955 1732 ecclesiae
969 1669 1087 1732 aucto-

227 1751 229 1758 ’
293 1765 392 1826 ritate
409 1764 596 1842 Apostolica
613 1765 847 1827 confirmamus
863 1769 896 1828 et
911 1767 1085 1843 praesentis

293 1863 407 1938 scripti
424 1863 608 1939 patrocinio
624 1864 877 1925 communimus.
897 1865 989 1926 Nulli
1005 1881 1085 1941 ergo

293 1961 427 2022 omnino
443 1961 614 2022 hominum
629 1961 729 2023 liceat
742 1962 827 2023 banc
840 1963 996 2039 paginam
1008 1980 1087 2024 nos-

292 2060 353 2120 trae
377 2059 591 2134 protectionis
620 2062 653 2120 et
675 2060 937 2122 confirmationis
961 2061 1086 2122 inirin-

293 2171 383 2229 gere,
400 2156 451 2216 vel
474 2157 504 2216 ei
529 2172 614 2216 ausu
642 2157 820 2218 temerario
850 2160 1029 2220 contraire.
1052 2160 1087 2220 Si

294 2253 369 2328 quis
399 2253 507 2313 autem
540 2253 603 2314 boc
634 2254 797 2316 attentare
826 2257 1084 2332 praesumpserit,

294 2349 556 2424 indignationem
578 2352 813 2427 omnipotentis
833 2354 892 2414 Dei
917 2355 951 2415 et
972 2353 1088 2416 beato-

295 2462 368 2508 rum
400 2448 489 2508 Petri
513 2449 545 2510 et
573 2449 669 2508 Pauli
698 2450 930 2525 Apostolorum
955 2454 1027 2528 ejus
1052 2467 1087 2512 se

295 2545 425 2606 noverit
447 2546 667 2606 incursurum.
695 2549 812 2608 Datum
837 2549 870 2609 et
891 2552 1001 2610 actum
1023 2552 1089 2610 La-

293 2643 420 2714 terani,
456 2644 551 2704 nouis
581 2645 711 2716 martii,
740 2645 951 2722 pontificatus
981 2649 1087 2710 nostri

294 2756 383 2802 anno
405 2757 504 2802 nono.

632 2883 751 2972 CXIV

354 3037 405 3094 Ad
421 3035 627 3096 abbatissam
642 3037 676 3096 ct
690 3037 895 3102 concentum
909 3039 1028 3100 Fontis

610 3136 775 3196 Ebraudz'.

321 3336 326 3345 .
577 3273 610 3328 lt)
625 3273 717 3328 martii
733 3273 810 3329 1225.

310 3399 430 3464 [liegest.,
446 3399 492 3449 lib.
506 3399 550 3458 lli,
564 3400 638 3464 epist.
656 3400 710 3450 238.
724 3401 781 3452 blss.
793 3401 829 3452 La
839 3403 915 3452 Porta
933 3403 966 3452 du
980 3404 1073 3468 'simili

294 3525 478 3598 Privilegium
490 3527 560 3600 ipsis
575 3541 590 3583 a
605 3526 691 3586 Lucio
703 3528 778 3598 Papa
792 3543 961 3588 concessum
973 3530 1091 3602 etcujus

330 3623 411 3671 tenor
434 3614 481 3671 liic
504 3615 626 3672 insertus
648 3617 815 3675 auctoritate
837 3618 998 3690 Apostolica
1012 3633 1086 3676 con·

329 3704 431 3761 firmat.

334 3823 501 3884 Honorius
513 3823 699 3900 episcopus,
711 3840 1008 3886 servusservorum
1018 3827 1088 3892 Dei,

295 3920 424 3982 dilectis
448 3921 480 3980 in
505 3921 636 3983 Christo
669 3921 850 3984 filiabus...
893 3923 1088 3994 abbatissae,

295 4021 328 4078 et
351 4019 528 4078 conventui
558 4021 671 4081 Fontis
706 4021 862 4094 Ebraudi,
892 4023 1032 4082 salutem
1059 4025 1091 4082 et

296 4115 521 4190 apostoticam
534 4113 810 4180 benedictionem.

336 4213 463 4283 Quanto
488 4212 522 4272 in
546 4216 667 4275 vestrae
690 4213 864 4290 religionis
888 4218 990 4280 odore
1014 4234 1088 4279 am-

295 4310 382 4388 plius
418 4309 635 4383 delectamur,
672 4313 765 4374 tanto
804 4313 961 4375 libentius
997 4316 1090 4376 uobis

296 4409 526 4486 prospicimus,
540 4410 662 4470 vestris
676 4425 899 4486 praecauemus
922 4413 1090 4474 indemni-

294 4507 428 4580 tatibus,
446 4511 478 4569 et
504 4508 686 4585 dispendiis
710 4507 893 4569 obviamus,
921 4512 1000 4570 Cam
1023 4512 1090 4574 ita-

295 4623 359 4682 que
385 4607 419 4666 in
447 4607 557 4667 causis
591 4622 650 4684 pro
679 4607 783 4678 vobis,
815 4607 847 4668 et
882 4611 997 4670 contra
1030 4625 1090 4670 vos

296 4703 541 4777 emergentibus
557 4705 745 4781 originalia,
762 4721 834 4783 quae
857 4705 999 4777 habetis,
1016 4708 1090 4783 pri-

295 4797 416 4874 vilegia
441 4817 499 4860 vos
519 4805 669 4878 oporteat
693 4803 863 4876 exhibere,
881 4820 954 4864 cum
976 4821 1091 4865 eorum

295 4897 510 4973 exemplariis
532 4915 598 4960 uon
621 4901 787 4974 credatur,
806 4901 890 4978 quod
909 4903 1017 4964 minus
1032 4905 1090 4964 tu-

295 4998 365 5058 tum
387 4995 480 5056 vobis
507 4999 706 5072 proponitis,
730 5015 804 5059 cum
831 5015 928 5061 casus
951 5001 1089 5073 fortuiti,

296 5095 352 5171 qui
368 5093 491 5154 diversi
514 5097 590 5155 sunt
610 5096 753 5170 quidem,
768 5099 801 5158 et
813 5099 899 5158 varii
914 5100 1092 5175 praevideri

297 5209 362 5254 non
387 5191 526 5269 possint,
548 5193 745 5269 suppliciter
770 5198 802 5255 et
821 5195 992 5257 humiliter
1012 5214 1091 5274 pos-

295 5290 427 5352 tulastis
446 5306 464 5351 a
489 5288 596 5362 nobis,
614 5292 650 5352 ut
665 5289 849 5352 faceremus
875 5293 992 5355 saltem
1017 5297 1090 5372 pri-

296 5389 469 5462 vilegium,
494 5389 578 5464 quod
605 5388 735 5450 habetis
760 5405 779 5450 a
804 5390 898 5452 bonae
923 5393 1091 5454 memoriae

296 5485 398 5546 Lucio
409 5489 499 5561 Papa
511 5487 757 5562 praedecessore
769 5491 891 5560 nostro,
900 5489 1090 5559 transcribi,

296 5583 527 5645 auctoritatem
544 5586 744 5662 transcripto
766 5585 955 5662 hujusmodi
975 5591 1010 5650 ut
1031 5605 1091 5666 pro

297 5681 487 5758 authentico
510 5682 543 5742 in
567 5683 677 5744 causis
697 5683 799 5761 recipi
821 5683 939 5748 debeat
963 5687 1092 5764 impen-

908 341 1085 404 HONORII
1107 343 1152 403 111
1173 343 1320 408 OPERA.

1878 345 1931 404 812
1992 347 1993 356 ’

1136 501 1254 566 derulo.
1284 505 1352 566 Nos
1383 505 1495 566 autem
1524 503 1645 566 vestris
1681 504 1933 582 supplicationi-

1130 599 1198 660 ·bas
1225 603 1410 668 annuentes
1433 603 1466 662 et
1490 601 1611 663 vestris
1630 601 1782 664 volentes
1806 602 1934 662 indem-

1138 697 1297 758 nitatibus
1313 713 1516 774 praecavere,
1533 699 1712 760 transcribi
1734 698 1876 760 fecimus
1897 699 1933 760 de

1137 795 1237 856 verbo
1259 796 1300 856 ad
1321 795 1457 856 verbum
1477 795 1688 872 privilegium
1709 797 1935 872 supradictum

1139 895 1257 968 atejus
1272 893 1472 968 transcripto
1494 893 1737 964 auctoritatem,
1762 894 1820 970 qui
1840 910 1882 956 eo
1902 895 1933 954 in

1139 990 1377 1052 controversiis
1392 991 1479 1050 sicut
1491 989 1647 1064 originali
1665 1007 1725 1066 pro
1743 990 1934 1052 authentico

1140 1085 1195 1146 nbi
1220 1087 1353 1162 possitis
1378 1086 1418 1146 de
1443 1086 1616 1162 potestatis
1643 1087 1853 1164 plenitudine
1875 1088 1935 1148 im-

1140 1185 1311 1258 pertimur.
1341 1182 1479 1244 Praetati
1508 1185 1619 1247 autem
1650 1183 1822 1261 privilegii
1842 1185 1936 1245 tenor

1140 1281 1190 1340 est
1205 1281 1281 1342 talis
1297 1297 1304 1340 :

1180 1378 1303 1438 Lucius
1323 1378 1511 1454 episcopus,
1527 1393 1642 1442 servus
1667 1394 1842 1442 servorum
1867 1380 1933 1450 Dei,

1140 1475 1270 1536 dilectis
1291 1476 1326 1536 in
1346 1476 1478 1537 Christo
1493 1477 1625 1538 filiabus
1640 1477 1737 1538 Giliae
1760 1477 1934 1538 abbadssa

1141 1573 1333 1634 monasterii
1359 1574 1473 1635 Fontis
1494 1573 1651 1649 lebrandi,
1680 1579 1821 1652 ejusque
1842 1591 1932 1634 soro-

1140 1669 1232 1730 ribus
1245 1671 1313 1732 tam
1329 1669 1549 1748 praesentibus
1572 1687 1670 1749 quam
1691 1671 1825 1743 sutoria,
1838 1688 1936 1748 regn-

1140 1767 1246 1827 larem
1269 1767 1370 1829 vitam
1392 1767 1550 1844 protessis
1571 1770 1607 1828 in
1629 1771 1837 1846 perpetuum.
1861 1773 1936 1829 Pru·

1141 1863 1294 1926 dentibus
1316 1865 1513 1940 virginibus,
1531 1881 1604 1942 quae
1629 1865 1688 1926 sub
1712 1865 1830 1928 babitu
1856 1866 1933 1926 reli·

1141 1963 1251 2036 gionis
1266 1962 1418 2023 accensis
1434 1962 1642 2039 lampadibus
1657 1979 1718 2041 per
1729 1979 1834 2043 opera
1850 1980 1937 2024 sanc·

1141 2060 1246 2121 litatis
1277 2075 1313 2122 se
1342 2062 1532 2140 praeparant
1563 2062 1613 2122 ire
1644 2061 1776 2122 obviam
1804 2077 1933 2138 sponso,

1144 2157 1244 2218 Sedes
1263 2158 1453 2234 Apostolica
1478 2157 1575 2219 debet
1598 2159 1790 2235 praesidium
1813 2159 1934 2235 imper-

1142 2255 1210 2326 tiri,
1230 2271 1270 2316 ne
1285 2255 1370 2317 sorte
1383 2255 1559 2333 cujuslibet
1570 2257 1768 2317 temeritatis
1782 2257 1934 2318 incursus

1143 2353 1201 2412 aut
1213 2367 1270 2412 eas
1284 2367 1303 2412 a
1318 2353 1487 2429 proposito
1498 2355 1642 2423 revocet,
1654 2355 1713 2415 aut
1726 2353 1842 2426 robur,
1855 2352 1935 2430 quod

1143 2456 1242 2530 absit,
1255 2475 1359 2519 sacrm
1373 2459 1547 2534 religionis
1560 2459 1730 2535 infringat.
1744 2463 1933 2536 Eapropter‚

1143 2555 1263 2617 dilecta
1292 2556 1326 2616 in
1353 2557 1492 2618 Domino
1520 2557 1589 2618 filia
1618 2557 1721 2627 Gilia,
1745 2558 1813 2618 tuis
1838 2557 1935 2634 justis

1144 2652 1420 2729 postulationibus
1455 2654 1635 2716 clementer
1670 2655 1870 2727 annuimus,
1906 2658 1936 2713 et

1145 2750 1316 2826 praelatum
1346 2752 1582 2814 monasterinm
1613 2754 1645 2812 S.
1679 2751 1795 2813 Mariae
1826 2753 1934 2813 Fontis

1144 2847 1299 2916 Ebraudi,
1317 2849 1403 2925 quod
1427 2849 1540 2926 artique
1564 2851 1754 2926 specialiter
1771 2849 1833 2910 sub
1852 2847 1934 2910 beati

1145 2945 1234 3006 Petri
1241 2947 1318 3022 jure
1329 2961 1368 3006 ac
1382 2947 1585 3023 protectione
1597 2947 1757 3018 consistit,
1771 2947 1826 3008 cui
1841 2947 1933 3008 etiam

1145 3045 1211 3102 Deo
1246 3045 1380 3104 auctore
1414 3059 1559 3120 praeesse
1594 3045 1813 3120 dignosceris,
1846 3047 1933 3106 ante-

1145 3155 1315 3201 cessorum
1340 3142 1529 3202 nostrorum
1552 3142 1703 3217 vestigiis
1721 3141 1932 3206 inhaerentes,

1144 3238 1205 3299 sab
1224 3238 1311 3300 beati
1327 3240 1418 3300 Petri
1440 3241 1473 3300 et
1493 3239 1607 3300 nostra
1623 3240 1840 3316 protectione,
1862 3242 1931 3308 etc,

1144 3351 1248 3414 usque
1276 3337 1528 3408 communimus
1555 3338 1737 3399 statuentes
1772 3338 1808 3399 nt
1841 3352 1934 3414 quas-

1145 3449 1285 3510 cumque
1306 3435 1549 3511 possessiones,
1573 3435 1654 3503 etc,
1684 3449 1790 3511 usque
1812 3434 1932 3494 illibata

1145 3531 1332 3594 serventur.
1350 3533 1386 3592 In
1402 3531 1522 3608 quibus
1538 3531 1610 3593 baec
1626 3532 1770 3609 propriis
1785 3531 1932 3592 duximus

1146 3630 1362 3708 exprimenda
1375 3629 1547 3690 vocabulis
1564 3651 1571 3688 :

1186 3729 1308 3788 Locum
1324 3728 1430 3804 ipsum
1445 3728 1479 3788 in
1497 3743 1561 3809 quo
1577 3728 1750 3806 praelatum
1766 3731 1930 3792 monaste-

1146 3827 1231 3886 rium
1256 3827 1355 3888 sitnm
1378 3827 1427 3886 est
1451 3841 1526 3886 cum
1550 3825 1702 3887 omuibus
1726 3825 1931 3903 pertinentiis

1146 3925 1226 3984 suis.
1247 3927 1370 3984 Locum
1395 3924 1452 4000 qui
1472 3923 1595 3986 dicitur
1613 3923 1760 3985 Braierae
1782 3941 1857 3984 cum
1873 3939 1931 3984 orn·

1145 4021 1243 4081 nibus
1269 4022 1479 4097 pertinentiis
1506 4021 1587 4092 suis,
1611 4036 1654 4082 ex
1680 4021 1767 4082 dono
1791 4018 1930 4082 Aimirici

1146 4118 1267 4195 prioris
1293 4119 1326 4178 et
1352 4119 1498 4180 omnium
1525 4118 1664 4179 fratrum
1691 4119 1838 4196 ejusdem
1861 4115 1930 4184 loci,

1146 4215 1350 4276 concedente
1370 4215 1433 4278 boc
1446 4218 1610 4277 Tolosano
1628 4217 1796 4293 episcopo.
1817 4219 1931 4278 Locum

1146 4312 1298 4374 Paradisi
1320 4329 1363 4373 ex
1377 4313 1463 4374 dono
1478 4313 1587 4374 Fortis
1606 4313 1646 4374 de
1661 4316 1737 4385 Bac,
1754 4313 1787 4375 et
1802 4311 1930 4374 Amanis

1146 4411 1186 4470 de
1202 4410 1361 4472 Paradiso
1377 4427 1450 4472 cum
1464 4426 1568 4472 uxore
1583 4413 1615 4472 et
1629 4411 1706 4470 tiliis
1720 4409 1803 4484 suis,
1820 4423 1932 4472 conce-

1146 4510 1242 4570 dente
1265 4509 1327 4570 hoc
1349 4509 1535 4571 Raimundo
1557 4509 1746 4585 Agennensi
1771 4509 1929 4586 episcopo.

1147 4609 1268 4668 Locum
1291 4609 1332 4668 de
1354 4607 1512 4668 Fontanis
1528 4623 1571 4668 ex
1585 4607 1670 4668 dono
1687 4607 1816 4668 comitis
1831 4607 1932 4667 Theo-

1146 4705 1246 4778 baldi,
1263 4706 1464 4768 eoncedente
1478 4705 1540 4766 boc
1557 4705 1760 4776 Burcbardo,
1777 4701 1930 4765 Meldensi

1147 4805 1312 4881 episcopo.
1322 4806 1459 4864 Terram
1475 4803 1640 4865 desertam
1652 4819 1750 4881 quam
1762 4801 1847 4863 idem
1860 4805 1932 4863 Bur·

1147 4903 1301 4974 cbardus,
1320 4902 1499 4962 bleldensis
1514 4901 1701 4978 episcopus,
1713 4901 1852 4978 praefato
1867 4913 1931 4960 mo-

1147 5001 1295 5062 nasterio
1309 5016 1352 5061 ex
1366 5000 1453 5060 dono
1474 5016 1513 5060 eo
1528 5001 1643 5062 tenore
1658 4999 1835 5072 concessit,
1849 4999 1883 5058 ut
1895 4995 1930 5055 da

1147 5099 1289 5174 singulis
1311 5098 1501 5158 carrucatis
1527 5097 1700 5158 duodecim
1724 5097 1855 5157 denarii
1877 5107 1929 5172 pro

1147 5213 1248 5257 censu
1260 5196 1421 5256 bleldensi
1436 5195 1587 5256 ecclesiae
1599 5195 1740 5272 singulis
1751 5197 1849 5255 annis
1860 5207 1924 5270 per·

1147 5295 1365 5356 solverentur.
1384 5295 1507 5354 Locum
1526 5293 1566 5353 de
1586 5293 1756 5365 Fontanis,
1772 5293 1828 5370 qui
1840 5293 1886 5353 est
1899 5291 1927 5348 ln

1148 5386 1929 5468 PetragoricensiepiscopatuexdonoBernardi

1148 5491 1261 5552 Sancti
1276 5491 1410 5560 Asterii,
1427 5494 1459 5551 et
1475 5489 1580 5549 Heliae
1596 5489 1756 5559 Guiberti,
1773 5489 1805 5550 et
1820 5487 1929 5550 Bonis-

1147 5587 1243 5653 curti,
1257 5603 1386 5648 necnon
1398 5587 1536 5648 arnaldi
1546 5587 1586 5647 de
1600 5586 1769 5657 Gancelia,
1786 5588 1819 5647 et
1833 5583 1927 5647 Halia

1147 5685 1187 5747 de
1205 5685 1375 5756 blarrolio,
1393 5687 1496 5747 ileliae
1514 5686 1554 5746 de
1575 5685 1784 5757 castellione,
1804 5686 1835 5746 et
1855 5680 1924 5746 alio·
