4168 6344
293 321 335 382 ab
908 317 1085 382 HONORII
1106 317 1152 382 111
1173 319 1321 384 ephan.
1893 319 1933 381 36

293 477 1005 558 quamvlsdeportationissolemnitas,etiam
1013 475 1088 556 poet
1140 475 1311 552 timerent,
1333 475 1442 540 felicis
1465 477 1634 541 memorius
1649 477 1745 554 lingo
1766 474 1932 556 quondam

292 577 549 655 appellationem
571 577 765 654 legitimam,
784 575 885 638 luerit
898 575 1085 648 subsecuta,
1142 591 1256 638 eorum
1271 576 1367 648 abba,
1377 577 1449 654 spie
1463 591 1503 637 ac
1514 577 1604 654 Juste
1618 575 1652 638 in
1668 577 1731 637 hoc
1743 574 1866 636 soeculo
1880 574 1935 636 vi-

294 691 392 752 quam
413 691 472 752 pro
491 674 652 736 electione
666 689 729 736 nec
744 673 886 744 deceret,
903 687 965 734 nec
984 687 1088 750 expe·
1140 689 1234 746 rens,
1262 674 1366 736 multa
1392 673 1535 736 obtinuit
1557 688 1577 735 a
1603 673 1741 736 Domino
1769 672 1932 734 miracula

293 771 381 834 diret
403 771 531 834 haberi.
559 770 652 833 Unde
672 770 712 832 de
735 769 875 832 fratrum
899 769 1086 832 nostrorum
1141 770 1214 833 lieri
1229 771 1415 843 manifesta,
1432 773 1465 833 et
1478 787 1567 833 nunc
1582 771 1692 834 auima
1701 773 1773 848 ejus
1784 769 1819 830 in
1834 786 1935 832 sanc-

294 870 435 932 consilio
449 868 535 946 quod
548 869 670 930 iactum
682 870 732 930 est
744 868 917 930 deThoma
930 867 1087 944 praedicto
1140 869 1249 931 torum
1260 867 1491 946 splendoribus
1502 867 1682 940 habitante,
1693 883 1812 945 corpus
1826 867 1933 944 ipsius

293 967 515 1038 cassavimus,
547 967 706 1044 petitione
740 965 1016 1026 consentientium
1050 965 1087 1024 ln
1143 965 1256 1028 multis
1271 965 1375 1042 fulget
1389 965 1597 1027 mirabilibus
1609 965 1802 1041 gloriosum.
1824 968 1935 1038 Quare

294 1065 531 1127 cancellarium
543 1079 610 1125 non
622 1063 779 1126 admissa.
795 1063 846 1124 Ne
857 1063 961 1138 igitur
974 1061 1086 1122 eccle-
1142 1063 1237 1125 nobis
1261 1063 1491 1140 supplicarunt
1506 1064 1680 1135 instanter,
1697 1065 1733 1124 ut
1747 1079 1822 1124 cum
1836 1061 1934 1123 valde

293 1163 343 1224 sia
361 1162 473 1224 restra
494 1177 554 1238 pro
575 1159 703 1223 deiectu
720 1159 864 1238 pastoris
879 1158 1087 1236 dispendium
1122 1160 1317 1238 ¹deputetur
1341 1161 1514 1237 indignum
1541 1177 1629 1232 eum,
1656 1175 1754 1238 quem
1779 1173 1839 1236 pro
1863 1175 1935 1220 suae

292 1259 449 1338 patiatur,
473 1257 724 1320 universitatem
748 1258 894 1319 vestram
915 1270 1087 1317 monemus
1141 1259 1259 1322 meritc
1294 1259 1479 1322 sanctitatis
1512 1259 1642 1322 constat
1669 1273 1689 1320 a
1721 1257 1861 1319 Domino
1897 1255 1933 1316 in

292 1357 462 1428 attentius,
474 1370 535 1432 per
547 1354 738 1432 spostolus
753 1353 878 1430 scripta
892 1353 1087 1416 mandantes
1145 1355 1336 1433 triumphali
1351 1356 1493 1418 ecclesia
1502 1356 1615 1418 taliter
1629 1355 1799 1427 honorari,
1814 1354 1856 1415 ab
1871 1353 1936 1416 bo-

293 1455 456 1532 quatenus
470 1452 566 1516 robis
581 1457 614 1515 et
627 1451 777 1514 ecclesie
794 1451 835 1514 de
851 1463 994 1528 persona
1008 1449 1086 1512 ido-
1141 1453 1286 1515 minibus
1300 1453 1374 1516 sins
1387 1452 1497 1516 debita
1507 1453 1724 1516 veneratione
1736 1451 1774 1513 ln
1784 1451 1934 1514 Ecclesia

293 1567 368 1623 nea,
396 1567 470 1628 quas
491 1550 582 1612 tanto
611 1549 775 1625 congruat
795 1547 892 1610 oneri
915 1547 949 1609 et
966 1547 1086 1608 honori
1141 1551 1298 1614 militanti
1313 1551 1470 1628 relinqui,
1491 1549 1642 1612 eumdem
1665 1551 1854 1612 sanctorum
1873 1565 1935 1612 ca-

292 1647 496 1726 provideatis
520 1662 581 1724 per
606 1646 802 1708 electionem
831 1643 1027 1707 canonicam
1050 1643 1086 1706 in
1141 1649 1252 1726 talogo
1268 1648 1413 1711 adscribi
1429 1647 1627 1710 laceremus.
1641 1649 1711 1709 Nos
1728 1647 1841 1723 igitur,
1855 1645 1938 1710 ilcet

293 1747 471 1823 pastorem.
497 1745 615 1806 Datum
638 1743 806 1815 Laterani,
837 1740 999 1804 kalendas
1027 1741 1088 1803 dc-
1141 1745 1400 1824 supplicationes
1421 1745 1611 1824 hujusmodi
1632 1743 1852 1808 libentissime
1866 1759 1936 1807 am·

293 1841 447 1917 cambris,
460 1839 671 1920 pontificatus
683 1840 789 1904 nostd
802 1853 890 1902 anno
907 1839 1013 1902 sexto.
1141 1845 1335 1922 plectamur,
1351 1841 1517 1905 uelamen
1531 1843 1565 1904 in
1582 1843 1645 1905 hoc
1660 1842 1785 1922 aliquid
1801 1841 1841 1904 de
1859 1859 1936 1905 con·

1140 1939 1345 2017 tingentibus
1359 1941 1533 2003 videamur
1547 1941 1717 2013 omittere,
1734 1937 1934 2002 fraternita-

1139 2039 1206 2100 tem
1228 2038 1393 2110 vestram,
1422 2037 1463 2100 de
1485 2053 1550 2116 qua
1576 2038 1708 2116 plenam
1732 2039 1768 2100 in
1794 2037 1935 2100 Domino

1140 2135 1294 2198 fiduciam
1308 2133 1505 2208 obtinemus,
1525 2149 1683 2213 rogamus
1704 2137 1737 2198 et
1757 2150 1936 2198 monemus

1140 2235 1265 2297 attente
1287 2249 1347 2310 per
1369 2233 1558 2310 Apostollca
1578 2234 1702 2311 scripta
1716 2233 1812 2296 vobis
1832 2237 1934 2294 mah·

1140 2330 1751 2410 dantesquatenustamdevita,quam
1760 2330 1935 2393 miraculis

1140 2429 1247 2491 sancti
1261 2429 1410 2507 praedicti
1425 2429 1617 2506 plenissime
1632 2429 1849 2506 inquirentes,
1864 2443 1936 2489 res·

1140 2527 1275 2589 cribatis
1293 2525 1389 2588 nobis
1404 2541 1504 2603 super
1518 2525 1571 2587 his
1591 2527 1733 2589 fideliter
1747 2526 1933 2596 veritatem,

1141 2640 1204 2703 qua
1220 2625 1364 2701 cognita,
1387 2625 1605 2701 procedamus
1623 2625 1744 2686 exinde
1761 2623 1859 2700 prout
1880 2637 1937 2684 se-

1141 2723 1283 2784 cundum
1316 2723 1420 2783 Deum
1452 2721 1634 2784 viderimus
1678 2719 1934 2798 procedendum.

1141 2821 1259 2880 Datum
1275 2819 1442 2891 Laterani,
1460 2821 1623 2881 ivnonas
1638 2817 1833 2890 decembris,
1851 2833 1939 2896 pon-

1140 2916 1284 2979 tificatus
1299 2915 1405 2979 nostri
1418 2931 1507 2978 anno
1520 2917 1628 2980 sexto.

607 2215 769 2304 XXXIX

292 2371 344 2432 Ad
352 2371 542 2432 iohannem
550 2369 844 2442 archiepiscomrm
860 2367 1087 2428 Viennensem

359 2467 394 2530 et
414 2468 628 2530 Gutdetmum
650 2467 845 2540 episcopum
866 2463 1025 2526 oration.

539 2594 557 2654 Ι
574 2593 734 2654 decembris
757 2594 837 2654 lttl.

349 2717 428 2786 [buu.
441 2719 526 2778 ilem,
541 2717 581 2768 ed.
594 2719 669 2770 laur.
684 2717 727 2776 111,
740 2717 796 2778 381,
807 2729 833 2767 n.
844 2716 889 2776 em
908 2717 1028 2776 lienem,

488 2799 633 2852 romum
644 2799 744 2857 anecd..
755 2799 777 2861 l,
789 2797 857 2860 882]

291 2915 408 2976 ldandat
430 2922 462 2974 ut
486 2922 545 2972 tam
560 2913 596 2971 de
624 2915 681 2972 vite
702 2927 788 2986 quem
807 2911 844 2970 de
862 2911 1010 2970 miraculis
1024 2913 1084 2970 Hu-

323 3005 408 3079 gonie
422 3003 567 3077 quondam
582 3001 692 3060 abbatis
713 3001 881 3060 monasterii
903 3001 1084 3070 bonavallis,

325 3093 521 3154 cisterciensis
546 3090 657 3158 ,ordinis
689 3090 849 3162 inquirant,
880 3097 909 3148 et
936 3091 1085 3148 veritatem

325 3205 411 3263 quam
424 3188 458 3248 de
468 3188 514 3246 his
527 3188 699 3258 invenerint,
712 3186 904 3245 ddclitarsedi
914 3187 1086 3260 Apostolica

326 3277 492 3338 rescribant.

1504 3237 1571 3326 XL

330 3405 498 3467 Honorius
506 3403 693 3480 episcopus,
705 3415 821 3464 servus
831 3417 1002 3464 servorum
1012 3401 1084 3475 Dei,
1139 3393 1192 3454 Ad
1207 3391 1417 3467 maqtstmrm
1429 3391 1630 3452 Accontmm
1644 3394 1888 3454 subdiaconum
1902 3391 1943 3453 ct·

1173 3495 1397 3566 capellanum,
1414 3490 1725 3564 numennumen
1739 3489 1901 3566 mactum.

1387 3627 1405 3687 3
1423 3627 1582 3686 decembris
1610 3629 1687 3686 latr.

1223 3752 1353 3820 [Theium.
1363 3755 1431 3806 Mon.
1444 3753 1589 3818 bromme,
1599 3759 1620 3806 t.
1634 3753 1654 3813 l,
1666 3767 1693 3818 p.
1703 3751 1744 3813 tl,
1757 3765 1782 3804 o.
1796 3751 1849 3818 ot]

289 3501 538 3566 venerabilibus
549 3498 707 3563 iratribus
723 3499 975 3577 archiepiscopo
988 3499 1087 3561 Vien-

289 3600 397 3672 nensi,
415 3600 448 3662 et
463 3599 618 3676 episcopo
643 3597 963 3676 Gratianopolitano,
989 3596 1084 3658 salu-

289 3701 356 3762 tem
371 3697 404 3760 et
417 3695 633 3775 apostolicam
648 3694 925 3757 benedictionem.

331 3795 393 3870 Qui
401 3809 461 3858 sua
472 3792 735 3856 incommutabili
748 3793 956 3870 providentia
967 3791 1086 3856 cuncta

292 3891 455 3970 disposuit
467 3891 508 3952 ab
519 3889 655 3962 aeterno,
666 3889 745 3951 licet
758 3889 793 3950 in
803 3889 959 3968 operibus
970 3889 1086 3966 primae

293 3989 473 4052 creationis
487 3986 675 4048 mirabilem
691 4003 726 4047 se
742 3986 933 4059 ostenderit,
946 3986 1087 4047 etmira-

186 4140 189 4153 .
292 4087 446 4148 biliorem
471 4083 507 4146 in
535 4081 740 4145 exhibitione
760 4083 996 4161 redemptionis
1017 4083 1085 4143 hu-

293 4200 421 4257 manae,
452 4181 561 4245 adhuc
590 4183 703 4244 tamen
732 4181 979 4243 misericordias
1008 4196 1086 4242 suas

293 4281 473 4344 mirificare
498 4295 565 4340 non
589 4278 755 4352 desinens,
776 4279 880 4340 variis
902 4279 1085 4342 miraculo-

293 4395 367 4442 rum
387 4375 575 4455 insignibus
587 4377 762 4438 ecclesiam
778 4391 872 4437 suam
887 4377 995 4449 ornat,
1010 4375 1086 4437 dum

296 4477 419 4540 electos
433 4479 516 4553 ejus,
540 4489 623 4552 quos
640 4473 676 4535 in
691 4472 841 4536 ecclesiae
856 4471 933 4534 ildei
946 4473 1086 4536 tentate

172 4545 180 4576 ‘
294 4574 429 4636 renatos
442 4567 606 4649 provehit,
616 4570 653 4631 in
667 4571 899 4646 argumentum
914 4569 1085 4642 virtutum,

295 4671 352 4732 dat
366 4669 535 4732 miraculis
548 4683 736 4741 coruscare,
746 4669 780 4730 ut
791 4668 840 4728 sic
852 4667 960 4745 magis
972 4667 1005 4729 et
1016 4683 1089 4728 ma-

296 4769 348 4846 gis
371 4767 453 4828 tides
477 4766 511 4827 in
535 4763 665 4827 Christo
680 4763 885 4827 credentium
900 4764 1085 4839 roboretur,

297 4881 372 4944 spes
387 4863 539 4942 proficiat
549 4863 583 4924 et
597 4863 720 4924 cantas
735 4862 946 4936 accendatur,
962 4863 998 4925 ut
1013 4879 1089 4925 con·

296 4962 477 5024 fundantur
490 4961 524 5022 et
539 4960 757 5022 revereantur
774 4959 930 5022 Ecclesiae
945 4960 1086 5034 inimici,

297 5060 466 5140 quivitam
481 5059 554 5135 ejus
571 5057 738 5119 insaniam
754 5057 966 5131 aestimantes,
981 5057 1088 5120 eidem

1141 3873 1237 3930 Monet
1248 3871 1418 3944 magistrum
1430 3869 1612 3938 Accontium,
1627 3875 1766 3927 utcontra
1784 3867 1943 3927 hereticos

1228 3961 1257 4018 in
1270 3959 1374 4018 Borma
1386 3965 1415 4017 et
1427 3971 1517 4032 regno
1530 3958 1686 4031 Hungaria
1699 3957 1846 4030 procedat.

1181 4085 1349 4148 Honorius
1362 4085 1548 4162 episcopus,
1559 4083 1765 4156 etc.,dilecto
1780 4083 1849 4146 iilic
1864 4099 1939 4145 ma-

1141 4185 1245 4262 gistro
1276 4183 1435 4246 Accontio
1465 4181 1669 4244 subdiacono
1696 4183 1729 4244 et
1763 4181 1937 4260 capellano

1142 4283 1271 4353 nostro,
1305 4279 1504 4357 Apostolicae
1532 4277 1626 4340 Sedis
1667 4279 1799 4356 legato,
1838 4279 1936 4340 salu-

1140 4379 1297 4451 temeto.

1181 4478 1272 4538 Inter
1293 4475 1378 4537 alias
1406 4474 1647 4536 sollicitudines
1677 4473 1872 4535 innumeras
1905 4473 1940 4535 et

1142 4575 1332 4646 immensas,
1350 4570 1469 4651 quibus
1480 4573 1639 4661 angimur
1648 4571 1735 4632 ultra
1746 4571 1846 4643 vires,
1863 4570 1937 4632 haec

1142 4672 1211 4734 iere
1233 4671 1405 4748 potissime
1422 4685 1652 4747 perurgemur,
1670 4668 1940 4730 utderineaDo·

1142 4769 1224 4831 mini
1240 4767 1396 4839 Sabaoth,
1418 4770 1512 4845 cujus
1535 4766 1630 4827 nobis
1658 4766 1736 4828 licet
1757 4765 1936 4827 immeritis

1143 4883 1223 4930 cura
1245 4869 1279 4929 et
1299 4865 1449 4927 custodia
1469 4865 1521 4927 est
1542 4863 1730 4936 commissa,
1747 4862 1936 4937 haereticos,

1143 4961 1497 5044 qui,velutvu1pecule
1508 4961 1595 5023 inter
1605 4959 1936 5034 sarmentalatentes,

1143 5061 1325 5125 moliuntur
1356 5059 1505 5123 eamdem
1527 5059 1757 5136 multipliciter
1771 5057 1937 5133 demoliri,

296 5157 471 5224 detrahere
512 5153 741 5233 multipliciter
771 5155 964 5216 moliuntur.
1001 5157 1088 5218 Sane
1143 5160 1274 5238 penitus
1289 5158 1513 5236 prodigemus,
1528 5157 1737 5220 discutiendo
1759 5157 1859 5218 etiam
1880 5156 1938 5218 la-

296 5257 479 5336 gaudemus
498 5252 534 5314 ln
557 5253 708 5326 Domino,
731 5253 765 5314 et
783 5253 818 5314 in
838 5255 911 5331 ejus
934 5253 1088 5315 laudibus
1142 5256 1246 5320 tibula
1259 5259 1513 5328 sarmentorum,
1539 5255 1616 5316 dum
1637 5255 1869 5318 haereticorum
1883 5269 1945 5316 re-

296 5353 492 5433 gloriamur,
507 5351 605 5429 quod,
625 5351 711 5413 sicut
731 5350 844 5413 dilecti
859 5350 920 5412 iilil
936 5351 1037 5413 abbas
1057 5353 1090 5414 et
1143 5355 1328 5432 ceptatoree
1363 5354 1396 5415 et
1431 5351 1580 5415 lautores
1614 5369 1682 5414 non
1719 5351 1939 5429 relinquimus

296 5451 478 5516 conventus
492 5447 691 5510 Boneevallis
712 5447 941 5511 cisterciensis
961 5449 1088 5512 ordinis
1143 5451 1334 5529 impunitos.
1350 5453 1430 5512 dum
1446 5449 1568 5528 itaque,
1586 5450 1673 5513 sicut
1686 5449 1885 5521 audivimus,
1902 5449 1939 5510 in

297 5550 367 5611 suis
380 5546 476 5610 nobis
491 5546 618 5608 nuntiis
633 5547 666 5609 et
680 5547 813 5618 litteris,
835 5545 993 5608 adhibitis
1006 5563 1090 5624 quo-
1143 5549 1291 5628 partibus
1332 5549 1463 5610 Bosniae
1496 5549 1664 5626 tamquam
1699 5547 1735 5608 in
1774 5545 1939 5608 cubilibus

297 5662 361 5726 que
378 5645 557 5708 multorum
571 5645 785 5722 praelatorum
803 5643 1018 5718 testimoniis,
1034 5645 1089 5707 in·
1145 5647 1377 5720 struthionum,
1390 5645 1551 5717 haeretici,
1566 5645 1658 5707 velut
1679 5645 1789 5705 lamiae
1805 5642 1938 5705 nudatis
