4002 6326
106 399 155 460 393
691 393 918 458 EPISTOLAE.
942 391 1020 452 LIB.
1043 391 1113 452 vn.
1660 387 1720 451 394

105 554 193 617 sentis
203 553 313 630 scripti
324 553 508 630 patrocinio
520 552 772 616 communimus.
782 553 872 614 Nulli
929 551 1039 611 minus
1052 547 1209 611 Borbonii
1222 547 1437 610 Biturlcensis
1452 545 1604 609 dlueoesls
1620 563 1720 624 super

103 667 170 727 ergo
180 651 307 711 omnino
321 650 491 712 bominum
504 651 604 712 liceat
616 651 702 712 hanc
718 651 874 728 paginam
929 647 1126 726 quibusdam
1153 645 1283 718 castris,
1311 645 1586 722 possessionibus,
1616 645 1718 718 villis,

103 751 210 810 nostras
242 747 501 808 confirmationis
538 748 732 824 intringere,
758 747 811 808 vel
842 747 873 808 ei
928 747 961 807 et
974 745 1073 806 rebus
1089 745 1166 805 aliis
1185 744 1225 804 ad
1242 759 1315 804 eam
1337 745 1467 804 ratione
1482 743 1568 803 dotis
1583 759 1642 803 seu
1658 743 1721 803 do-

102 861 175 907 ausu
199 845 372 906 temerario
397 846 574 906 contraire.
603 845 638 906 Si
664 845 738 922 quis
764 847 873 906 autem
928 841 1075 903 nationis
1091 839 1722 919 propternuptiassecundumconsue-

102 941 594 1018 hoeattentarepraesumpserit,
611 943 871 1018 indignationem
927 937 1074 1000 tudinem
1120 943 1218 1000 terrae
1268 937 1493 1014 spectantibus
1539 935 1720 1014 injuriatur

103 1037 317 1115 omnipotentis
331 1039 390 1100 Dei
403 1041 435 1100 et
447 1039 618 1101 beatorum
634 1040 722 1100 Petri
736 1038 873 1101 etPauli
929 1035 1047 1096 eidem.
1061 1035 1203 1112 Ideoque
1214 1033 1406 1096 discretioni
1417 1035 1535 1096 vestrae
1547 1037 1722 1111 parapos-

102 1135 307 1212 apostolorum
332 1139 403 1213 ejus
432 1153 468 1198 se
492 1137 622 1198 noverit
645 1137 870 1197 incursurum.
927 1133 1028 1194 tolioa
1044 1133 1168 1210 scripta
1180 1129 1374 1194 mandamus
1389 1134 1561 1210 quatenus,
1573 1132 1722 1207 partibus

101 1233 205 1292 Datum
218 1232 351 1308 Signiae,
360 1235 435 1295 XIV
449 1233 609 1294 kalendas
629 1232 772 1310 augusti,
789 1249 873 1310 pon-

102 1327 228 1390 tificatus
243 1330 348 1390 nostri
364 1345 451 1392 anno
469 1331 619 1408 septimo.

391 1651 565 1740 CLXVII

98 1803 141 1861 Ad
154 1799 355 1872 potestatem
377 1801 411 1862 et
428 1815 608 1864 comnume
627 1803 870 1863 Massilienses.

366 1931 401 1989 ao
417 1931 480 2004 jum
501 1931 580 1988 ram.

94 2051 223 2116 immota,
235 2052 368 2118 antiquita
377 2053 408 2104 de
420 2053 514 2118 l'eglise
526 2054 557 2104 de
569 2053 728 2113 demutilat.
739 2053 771 2113 11,
781 2067 807 2118 p.
819 2051 872 2118 δὲ]

96 2177 125 2234 Ut
143 2193 190 2249 per
217 2191 370 2236 censuram
395 2178 621 2236 eeclesiasticam
649 2177 873 2252 quadringentas

123 2279 227 2324 marcus
240 2265 378 2324 valentiae
390 2267 564 2326 monasterio
577 2269 605 2326 S.
620 2267 742 2328 Vlctoris
755 2265 873 2324 reddere

122 2361 263 2427 cogantur.

127 2479 299 2555 Honorius,
323 2482 399 2553 etc..
421 2479 551 2544 dilectis
573 2480 651 2543 liliis
671 2480 825 2559 potestati
841 2483 873 2544 et

97 2579 249 2638 communi
261 2579 477 2651 Massiliensi,
490 2581 552 2640 etc.

129 2673 266 2736 Dilectus
280 2675 369 2736 lilius
384 2675 486 2737 abbas
503 2677 615 2738 Sancti
630 2677 774 2739 Victoris
788 2679 873 2739 Mas·

96 2769 228 2832 siliensis
246 2773 402 2849 exposuit
416 2789 527 2835 coram
542 2773 637 2835 nobis
653 2776 750 2852 quod,
772 2791 871 2853 quum

95 2881 146 2928 vos
165 2883 336 2930 commune
356 2870 520 2947 quondam
544 2871 584 2932 de
605 2871 772 2933 thesauris
795 2888 871 2933 mo-

93 2965 218 3026 nasterii
228 2965 489 3044 quadringentas
500 2984 629 3030 marcas
642 2969 804 3030 valentiae
817 2985 873 3030 re-

95 3062 246 3138 ceperitis,
282 3079 366 3141 quae
397 3065 582 3127 venerabili
621 3065 717 3128 lratri
745 3067 869 3135 nostro,

94 3159 255 3222 Portuensi
280 3162 448 3240 episcopo,
473 3163 673 3240 apostolicae
700 3164 796 3226 Sedis
817 3163 870 3224 le·

93 3258 169 3330 gato,
183 3273 242 3334 pro
255 3259 422 3331 cautione,
437 3261 512 3332 etc„
528 3275 591 3321 nec
606 3259 730 3322 curatis
745 3275 802 3322 eas
817 3275 873 3322 re-

94 3351 248 3430 colligere,
269 3357 333 3416 etc.
357 3357 614 3418 Universitatem
631 3359 776 3419 vestram
795 3373 872 3419 mo-

93 3463 196 3512 nemus
211 3453 347 3525 attente,
362 3468 423 3530 per
435 3453 625 3530 Apostollca
641 3454 766 3531 scripta
781 3469 872 3515 man·

92 3544 207 3622 dantes,
228 3550 405 3627 quatenus,
428 3551 492 3612 etc.
514 3549 671 3628 Alioquin
688 3551 872 3613 venerabili

91 3640 176 3706 tratri
189 3648 307 3708 nostro
317 3647 471 3725 episeopo
484 3648 518 3710 et
529 3647 650 3710 dilecto
663 3648 732 3710 tilio
747 3664 873 3727 praepo-

60 3766 65 3774 ·
91 3738 145 3801 sito
163 3743 397 3820 Forejuliensi,
419 3745 542 3807 nostris
563 3745 680 3806 damus
695 3746 816 3808 litteris
835 3747 870 3807 in

90 3839 251 3911 mandatis,
265 3842 304 3902 ut
315 3857 374 3903 vos
389 3841 430 3902 ad
447 3842 479 3902 id
494 3857 553 3919 per
567 3857 742 3904 censuram
758 3845 870 3905 eccle-

91 3933 256 4012 siasticam,
289 3938 376 4001 sicut
403 3941 528 4017 iustum
555 3941 617 4012 est,
648 3940 871 4017 appellatione

90 4035 214 4108 remota,
224 4035 437 4113 compellant.
449 4037 568 4097 Datum
579 4037 715 4114 Signiae,
727 4040 804 4098 Xlll
814 4038 872 4100 ka·

91 4124 194 4192 landas
223 4131 370 4210 augusti,
407 4131 620 4211 pontificatus
648 4133 755 4198 nostri
782 4151 870 4197 anno

91 4227 227 4304 septimo.

374 4487 570 4576 CLXVIII

90 4635 133 4694 Ad
144 4639 330 4715 maptstros
345 4641 536 4701 (luidonem
549 4640 583 4701 et
595 4641 800 4700 Daruudum
815 4653 872 4700 ar·

122 4737 329 4798 cbtdtaconos
348 4737 383 4796 et
401 4739 462 4798 Ar.
482 4739 656 4810 aspamam
669 4739 870 4798 sustentatum

122 4831 404 4896 lemovicensem.

389 4945 555 5005 lata-1223.

90 5061 190 5126 [Belum.
203 5068 269 5120 llist.
283 5068 378 5132 geneal.
394 5068 425 5118 de
437 5069 463 5120 la
477 5069 576 5120 maismr
589 5069 756 5134 d'Auvergne,
771 5069 803 5133 ll,
817 5069 869 5136 83.]

91 5187 121 5244 Ut
130 5201 240 5250 oausam
255 5193 329 5250 inter
343 5193 374 5251 C.
391 5193 566 5251 contrusam
581 5193 727 5251 Arvernlre
738 5202 765 5251 et
777 5193 868 5252 domi·

120 5279 211 5338 uiuum
230 5281 402 5339 borbonium
423 5281 596 5354 pendentem
618 5281 735 5342 audiant
753 5291 781 5340 et
795 5281 870 5356 quod

119 5369 280 5428 oenomaum
293 5368 376 5428 luerit
391 5376 526 5428 statuant.

124 5501 243 5566 Dilecta
258 5504 292 5566 in
315 5504 446 5566 Christo
462 5503 532 5565 illia
551 5503 674 5566 nobilis
697 5505 817 5566 mulier
834 5507 867 5566 G.

93 5599 248 5663 comitissa
263 5602 433 5665 Arvernia
446 5601 558 5675 vidua,
570 5602 766 5664 transmissa
776 5603 870 5665 nobis

93 5695 249 5770 petitione,
264 5701 461 5764 monstravit
480 5699 565 5778 quod
592 5699 713 5762 nobilis
737 5701 789 5763 vir
810 5701 871 5762 do·

927 1229 1131 1302 convocatis,
1146 1231 1289 1292 audiatis
1304 1245 1440 1291 causam
1453 1231 1486 1291 et
1498 1215 1721 1307 appellatione

928 1329 1053 1388 remota
1075 1327 1141 1388 tine
1163 1328 1323 1388 canonico
1346 1328 1542 1400 terminetis,
1560 1326 1721 1388 iacientes

928 1425 1013 1502 quod
1032 1425 1246 1487 decreveritis
1265 1441 1325 1501 per
1344 1441 1519 1486 censuram
1538 1425 1720 1486 ecclesias-

927 1521 1027 1583 ticam
1045 1521 1187 1583 llrmiter
1204 1521 1386 1583 observari.
1406 1523 1519 1584 Testes
1540 1522 1649 1583 autem
1665 1521 1722 1598 qui

928 1618 1051 1681 luerint
1065 1619 1238 1693 nominati,
1260 1621 1289 1681 si
1309 1636 1344 1681 se
1359 1619 1479 1696 gratia,
1496 1620 1584 1692 odio,
1600 1619 1653 1682 vel
1672 1619 1720 1681 ti-

928 1731 1020 1778 more
1051 1717 1277 1780 subtraxerint
1280 1761 1341 1788 .....
1368 1717 1470 1777 simili
1497 1717 1721 1793 appellatione

927 1816 1054 1875 remota
1069 1815 1198 1890 cogatis
1212 1815 1346 1877 veritati
1360 1815 1587 1876 testimonium
1601 1815 1718 1890 perbi-

927 1911 1015 1973 bere.
1044 1912 1185 1984 Quodsi
1211 1928 1276 1973 non
1306 1928 1431 1984 omnes,
1457 1911 1520 1973 etc.
1549 1912 1717 1985 Daturn...,

927 2009 1142 2086 pontificatus
1156 2009 1262 2071 nostri
1276 2025 1364 2072 anno
1377 2009 1528 2087 septimo.

1246 2339 1400 2426 CLXIX

1060 2491 1111 2552 Ad
1125 2491 1323 2566 episcopum
1338 2493 1591 2553 Cortucuaram.

1225 2620 1261 2678 20
1269 2619 1332 2694 iulii
1346 2621 1426 2680 liii.

944 2740 1063 2805 [aaran.
1073 2741 1118 2793 liu.
1130 2743 1184 2802 vll,
1196 2741 1271 2808 epist.
1284 2743 1339 2794 aar.
1352 2744 1411 2794 uss.
1426 2745 1462 2796 tu
1475 2745 1553 2796 rorte
1564 2744 1598 2794 ou
1611 2745 1709 2810 auoit}

972 2865 1005 2923 lli
1020 2864 1259 2938 gubernationem
1271 2867 1437 2924 monasterii
1452 2868 1545 2941 sylvae
1557 2867 1676 2941 Maioris

1244 2955 1405 3014 committit.

967 3077 1146 3151 Honorius,
1170 3080 1245 3149 etc..
1266 3079 1449 3142 venerabili
1471 3080 1605 3142 lratri...
1627 3081 1721 3158 epis-

928 3189 1010 3252 copo
1025 3177 1266 3249 Convenarum,
1284 3177 1424 3240 salutem
1445 3180 1477 3241 et
1492 3177 1721 3256 apostolicam

926 3270 1200 3334 benedictionem.

966 3368 1174 3452 Venerabilis
1210 3369 1315 3434 frater
1344 3372 1509 3434 nostem...
1545 3373 1721 3452 episcopus

927 3467 1097 3541 portuen,
1124 3469 1324 3545 spostolicae
1354 3469 1448 3531 Sedis
1479 3471 1619 3546 legatus
1650 3473 1721 3533 suis

926 3563 1021 3624 nobis
1043 3563 1163 3626 litteris
1185 3565 1362 3638 intimavit,
1387 3567 1474 3643 quod
1496 3583 1596 3644 quum
1612 3585 1720 3644 nuper

926 3661 1128 3723 monasterio
1142 3661 1250 3739 sylvae
1266 3661 1403 3740 Majoris
1414 3663 1543 3726 abbatis
1554 3665 1719 3740 regimine

926 3758 1118 3821 destituto...
1135 3759 1228 3836 prior
1240 3759 1272 3822 et
1285 3763 1466 3823 conventus
1479 3761 1627 3838 eJusdem
1642 3779 1722 3824 mo·

926 3855 1065 3917 nasterii
1082 3870 1149 3917 non
1162 3858 1299 3933 possent
1317 3857 1352 3918 in
1369 3873 1546 3934 personam
1565 3859 1719 3922 idoneam

926 3952 1139 4024 concordare,
1165 3953 1299 4016 tandem
1321 3956 1397 4032 post
1418 3956 1578 4018 tractatus
1602 3957 1720 4020 multi-

925 4049 1028 4127 plices
1055 4049 1260 4112 unanimiter
1294 4051 1531 4124 convenerunt,
1560 4053 1596 4115 ut
1630 4053 1719 4115 idem

924 4145 1162 4208 monasterium
1177 4149 1243 4210 tuae
1259 4149 1519 4210 committeretur
1533 4150 1717 4226 providen-

924 4242 981 4306 tiae
1003 4241 1266 4320 gubernandum,
1292 4245 1520 4309 consentiente
1544 4247 1717 4323 gratanter

924 4340 960 4402 in
985 4339 1049 4402 hoc
1073 4339 1258 4405 venerabili
1284 4343 1387 4405 fratre
1416 4345 1568 4406 nostro...
1596 4345 1718 4406 Burdi-

924 4439 1033 4514 gelen.
1048 4439 1309 4518 archiepiscopo,
1331 4439 1397 4502 loci
1416 4441 1617 4514 dioecesano,
1632 4441 1719 4504 sicut

926 4536 1164 4612 expetentibus
1173 4537 1293 4597 litteris
1303 4539 1376 4614 ejus
1386 4537 1556 4600 evidenter
1566 4541 1715 4616 apparet,

925 4632 1045 4709 quibus
1066 4648 1167 4710 super
1184 4631 1248 4694 hoc
1269 4648 1330 4695 nos
1350 4635 1545 4711 suppliciter
1563 4637 1717 4700 exoravit

926 4731 1003 4807 quia
1023 4732 1144 4806 sperat,
1165 4731 1203 4792 ut
1227 4731 1359 4803 asserit,
1383 4731 1470 4810 quod
1490 4749 1565 4794 cum
1586 4733 1634 4795 ibi
1657 4750 1718 4813 per

924 4826 1062 4902 triginta
1079 4843 1197 4899 annos,
1221 4829 1253 4889 et
1274 4829 1416 4905 amplius
1438 4830 1542 4892 fueris
1565 4831 1719 4894 laudabi-

925 4925 1002 4987 liter
1014 4927 1243 4998 conversatus,
1256 4927 1339 4987 velis
1352 4929 1385 4989 et
1396 4929 1510 4991 valeas
1523 4929 1630 5007 ipsum
1643 4931 1721 4992 lau·

926 5019 1080 5081 debiliter
1088 5019 1286 5096 gubernare.
1297 5022 1386 5084 idem
1398 5039 1526 5100 quoque
1537 5025 1666 5102 legatus
1676 5025 1729 5088 ad,

925 5117 1117 5179 instantiam
1132 5118 1200 5180 tam
1219 5119 1327 5196 ipsius
1346 5119 1599 5198 archiepiscopi,
1620 5139 1718 5200 quam

925 5213 1047 5291 prioris
1057 5216 1090 5276 et
1100 5217 1292 5288 conventus,
1306 5219 1465 5294 quantum
1478 5216 1513 5276 in
1523 5233 1563 5278 eo
1576 5219 1648 5280 erat
1660 5235 1717 5280 as-

925 5310 1083 5384 sentiens,
1098 5311 1194 5373 nobis
1209 5313 1408 5390 supplicavit
1421 5313 1595 5387 instanter,
1607 5317 1644 5377 ut
1654 5333 1717 5378 ne·

925 5409 1073 5470 cessitati
1098 5409 1179 5471 dicti
1202 5409 1398 5472 monasterii
1434 5409 1543 5471 debito
1578 5428 1718 5491 compa-

924 5506 1046 5567 tientes
1070 5505 1202 5579 atlectu,
1222 5506 1496 5583 gubernationem
1518 5507 1623 5586 ipsius
1645 5527 1718 5574 mo-
1808 5513 1813 5518 '

925 5602 1064 5663 nasterii
1085 5601 1145 5664 tibi
1170 5603 1375 5666 committere
1396 5603 1622 5680 dignaremur.
1648 5607 1717 5668 Nos

924 5700 1038 5777 itaque
1053 5699 1093 5760 de
1111 5699 1184 5772 lide,
1208 5714 1246 5764 ae
1263 5701 1437 5765 honestate
1456 5701 1511 5764 tua
1529 5701 1565 5764 in
1580 5701 1718 5766 Domino
