4018 6320
58 361 107 424 tlt
166 422 174 464 N

58 517 275 582 tandemsed
303 531 381 594 pars
409 515 535 588 eadem,
559 530 625 577 non
648 517 838 593 exspectato

57 631 217 692 responso,
234 614 393 691 quasdam
417 614 459 674 ad
483 613 616 674 eosdem
634 612 765 691 judices
781 613 841 676 ob-

57 713 147 774 tinuit
159 712 289 774 litteras
303 711 523 782 continentes,
545 711 580 772 ut
595 710 672 787 quia
684 711 721 771 in
734 725 839 794 regnp

58 809 175 885 anglia
192 808 271 871 tunc
291 809 363 872 erat
380 807 536 878 turbatio,
554 807 658 868 donec
670 807 717 868 ibi
732 805 841 868 reior-

59 909 137 968 mata
151 921 216 983 pax
232 907 332 973 esset,
350 905 483 981 negotio
500 904 717 981 supersedere
741 903 842 964 debe-

59 1007 133 1075 rent,
154 1005 190 1066 ut
213 1002 404 1080 hujusmodi
428 1002 567 1078 quaestio
586 1001 764 1062 concordia
786 999 841 1062 vel

56 1100 172 1177 jndicio
187 1100 364 1177 sopiretur.
375 1101 456 1160 tium
466 1099 576 1160 autem
589 1097 740 1174 praedicti
751 1097 842 1174 prior

62 1197 226 1269 etiratres,
236 1199 335 1274 juxta
346 1197 523 1258 secundam
538 1195 678 1256 formam
695 1193 842 1256 mandati

59 1295 154 1357 velint
176 1294 333 1371 prosequi
359 1307 494 1354 causam
520 1293 644 1368 ipsam,
674 1291 840 1368 questam

60 1391 182 1466 longam
226 1391 417 1452 dilationem
453 1389 602 1452 noscitur
636 1388 841 1464 suscepisse,

662 317 992 421 sessionnem.
1018 361 1072 420 m.

1217 528 1359 617 XLVII

894 677 946 736 Ad
973 677 1127 738 abbatem
1155 677 1188 739 et
1214 679 1418 740 conventren
1441 683 1475 742 8.
1501 683 1620 742 Pontii
1643 685 1684 744 de

1067 778 1256 836 Tnomeniis
1267 778 1513 838 Narbonensis

1156 905 1189 962 lb
1203 904 1332 963 decemb.
1346 905 1425 963 liti.

942 1026 1062 1090 litamen,
1072 1026 1168 1086 libili,
1181 1041 1221 1091 ep.
1235 1027 1288 1076 lla.
1304 985 1360 1078 tici.
1370 1029 1406 1078 La
1417 1029 1491 1078 Porta
1505 1027 1539 1080 dn
1553 1029 1646 1095 rhein]

897 1149 1009 1208 inhibet
1021 1166 1057 1207 ne
1072 1151 1190 1209 decimae
1205 1151 1239 1208 ad
1256 1153 1334 1224 ipsos
1352 1155 1536 1225 pertinentes,
1550 1156 1600 1212 sed
1616 1173 1687 1229 quas
1800 1133 1803 1138 ¹

932 1239 997 1295 iaici
1015 1239 1129 1311 qnldam
1150 1248 1217 1297 tunc
1233 1241 1397 1298 detinebant
1412 1243 1447 1300 ad
1462 1245 1533 1300 alias
1549 1259 1634 1316 quant
1652 1245 1688 1302 ad

933 1327 1058 1400 Ipsorum
1069 1329 1204 1386 ecclesias
1216 1337 1312 1401 postea
1329 1329 1525 1388 devolvantur.

60 1488 221 1549 humiliter
236 1488 466 1564 supplicarunt
479 1486 516 1548 ut
532 1486 714 1549 transmitti
730 1485 771 1546 ad
783 1501 843 1546 nos
938 1463 1120 1534 30ss⁰siusv
1146 1465 1220 1535 eij
1241 1464 1369 1526 dilectis
1389 1465 1504 1526 filiis-u
1529 1466 1641 1528 abbati
1657 1470 1691 1530 θῖ

61 1584 245 1660 praedpcmm
280 1584 448 1660 negotium
478 1583 724 1644 mandaremus,
751 1584 843 1653 Quo,
899 1560 1075 1620 conventui
1090 1560 1201 1622 Sancti
1211 1561 1320 1622 Pontii
1335 1561 1375 1622 de
1386 1562 1582 1636 Thomeriis,
1598 1566 1688 1624 Nar-

61 1681 141 1742 Μ
176 1681 372 1742 discretioni
404 1681 524 1742 vestrm
561 1695 620 1756 per
653 1679 845 1756 Apostolica
898 1655 1054 1718 bonensis
1079 1658 1243 1730 dioecesis,
1266 1659 1406 1722 salutem
1424 1661 1690 1736 etApostolicam

63 1778 177 1854 scripta
193 1777 400 1844 mandamus,
417 1778 580 1854 quatenus
593 1777 623 1838 si
637 1792 708 1838 rem
726 1776 846 1838 consti·
898 1753 1175 1816 benedissfifflffiffl·

61 1873 132 1935 pel-p
145 1875 190 1936 iga
208 1891 294 1946 esse,
310 1874 483 1952 utramque
499 1875 625 1951 pamm
641 1873 681 1935 ad
699 1874 844 1934 nostram
939 1850 1690 1929 Eolibentiuspetitionibusvestrisannuimus,

62 1971 193 2032 citantes
209 1972 421 2048 praesentiam
439 1971 696 2048 peremptorium
711 1971 760 2032 eis
777 1973 847 2032 ter-
901 1963 964 2024 (1¹1⁰
988 1964 1047 2009 VOS
1073 1963 1112 2009 ³⁰
1135 1949 1373 2011 monasterium
1392 1957 1540 2012 vestrum
1560 1951 1694 2027 accepi·

62 2066 178 2128 minum
194 2085 290 2146 quem
304 2068 462 2145 expedire
478 2067 844 2144 ,iderffls'maeflgafiffi
902 2059 974 2104 mus
998 2045 1038 2106 ad
1061 2047 1155 2106 Rom.
1182 2046 1365 2108 Ecclesiam
1384 2047 1563 2124 specialius
1590 2049 1695 2124 perti·
1805 2050 1811 2064 ‘

62 2181 122 2240 quo
136 2181 208 2226 cum
223 2166 409 2227 rationibus
425 2182 484 2243 pe,
495 2182 531 2226 se
546 2167 598 2228 ,01
615 2168 846 2243 procuratores
901 2156 992 2203 nere.
1006 2143 1086 2202 Cum
1098 2157 1178 2218 ergo
1194 2143 1280 2205 sicut
1290 2159 1333 2204 ex
1343 2146 1453 2206 vestra
1468 2145 1695 2206 insinuatione

61 2261 190 2323 idoneos
206 2265 421 2340 compareant
439 2279 551 2324 comm
574 2262 681 2334 nobis,
705 2276 846 2324 concor„
902 2237 1077 2300 didicimus
1102 2239 1262 2316 quasdam
1286 2240 1437 2302 habeatis
1459 2241 1631 2309 ecclesias,
1660 2242 1695 2302 in

62 2357 144 2419 asam
158 2361 210 2421 ver
224 2360 387 2437 juniorum
403 2360 597 2435 receptura.
621 2359 712 2431 ouon
733 2360 762 2420 sa
781 2374 844 2419 non
902 2350 1041 2413 quarum
1055 2337 1224 2412 parcentis
1239 2338 1375 2400 aeosmae
1390 2353 1409 2399 a
1426 2338 1522 2399 laicis
1541 2354 1600 2415 rer
1619 2338 1696 2400 vto-

64 2469 180 2528 0mngs‚
203 2459 265 2519 etc,
282 2458 400 2518 Datum
422 2456 588 2526 Laterani,
604 2458 709 2518 xpm
724 2455 847 2518 kalen.
902 2433 1039 2496 lentiam
1050 2433 1249 2506 detinentur,
1262 2435 1525 2512 quaequidemad
1538 2435 1699 2498 ecclesias

64 2557 116 2616 das
124 2555 288 2633 januarii,
305 2569 394 2616 anno
409 2568 508 2615 nono.
546 2563 547 2570 ’

392 2830 515 2918 XLVI

218 2983 270 3043 Ad
284 2983 479 3056 episcopam
491 2984 688 3042 Pallenaeos.

315 3111 348 3168 ib
363 3109 491 3168 decemb.
510 3109 588 3168 tait.

88 3235 203 3298 [Regest.,
215 3233 262 3285 lib.
272 3233 315 3292 IX,
331 3232 406 3297 epist.
419 3232 473 3282 lot.
484 3233 540 3282 tiss.
552 3233 587 3282 La
597 3232 673 3282 Porto
684 3231 717 3282 du
728 3231 823 3296 rasit]

66 3359 136 3417 Facit
162 3359 189 3416 ei
214 3363 384 3430 potestatem
414 3356 568 3429 specialem
598 3355 717 3413 clericos
749 3369 851 3413 omnes

144 3446 278 3504 dioecesis
295 3461 355 3502 suae
369 3446 575 3502 insolescentes
588 3443 761 3518 corrigendi.

100 3573 276 3644 Honorius,
298 3574 372 3644 etc,
399 3567 582 3631 venerabili
605 3569 737 3632 fratri...
762 3571 853 3647 epis-

67 3685 142 3745 eopo
156 3667 318 3740 Tullensi,
331 3668 471 3729 salutem
482 3667 514 3728 et
523 3665 745 3743 ApostoIIcam
758 3667 853 3727 bene

67 3765 251 3827 dictionem.
865 3765 870 3782 '

102 3865 149 3923 Ex
163 3863 221 3924 tua
238 3861 463 3922 insinuatione
475 3859 651 3944 didicimus
669 3859 755 3938 quod
769 3876 854 3921 non-

67 3960 144 4020 nulli
159 3959 348 4030 saeculares,
366 3959 398 4020 et
408 3959 580 4034 regulares
592 3957 706 4020 clerici
721 3975 760 4019 ac
774 3958 853 4020 laici

68 4057 248 4119 dioecesano
262 4057 322 4117 tihi
333 4057 408 4132 Jure
422 4056 573 4132 subjecti,
589 4055 667 4118 iacti
678 4071 721 4116 es
733 4056 854 4132 praela-

67 4157 169 4215 torum
197 4169 332 4216 suorum
359 4153 563 4229 negligentia
596 4153 779 4214 insolentes
812 4154 852 4214 ad

68 4267 217 4313 excessus
232 4251 310 4312 sunt
329 4249 455 4321 faciles
480 4252 512 4311 et
534 4265 573 4311 eo
594 4251 703 4310 minus
716 4265 854 4326 peccare

69 4347 241 4410 formidant
260 4363 324 4425 quo
348 4349 510 4423 majorem
526 4363 567 4406 ex
578 4347 773 4423 impunitate
789 4363 853 4407 au-

69 4444 191 4507 daciam
208 4445 471 4521 assumpserunt.
490 4445 582 4505 Licet
597 4446 707 4505 autern
723 4460 765 4506 ex
781 4443 855 4505 olil-

70 4543 116 4603 cio
140 4544 198 4604 tuo
230 4543 272 4603 ad
308 4541 547 4602 correctionem
580 4541 759 4618 procedere
794 4557 855 4602 va-

70 4638 133 4700 leas
159 4639 404 4718 praedictorum,
426 4653 469 4698 ex
490 4653 528 4698 eo
545 4639 656 4698 tamen
683 4637 760 4714 quia
781 4638 855 4714 plus

70 4735 173 4796 timeri
209 4735 311 4806 solet,
349 4735 434 4812 quod
455 4735 646 4810 specialiter
667 4733 853 4811 pollicetur,

71 4849 163 4908 quam
196 4833 282 4909 quod
316 4832 423 4893 edicto
460 4831 668 4892 concludItur
693 4831 854 4908 generali,

71 4927 211 4991 latorem
227 4945 329 5005 super
343 4929 405 4989 hoc
421 4929 645 5005 Apostolicum
659 4929 854 5005 implorasti.

72 5029 226 5098 Quocirca
239 5025 442 5088 fraternitati
466 5029 531 5086 tuae
546 5026 758 5101 praesentium
775 5042 856 5087 auc-

72 5125 199 5188 toritate
216 5123 423 5195 mandamns,
442 5125 604 5199 quatenus
627 5121 858 5184 nonobstante

73 5220 223 5284 indebitae
239 5220 487 5292 contractibnis,
497 5220 551 5281 vei
566 5220 695 5281 frivolae
710 5221 859 5298 appella-

73 5317 168 5378 tionis
196 5319 338 5396 objectu,
362 5318 452 5379 circa
474 5318 713 5379 correctionem
740 5317 858 5377 subdi·

72 5415 174 5476 turum
196 5417 329 5478 tuorum
360 5414 462 5476 cilicii
483 5416 532 5476 tui
551 5413 697 5475 debitum
718 5414 860 5476 sollicite

73 5514 104 5572 et
120 5513 300 5575 eiiicaoiter
320 5513 527 5589 exsequaris.
551 5512 669 5573 Datum
690 5513 857 5584 Laterani,

74 5609 158 5671 XVlI
172 5610 332 5674 kalendas
343 5610 504 5688 januarii,
522 5624 608 5670 anno
622 5625 720 5671 nono.

903 2530 992 2608 ipsas
1007 2531 1174 2607 pertinere
1187 2532 1381 2594 noscuntur.
1402 2533 1471 2594 Nos
1484 2533 1605 2594 vestris
1618 2549 1699 2609 sup-

903 2627 1138 2704 pilcationibus
1160 2628 1313 2690 inclinati
1328 2629 1527 2691 anctoritate
1549 2645 1700 2708 praesen-

902 2724 986 2786 tium
1009 2723 1209 2796 inhibemus,
1227 2740 1268 2786 ne
1283 2725 1421 2786 decimae
1443 2726 1525 2802 ipsae
1546 2742 1620 2786 cum
1640 2741 1698 2786 eas

904 2820 1004 2882 iidem
1028 2819 1106 2882 laici
1135 2820 1323 2883 dimiserint
1348 2821 1389 2884 ad
1420 2821 1505 2883 alias
1529 2837 1627 2898 quam
1656 2821 1698 2883 ad

904 2916 1036 2977 easdem
1061 2915 1220 2978 ecclesias
1243 2917 1472 2980 devolvantur.
1489 2919 1583 2980 Nulli
1606 2934 1697 2994 ergo,

779 3073 783 3080 ,
905 3012 979 3082 etc„
993 3013 1081 3073 hanc
1091 3014 1246 3090 paginam
1258 3017 1380 3076 nostrae
1394 3015 1615 3080 inhibitionis.
1632 3017 1696 3076 eto.

906 3110 1026 3188 Siquis
1041 3112 1163 3180 autem,
1186 3112 1249 3173 etc.
1271 3112 1390 3173 Datum
1403 3113 1572 3185 Laterani,
1593 3113 1699 3173 XVlli
1750 3146 1767 3172 0

906 3207 1066 3269 kalendas
1072 3208 1234 3285 januarii,
1250 3223 1339 3270 anno
1354 3224 1453 3272 nouo.

1220 3467 1386 3562 XLVIII

1025 3627 1077 3686 Ad
1100 3625 1307 3686 conventam
1329 3628 1580 3687 cassinensem.

1169 3753 1203 3812 18
1220 3753 1442 3812 decembrem.

1014 3874 1138 3940 [Gattula,
1159 3875 1222 3927 ilist.
1239 3875 1347 3926 abbatiae
1359 3877 1467 3935 cassin,
1483 3876 1514 3935 il,
1525 3877 1592 3943 ltu]

908 4003 942 4060 Ei
965 4002 1066 4075 viginti
1092 4003 1192 4060 uncias
1216 4002 1277 4059 auri
1296 4001 1333 4059 de
1353 4003 1511 4062 castellone
1528 4011 1556 4062 et
1576 4006 1701 4078 quinque

943 4091 1014 4148 alies
1028 4089 1064 4147 de
1078 4090 1200 4148 ecclesia
1220 4090 1256 4148 de
1269 4091 1387 4166 Cinglis,
1405 4107 1469 4164 qua
1483 4107 1499 4150 a
1513 4095 1596 4152 Petro
1608 4110 1698 4168 quon-

943 4176 1009 4235 dam
1026 4178 1128 4235 abbate
1142 4177 1260 4237 fratrum
1277 4179 1376 4238 usibus
1389 4179 1530 4254 deputare
1541 4191 1617 4252 sunt,
1630 4199 1698 4242 cou-

944 4267 1046 4325 llrmat.

949 4394 1619 4472 Honoriusepiscopus,servassemorum
1628 4400 1698 4471 Dei,

909 4491 1038 4552 dilectis
1049 4491 1127 4551 liliis
1142 4492 1319 4554 conventui
1335 4493 1542 4567 cassinensi,
1559 4495 1700 4556 salutem

909 4591 943 4650 et
953 4588 1177 4664 Apostolicam
1190 4589 1465 4650 benedicitonem.

950 4685 1030 4745 (ium
1061 4685 1300 4746 monasterium
1329 4686 1538 4758 cassinense,
1572 4687 1607 4748 in
1637 4706 1701 4767 quo

910 4781 1032 4843 divinis
1052 4781 1131 4842 astla
1150 4781 1317 4858 obsequiis
1341 4782 1454 4854 dediti,
1469 4785 1626 4867 specialis
1641 4803 1702 4849 ca-

911 4879 1019 4940 ritatis
1047 4877 1194 4940 brachiis
1220 4880 1473 4956 amplectamur,
1504 4883 1537 4944 et
1559 4883 1600 4943 ad
1629 4887 1701 4963 ejus

912 4975 1117 5036 commodum
1133 4975 1273 5036 velimus
1293 4992 1424 5053 semper
1445 4979 1603 5040 attentius
1618 4981 1705 5043 sicut

911 5073 1078 5144 debemus,
1094 5072 1277 5144 intendero,
1291 5073 1330 5134 de
1346 5073 1451 5149 ipsine
1464 5074 1558 5136 vobis
1572 5077 1702 5152 prosec-

912 5170 1000 5232 tibus
1025 5185 1092 5230 non
1117 5168 1284 5232 immerito
1317 5172 1577 5248 congaudemus,
1603 5177 1635 5236 et
1661 5175 1702 5236 ad

913 5266 1176 5329 conservandum
1194 5266 1281 5344 quod
1305 5269 1356 5329 est
1379 5284 1437 5344 pro
1450 5271 1522 5346 ejus
1542 5269 1627 5333 bono
1647 5289 1705 5335 ra-

913 5362 1067 5426 tionabili
1093 5363 1360 5426 consideratione
1388 5367 1557 5439 statutum,
1578 5369 1705 5433 sollici-

913 5463 982 5522 tam
1003 5459 1156 5523 volumus
1184 5475 1319 5536 operam
1352 5459 1520 5523 adhibere.
1551 5465 1629 5527 inde
1655 5472 1706 5532 est

915 5558 1039 5634 utique,
1057 5557 1143 5634 quod
1162 5557 1190 5617 si
1213 5557 1344 5634 quando
1369 5558 1545 5635 postulatis
1568 5577 1588 5622 a
1610 5565 1706 5627 nobis
1827 5641 1831 5646 ¹

915 5671 988 5732 qaae
1021 5655 1062 5719 ad
1092 5655 1297 5718 commodum
1330 5656 1560 5720 universitatis
1587 5666 1706 5726 vestrae
