4002 6326
80 383 127 446 col
657 377 883 441 EPISTOLAE.
907 380 985 441 LIB.
1009 381 1094 444 v111.
1637 378 1697 442 402

79 540 190 604 dilectis
201 536 276 600 lillis
288 535 651 616 Novadenslcapltulo,
663 538 847 602 salutemet
901 539 1057 605 videlicet
1076 539 1141 620 ipsi
1166 540 1318 604 canonici
1333 536 1407 604 cote
1427 535 1481 602 vel
1500 549 1583 618 capa
1596 537 1694 614 nigra

76 637 276 716 apostolicam
291 635 565 698 benedictionem.
899 638 933 699 et
953 637 1069 700 clausa
1096 639 1235 701 utantur
1254 639 1290 700 in
1305 637 1475 700 matutinis
1490 637 1524 698 et
1535 636 1646 698 missis
1661 634 1695 699 et

108 733 187 794 luter
196 733 315 794 statuta
326 749 398 810 quae
406 732 610 794 venerabilis
621 733 723 794 irater
733 732 846 796 noster
899 733 1045 797 suiflciat
1063 736 1221 798 denarius
1235 750 1393 797 numerus
1408 733 1617 796 sacerdotnm
1632 748 1694 793 ar-

75 831 312 896 blediolanensis
345 829 615 907 archiepiscopus
646 831 845 892 auctoritate
900 830 1148 909 cbipresbytero
1176 833 1374 910 computato,
1409 831 1540 894 caeteris
1571 831 1607 890 in
1630 829 1694 890 boc

75 932 171 992 nostm
181 930 214 990 in
228 927 369 991 ecclesia
379 927 489 990 vestra
511 927 599 999 iecit,
616 927 688 988 baec
701 928 845 990 vidimus
900 929 1147 1005 comprehensis
1162 931 1307 1007 capitulo
1319 929 1560 990 inviolabiliter
1575 925 1694 988 obser-

75 1026 218 1090 contineri
234 1026 270 1087 ut
287 1025 442 1088 uidelicet
469 1025 575 1101 ipsius
595 1025 746 1087 canonici
772 1027 845 1087 cota
898 1026 1027 1086 randis.
1045 1027 1136 1099 Quod
1163 1027 1192 1088 si
1213 1028 1327 1088 forsan
1353 1026 1474 1104 aliquis
1498 1041 1612 1088 eorum
1636 1021 1693 1100 qui

74 1140 186 1202 semper
194 1124 229 1185 in
242 1123 414 1186 matutinis
424 1123 560 1184 utantur
574 1123 607 1185 et
619 1124 742 1196 missis,
761 1124 793 1185 et
809 1122 846 1184 ut
899 1122 1023 1186 fuerint
1045 1125 1081 1184 in
1104 1124 1320 1187 interioribus
1335 1123 1506 1186 ordinibus
1524 1119 1693 1183 constituti

74 1219 846 1298 septemsacerdotes,totidemquediaconiarchi·
899 1222 1069 1296 promotus
1089 1221 1190 1283 luerit
1212 1221 1254 1282 ed
1278 1223 1412 1284 ordines
1425 1220 1632 1298 supradictos
1646 1219 1694 1280 ita

73 1317 245 1394 presbytero
254 1318 287 1378 et
298 1316 534 1378 archidiacono
547 1317 743 1395 computatis
754 1318 847 1378 ordi·
900 1317 985 1395 quod
1008 1333 1068 1396 per
1091 1317 1154 1380 hoc
1174 1323 1335 1394 augeatur
1358 1318 1626 1396 presbyterorum
1640 1313 1694 1376 vel

72 1414 176 1475 nentur
185 1413 274 1484 inea,
285 1428 346 1474 nec
356 1413 519 1476 sacerdoti
530 1429 604 1474 cum
617 1413 781 1475 eislocum
791 1430 847 1476 va·
900 1415 1114 1477 diaconorum
1129 1431 1288 1478 numerus
1298 1416 1514 1494 praetaxatus,
1531 1416 1604 1491 ejus
1618 1413 1693 1474 loco

72 1525 136 1572 care
149 1511 330 1587 contigerit,
346 1510 563 1572 substituatur
575 1512 661 1573 alius
675 1528 773 1590 quam
790 1527 847 1574 sa·
899 1511 1050 1584 vacante,
1072 1510 1176 1572 libere
1198 1512 1303 1588 possit
1319 1511 1351 1572 ei
1369 1510 1522 1572 substitui
1543 1509 1631 1569 alius
1654 1508 1692 1568 in

72 1607 172 1668 cerdos
181 1608 319 1670 veltalis
328 1607 384 1685 qui
393 1608 458 1670 cito
471 1609 506 1668 in
518 1610 722 1671 sacerdotem
733 1610 846 1671 valeat
899 1607 1086 1671 minoribus
1100 1608 1273 1670 ordinibus
1296 1607 1511 1682 constitutum
1528 1601 1694 1682 permitti·

69 1705 249 1782 promoreri,
270 1705 335 1767 boc
356 1705 428 1782 ipso
450 1705 540 1768 circa
558 1706 715 1768 diaconos
731 1706 846 1768 obser·
899 1721 972 1766 mus
985 1707 1086 1767 etiam
1098 1708 1135 1768 ut
1147 1706 1233 1768 ostia
1248 1707 1283 1766 in
1305 1721 1365 1766 suo
1382 1703 1470 1765 statu
1484 1701 1690 1771 remaneant,

70 1801 162 1862 raudo
175 1802 314 1879 adject0,
332 1805 369 1866 ut
382 1802 494 1864 nullus
509 1804 745 1864 canonicorum
757 1804 845 1866 inira
900 1802 1075 1864 dummodo
1099 1803 1256 1865 statutum
1278 1803 1319 1864 de
1340 1817 1406 1863 non
1424 1799 1597 1862 vendendo
1613 1797 1694 1858 vino

69 1897 165 1976 portas
185 1899 345 1960 canonice
370 1901 549 1976 praesumat
569 1899 682 1963 vinum
702 1901 845 1964 vendere
898 1900 1139 1963 inviolabiliter
1160 1901 1364 1962 observetur.
1392 1897 1534 1975 Ideoque
1556 1895 1693 1956 univer-

70 1993 103 2055 ad
122 1995 289 2064 minutum,
306 1996 339 2057 et
354 1997 439 2073 quod
456 1997 541 2059 ostia
557 2013 630 2074 qnae
646 1999 845 2075 respondent
900 1998 990 2060 sitati
1004 1999 1124 2060 uestrae
1139 2014 1199 2076 per
1212 1997 1400 2076 Apostolica
1415 1995 1539 2070 scripta
1553 1991 1693 2054 tirmiter

69 2090 98 2150 in
109 2092 195 2152 curia
210 2091 436 2154 obstruantur.
447 2093 604 2155 volentes
612 2095 715 2172 igitur
729 2097 765 2157 ut
778 2096 845 2157 alia
899 2095 1124 2174 praecipiendo
1138 2095 1346 2166 mandamus,
1363 2093 1526 2171 quatenus
1546 2090 1619 2166 baec
1633 2087 1691 2148 in-

68 2189 175 2249 statuta
200 2205 274 2268 quaa
300 2189 544 2268 inspexerimus
566 2193 599 2253 et
625 2193 845 2270 approbamus
899 2193 1102 2255 violabiliter
1115 2191 1311 2254 observetis.
1335 2193 1454 2251 Datum
1466 2187 1600 2264 Signiae,
1616 2185 1693 2246 Vlll

69 2285 847 2367 inconcussampbnneantfirmitatem,quaeprae-
901 2290 1063 2351 kalendas
1084 2290 1229 2367 augusti,
1253 2287 1463 2370 pontificatus
1478 2283 1584 2350 nostri
1603 2295 1692 2346 anno

69 2383 166 2446 notata
194 2383 272 2446 sunt
301 2382 350 2446 sic
376 2383 531 2448 duximus
554 2386 780 2464 temperanda,
810 2390 846 2450 ut
900 2387 1052 2464 septimo.

533 3006 781 3132 LIBER
838 2895 1209 3134 OCTAVUS

437 3599 458 3687 Ι
897 3586 1003 3650 electo
1024 3585 1163 3664 pallium
1189 3585 1414 3664 assignatum,
1436 3582 1606 3648 devotioni
1624 3583 1690 3646 tum

80 3752 123 3810 Ad
148 3751 359 3830 magristrum
379 3749 580 3812 arcontium
610 3751 823 3824 capellanum
897 3685 1158 3761 perApostolica
1174 3685 1298 3796 scripta
1308 3682 1515 3754 mandamus,
1528 3682 1691 3792 cusanus

583 3792 591 3819 ’
897 3781 1099 3854 mandatums
1128 3781 1215 3859 iuod
1240 3781 1301 3844 tibi
1325 3797 1426 3856 super
1452 3781 1515 3841 boc
1538 3779 1689 3846 fecimus,

307 3852 347 3909 A·
367 3849 402 3909 ⁸·
422 3847 584 3923 ‘effatum‘
897 3878 1023 3956 absque
1037 3893 1139 3941 morae
1154 3878 1326 3955 dispendio
1342 3877 1548 3954 exsequaris.
1571 3874 1691 3936 Datum

340 3977 375 4035 27
391 3975 454 4051 julii
472 3975 550 4034 lilii.
898 3975 1034 4051 Signiae,
1063 3977 1105 4037 vl
1120 3974 1281 4036 kalendas
1309 3975 1453 4051 augusti,
1479 3971 1690 4052 pontificatus

231 4101 326 4166 [repar.
338 4099 400 4150 coa.
418 4097 537 4165 ueram,
553 4097 574 4162 1,
590 4095 658 4164 uc]
897 4071 1004 4135 nostri
1018 4073 1251 4136 annoocuvo.

64 4211 214 4274 amentium
228 4217 359 4290 legatum
374 4229 458 4272 suum
471 4213 606 4272 Gunzellc
622 4211 792 4286 spalatensi,
814 4212 843 4270 in

134 4305 256 4378 gratiam
270 4309 396 4377 recepto,
412 4301 529 4375 pallium
544 4301 656 4360 tradere
670 4301 760 4376 jubet.

96 4430 258 4494 Honorius
268 4429 454 4507 episcopus,
465 4443 582 4490 servus
593 4427 841 4502 servorumllei,
1274 4364 1315 4452 Π

65 4521 167 4588 dilecto
177 4525 518 4602 onoctmagistros„
530 4523 704 4602 capellano
716 4525 842 4599 nostro,
977 4517 1031 4578 Ad
1048 4517 1342 4592 awhwvlsswvllm
1358 4511 1607 4588 spanensem.

65 4622 245 4698 apostolicae
261 4624 355 4686 Sedis
369 4623 491 4698 legate,
506 4621 844 4699 salutemetdposto-
931 4711 932 4714 Ἴ
1195 4644 1300 4717 ppjupp
1314 4643 1392 4702 1223,
1525 4659 1530 4670 ·

66 4715 148 4782 licam
160 4720 439 4784 benedictionem.
1058 4767 1150 4834 proper,
1171 4765 1233 4820 cop,
1251 4765 1367 4832 diplom,
1381 4767 1401 4824 1,
1418 4779 1444 4832 p.
1457 4765 1526 4830 aio]

97 4818 218 4891 Perti„
242 4817 471 4895 Spalatensem
496 4815 651 4888 electum,
680 4813 759 4876 olim
780 4813 840 4876 tibi

65 4913 172 4991 scripta
186 4916 300 4978 nostra
312 4913 508 4984 direximus,
523 4913 560 4974 ut
571 4913 614 4984 05,
630 4927 726 4990 quem
740 4912 841 4972 resp.
895 4890 1061 4950 Gunzellum
1078 4893 1113 4950 A.
1129 4892 1296 4966 episcopum
1317 4891 1525 4964 spalatensem,
1542 4903 1579 4948 ne
1595 4887 1690 4948 abbati

66 5005 121 5070 tuta
133 5012 192 5074 sibi
203 5013 313 5088 gratia
328 5012 453 5082 nostre,
470 5009 660 5070 remisimus
673 5007 714 5070 ad
732 5009 841 5070 eccle-
984 4980 1129 5054 Stephfflffl
1145 4981 1291 5039 m⁰¹e⁸¹i⁸⁵
1306 4979 1439 5050 s⁸⁰¹³⁸⁸⁸⁸2
1455 4979 1599 5038 mmmm·

66 5102 135 5166 siam
150 5109 387 5185 Spalatensem,
403 5106 541 5182 pallium
556 5121 617 5182 per
629 5107 669 5165 V.
684 5104 838 5165 duduma
933 5107 1114 5179 Honorius,
1126 5107 1188 5168 etc.

65 5201 145 5264 nobis
156 5205 399 5274 transmissum,
412 5203 509 5280 juxta
521 5202 661 5264 formam
676 5202 836 5274 traderes,
933 5205 1027 5268 Sicut
1048 5220 1107 5281 per
1121 5204 1219 5276 alias,
1234 5203 1280 5265 ita
1297 5219 1357 5280 per
1369 5202 1550 5282 praesentes
1560 5200 1689 5261 litteras

65 5298 113 5360 sub
138 5300 226 5364 bulla
257 5303 373 5364 nostra
405 5300 576 5371 directam,
611 5299 838 5376 juramentum
892 5302 959 5363 tuae
970 5301 1173 5364 fraternitati
1186 5301 1392 5373 mandamus,
1409 5301 1571 5377 quatenus
1586 5295 1690 5358 abba-

65 5393 214 5462 fidelitatis
226 5399 268 5460 ab
281 5400 354 5477 ipso
367 5397 548 5462 secundum
560 5397 718 5470 formam,
740 5413 838 5474 quam
891 5397 958 5460 tem
974 5397 1168 5459 monasterii
1193 5399 1225 5457 S.
1245 5395 1459 5473 stephanide
1484 5393 1629 5469 Spatale,
1646 5408 1689 5455 ex

65 5491 114 5553 sub
126 5495 212 5558 bulla
227 5498 341 5559 nostra
356 5495 606 5565 destinavimus,
631 5496 836 5572 recepturus.
892 5511 943 5567 eo,
955 5494 1041 5572 quod
1056 5495 1090 5556 te
1104 5494 1190 5572 apud
1207 5493 1324 5556 sedem
1334 5491 1557 5569 apostolicam
1568 5491 1688 5552 consti-

65 5589 154 5658 Quum
166 5596 274 5656 autem
287 5594 460 5666 hactenus,
472 5591 559 5654 sicut
573 5592 707 5664 dicitur,
719 5593 753 5652 in
765 5607 838 5669 par·
890 5593 973 5665 tute,
1004 5607 1063 5669 per
1082 5591 1264 5668 capitulum
1286 5592 1379 5653 tuum
1402 5589 1687 5650 confirmationem

65 5685 137 5750 libus
163 5693 279 5768 agente
305 5693 454 5762 remella,
484 5690 630 5752 nondum
656 5689 764 5752 eidem
795 5690 837 5752 sit
893 5689 1064 5753 electionis
1080 5689 1231 5760 obtinuit,
1249 5691 1281 5750 et
1300 5703 1360 5767 per
1381 5687 1612 5763 suffraganeos
1634 5700 1685 5749 ec·
