4018 6320
284 341 372 400 ’727

313 499 553 578 assignatione,
570 504 603 568 et
626 505 769 568 invicem
796 509 1032 586 praedictls'ex
1052 513 1110 574 lit-

312 598 394 659 teris
409 601 573 662 contentis
589 602 622 662 in
642 604 793 680 registris
811 609 1002 670 eorumdem
1021 625 1110 686 pras-

313 693 526 757 decessorum
551 698 739 761 nostrorum
769 700 895 778 liqueat
923 720 996 766 esse
1014 721 1106 777 vera,

313 790 508 854 discretioni
534 797 655 857 vestrae
682 813 742 874 per
765 801 955 876 Apostolica
984 805 1108 881 scripta

310 890 520 964 mandamus,
539 895 870 970 quatenusecclesias
885 901 1105 978 supradictas,

224 1054 230 1063 ¹
310 986 345 1047 et
357 986 497 1063 burgum
520 1006 594 1051 cum
610 994 819 1068 pertinentiis
840 997 909 1058 suis
933 998 1006 1058 sine
1025 998 1107 1059 dilii-

310 1084 435 1147 cultate
456 1088 639 1151 restituatis
652 1091 818 1170 episcope,
835 1095 868 1156 61
887 1095 1031 1171 capitulo
1055 1111 1108 1156 su·

311 1182 482 1256 predictis,
510 1185 543 1246 et
572 1188 772 1263 permittatis
803 1191 936 1252 eosdem
971 1192 1106 1254 illorum

311 1279 450 1354 pacifica
478 1285 688 1358 possessione
723 1288 886 1363 gaudere,
924 1290 977 1350 vel
1005 1291 1035 1350 si
1063 1291 1104 1351 de

307 1378 386 1454 jure
410 1379 574 1442 confiditis
598 1382 633 1442 in
663 1385 770 1460 prima
797 1386 963 1448 dominica
992 1388 1108 1464 proxi-

311 1489 374 1535 mae
399 1477 678 1555 Quadragesimae,
693 1498 792 1559 quam
815 1484 909 1545 vobis
927 1485 1107 1546 terminum

311 1575 570 1649 peremptorium
583 1579 794 1655 assignamus
808 1581 1012 1644 subicientes
1027 1597 1107 1659 pro-

309 1671 481 1732 curatores
505 1689 576 1747 ves,
605 1675 666 1738 lilii
692 1678 885 1754 capitulum,
912 1681 1053 1754 vestros,
1074 1681 1107 1742 et

309 1783 380 1843 166,
395 1769 457 1830 iilii
472 1771 573 1845 cives,
582 1775 716 1850 propter
730 1775 793 1837 boc
803 1777 843 1836 ad
856 1777 1003 1838 nostram
1019 1794 1107 1854 prar-

309 1865 452 1928 sentiam
472 1867 655 1944 destinetis,
673 1872 866 1946 exhibituri,
883 1875 917 1936 et
940 1876 1107 1952 recepturi

307 1977 411 2040 super
423 1964 487 2038 bis,
499 1968 584 2042 quod
601 1968 775 2031 dictaverit
790 1971 870 2032 ordo
882 1972 980 2048 juris,
991 1972 1106 2034 scieu-

306 2061 359 2124 tss
373 2077 434 2122 nos
454 2063 583 2129 dilectis
600 2065 729 2126 liliis...
746 2069 976 2145 praeposito...
991 2071 1106 2132 archi-

309 2159 514 2236 presbytem,
527 2163 598 2224 et...
612 2163 740 2224 cantori
758 2165 982 2239 curiensibus,
992 2167 1107 2229 Tauri·

310 2257 425 2317 nensis
447 2257 611 2332 dioecesis,
630 2276 689 2337 per
709 2263 841 2324 nostras
862 2263 990 2326 litteras
1006 2280 1104 2326 man·

308 2353 453 2427 davisse,
471 2358 507 2418 ut
526 2357 554 2416 si
570 2373 707 2420 necesse
722 2359 823 2422 suerit
837 2377 896 2424 vos
911 2378 971 2439 per
985 2379 1106 2424 censu·

308 2467 381 2513 ram
415 2453 687 2529 ecclesiasticam,
716 2458 939 2534 appellatione
964 2463 1102 2533 remota,

307 2553 521 2627 compescant
546 2553 588 2613 ad
615 2554 758 2616 alterum
778 2556 1022 2632 praedictorum,
1037 2574 1104 2620 non

307 2645 515 2710 obstantibus
541 2649 678 2724 litteris,
707 2653 874 2728 superbis
900 2654 1104 2716 bactenusa

308 2743 395 2805 Sede
422 2747 612 2822 ,apostolica
639 2749 836 2826 impetratis.
863 2753 1105 2814 [1611111116-

306 2841 395 2916 rani,
410 2845 569 2906 ivnonas
584 2845 780 2919 decembris,
798 2863 885 2910 anno
899 2863 997 2911 nono.

613 3102 796 3190 XXXVII

306 3250 359 3310 Ad
382 3251 587 3312 Robbertum
609 3253 764 3314 abbatem
784 3253 904 3314 Sancti
928 3255 1104 3316 Volusiani

448 3351 633 3410 Fuscerssts
655 3352 795 3423 ejrcsque
817 3350 961 3425 fratres.

393 3529 397 3536 .
573 3475 735 3536 11111111.
756 3479 835 3537 1111.

338 3591 460 3658 [Regcst.,
473 3592 518 3644 lib.
536 3594 580 3654 lX,
593 3593 667 3658 epist.
678 3594 717 3644 8l.
731 3595 788 3648 ldss.
800 3595 835 3645 Lu
845 3597 922 3646 Porta
932 3596 966 3646 du
977 3595 1070 3662 Thali]

306 3717 364 3778 Sub
377 3719 553 3791 protectione
564 3718 640 3778 beati
653 3720 729 3778 Petri
742 3720 817 3778 bona
833 3719 869 3778 ad
883 3735 934 3779 eos
944 3723 1102 3794 spectantia

612 3807 796 3878 recipiuntur.

347 3923 515 3985 Honorius
524 3923 709 4001 episcopus,
723 3939 840 3986 servus
849 3941 1021 3987 servorum
1029 3926 1100 3999 Dei,

307 4020 437 4082 dilectis
472 4019 551 4082 tiliis
595 4020 760 4084 Robberto
807 4021 918 4084 abbati
952 4022 1103 4084 ecclesiae

929 351 1107 414 HONORII
1129 354 1175 414 111
1197 357 1345 419 OPERA.

1164 515 1200 577 ut
1210 517 1292 594 ordo
1307 519 1501 595 canonicus,
1516 524 1575 600 qui
1601 527 1781 590 secundum
1796 529 1906 605 Deum,
1920 535 1947 595 et

1896 375 1946 434 111

1991 513 1992 552 1

1991 557 1992 604 1

1162 609 1251 674 beati
1274 615 1452 691 Augustini
1480 621 1631 694 regulam
1666 623 1701 684 in
1740 625 1854 686 eodem
1883 628 1945 690 loco
1991 657 1992 660 ¹

1162 708 1332 773 institutus
1348 728 1421 774 esse
1441 714 1658 791 dignoscitur,
1675 722 1756 793 etc,
1771 726 1945 796 1111116611-

1162 810 1323 869 servetur.
1341 813 1508 874 Praeterea
1532 831 1755 895 quascumque
1769 823 1944 896 possessio-

1161 919 1232 976 nes,
1248 921 1463 986 quaecumque
1478 910 1575 983 bona,
1597 915 1671 985 etc,
1696 931 1802 989 usque
1820 935 1945 994 perma-

1161 1005 1272 1064 neant.
1303 1006 1341 1065 In
1373 1007 1492 1083 quibus
1524 1010 1595 1072 baec
1624 1013 1768 1088 propriis
1801 1014 1944 1078 duximus

1161 1100 1376 1176 exprimenda
1391 1105 1574 1168 vocabulis.
1591 1109 1713 1169 Locum
1725 1109 1832 1187 ipsum
1843 1113 1940 1190 inquo

1161 1196 1298 1272 praeiata
1313 1201 1454 1263 ecclesia
1470 1205 1534 1265 sita
1553 1206 1604 1266 est
1618 1222 1693 1267 cum
1708 1207 1859 1268 omnibus
1878 1227 1945 1286 per-

1160 1293 1311 1356 tinentiis
1320 1297 1401 1370 suis,
1413 1301 1719 1364 archidiaconatum
1735 1304 1775 1364 de
1786 1305 1904 1378 Olmes,
1917 1311 1945 1369 et
1991 1301 1992 1306 ’

1161 1391 1201 1451 de
1219 1393 1381 1455 Savarees
1399 1411 1474 1458 cum
1488 1399 1639 1461 terminis
1667 1401 1747 1472 suis,
1764 1403 1891 1465 scilicet
1909 1405 1943 1465 ab

1161 1489 1304 1550 eeclesia
1345 1494 1457 1555 Sancti
1495 1496 1665 1559 Benedicti
1705 1498 1746 1559 de
1780 1499 1941 1573 Cubelera,
1991 1511 1992 1516 ’

1161 1589 1320 1663 usquead
1341 1591 1518 1652 ecclesiam
1535 1593 1664 1656 Sanctae
1683 1597 1847 1668 Quiteriae,
1864 1598 1942 1658 stab
1991 1637 1992 1662 t

1161 1683 1303 1746 ecclesia
1320 1685 1370 1746 'de
1392 1689 1492 1750 Grion
1509 1706 1614 1768 usque
1642 1692 1684 1752 ad
1700 1692 1871 1754 ecclesiam
1883 1697 1943 1755 ble-

1160 1782 1290 1854 rendes,
1305 1783 1480 1846 ecclesiam
1498 1787 1538 1848 de
1553 1788 1679 1850 Conilis
1706 1806 1780 1851 cum
1804 1791 1940 1864 decimis,
1991 1807 1992 1858 ξ

1160 1881 1193 1940 61
1206 1880 1298 1953 villa,
1313 1882 1488 1974 ecclesiam
1504 1885 1545 1947 de
1565 1886 1758 1959 lremalecb,
1773 1871 1850 1948 cum'
1860 1889 1943 1950 deci·
1991 1955 1992 1958 ,

1160 1975 1222 2036 mis
1237 1978 1319 2050 suis,
1337 1980 1513 2042 ecclesiam
1528 1982 1569 2043 de
1582 1984 1761 2046 Maurvilla
1775 2001 1848 2046 cum
1859 1985 1942 2046 deci-
1991 1989 1992 2030 l

1160 2074 1234 2146 mis,
1249 2075 1426 2137 ecclesiam
1438 2079 1479 2139 de
1492 2080 1632 2141 Riucum
1657 2098 1733 2142 cum
1759 2082 1900 2154 decimis,
1915 2085 1942 2143 et
1991 2135 1992 2154 ,

1159 2171 1251 2244 villa,
1268 2171 1446 2235 ecclesiam
1461 2177 1501 2237 de
1529 2177 1685 2240 Verveiol
1711 2195 1786 2239 cum
1805 2179 1939 2252 decimis,

1160 2268 1337 2330 ecclesiam
1367 2272 1480 2333 Sancti
1504 2275 1643 2336 loannis
1665 2275 1850 2352 deverges
1875 2293 1940 2337 cum
1991 2277 1992 2288 ¹

1159 2367 1307 2439 decimis,
1324 2368 1498 2431 ecclesiam
1515 2371 1555 2433 de
1570 2373 1938 2445 Laurerscumdecimis,
1991 2371 1992 2406 ³

1158 2465 1334 2526 ecclesiam
1350 2464 1390 2528 de
1413 2469 1555 2544 Aspiran
1582 2486 1656 2532 cum
1671 2471 1819 2543 decimis,
1839 2471 1938 2532 eccle·
1991 2467 1992 2510 ἐ

1158 2561 1242 2622 siam
1257 2562 1298 2622 de
1311 2565 1939 2640 Grastuatbcumdecimis,ecclesiamde
1991 2609 1992 2614 ,

1159 2659 1281 2720 Sobam
1292 2677 1367 2721 cum
1379 2660 1528 2734 decimis,
1542 2665 1938 2726 ecclesiemdeSinceracb
1991 2699 1992 2704 κ

1157 2772 1231 2818 cum
1246 2757 1384 2818 decimis
1400 2759 1432 2820 61
1443 2759 1534 2828 villa,
1551 2761 1727 2823 ecclesiam
1740 2762 1858 2824 delier
1871 2777 1936 2823 cum

1158 2853 1305 2927 decimis,
1322 2856 1497 2918 ecclesiam
1521 2857 1562 2919 de
1583 2861 1694 2936 Sanag
1714 2875 1789 2921 cum
1803 2859 1934 2930 decimis,

1157 2950 1333 3013 ecclesiam
1349 2953 1389 3015 de
1403 2956 1552 3016 Bracacb
1576 2972 1651 3018 cum
1666 2956 1814 3028 decimis,
1839 2956 1936 3018 eccle-

1158 3050 1242 3111 siam
1252 3049 1293 3111 de
1307 3051 1465 3113 Avenacb
1481 3069 1555 3114 cum
1571 3052 1718 3127 decimis,
1729 3053 1937 3116 ecclesiamde

1159 3149 1275 3210 Serres
1302 3163 1377 3209 cum
1406 3148 1555 3224 decimis,
1581 3152 1697 3213 villam
1718 3169 1792 3230 quae
1816 3153 1938 3213 vocatur

1157 3245 1298 3308 Abbatia
1308 3245 1340 3309 61
1355 3245 1530 3308 ecclesiam
1540 3249 1688 3325 ejusdem
1702 3250 1791 3311 villae
1806 3249 1934 3311 11111116-
1991 3277 1992 3346 ,

1158 3340 1265 3412 simis,
1281 3340 1933 3414 ecclesiamdesentenacbeumdeeinis,
1991 3349 1992 3424 j

1158 3437 1333 3498 ecclesiam
1362 3438 1403 3500 de
1429 3439 1628 3517 Alploncum
1653 3439 1729 3503 cum
1757 3439 1886 3502 decimis
1908 3442 1937 3500 61
1991 3461 1992 3504 3

1156 3534 1248 3607 villa,
1265 3535 1441 3597 ecclesiam
1467 3536 1508 3598 de
1535 3539 1654 3600 Savart
1679 3555 1753 3600 cum
1769 3539 1896 3602 decimis
1906 3539 1934 3598 61

1156 3631 1250 3704 villa,
1266 3623 1443 3694 ecclesiam
1458 3633 1499 3694 de
1524 3634 1691 3696 Sorreban
1720 3652 1796 3697 cum
1815 3634 1934 3698 decimis

1156 3729 1190 3790 et
1203 3728 1295 3802 villa,
1310 3729 1485 3790 ecclesiam
1501 3730 1542 3792 de
1554 3731 1704 3808 Aignans
1724 3747 1800 3794 cum
1814 3730 1935 3794 decimis
1991 3793 1992 3798 ,

1157 3827 1190 3888 61
1205 3827 1381 3888 ecclesiam
1403 3827 1444 3888 de
1460 3829 1552 3890 Boan
1567 3845 1643 3890 cum
1672 3830 1821 3903 decimis,
1845 3829 1936 3891 ecele-
1991 3893 1992 3896 ,

1157 3925 1240 3985 siam
1256 3923 1296 3986 de
1308 3923 1465 3987 verduno
1476 3941 1550 3986 cum
1563 3926 1711 3999 decimis,
1725 3928 1893 3989 ecclesiam
1903 3925 1935 3985 de
1991 3949 1992 3958 ¹

1156 4021 1304 4084 blsnana
1324 4038 1399 4084 cuns
1421 4023 1569 4097 decimis,
1598 4023 1776 4088 ecclesiam
1800 4025 1839 4087 de
1862 4027 1934 4086 Bur-

309 4119 342 4178 S.
364 4117 539 4180 Volusiani
573 4119 750 4180 Fuscensis
777 4122 915 4198 ejusque
943 4119 1103 4182 iratribus

306 4216 375 4277 tam
403 4215 635 4292 praesentibus,
658 4231 756 4293 quam
772 4215 894 4279 tuturis
915 4217 1103 4294 regularem

306 4313 408 4376 vitam
424 4312 583 4390 professis
597 4313 633 4373 in
654 4315 860 4390 perpetuum,
877 4316 1100 4388 salutemetc.

297 4443 301 4448 ·
345 4410 395 4472 Ad
408 4410 471 4472 boo
489 4410 690 4472 universalis
706 4410 863 4472 Ecclesiae
876 4427 958 4472 cura
973 4411 1068 4474 nobis
1083 4428 1102 4473 a

306 4510 479 4587 provisore
501 4509 649 4570 omnium
664 4508 826 4570 bonorum
843 4511 911 4570 Deo
926 4509 1104 4570 commissa

307 4609 369 4680 est,
401 4609 438 4669 111
462 4607 637 4682 religiosas
664 4605 843 4682 diligamus
871 4621 1042 4683 personas,
1072 4608 1105 4668 et

306 4705 392 4766 bene
408 4706 593 4783 placentem
617 4707 684 4768 Deo
700 4704 897 4781 religionem
912 4705 1104 4767 studeamus

307 4803 414 4864 modis
435 4802 588 4865 omnibus
613 4817 809 4880 propagare.
826 4805 897 4864 Nec
920 4803 1009 4865 enim
1036 4805 1103 4865 Deo

307 4902 423 4978 gratus
437 4899 616 4977 aliquando
627 4899 806 4961 famulatus
814 4900 1027 4976 impenditur,
1038 4900 1105 4961 nisi

307 4998 511 5062 exoaritatis
526 4996 639 5058 radice
654 4996 837 5074 procedens
852 5013 872 5058 a
887 4998 1032 5075 puritate
1044 5013 1103 5060 re-

306 5096 443 5174 ligionis
456 5094 558 5158 luerit
569 5095 798 5156 conservatus.
812 5095 1006 5172 Eapropter,
1024 5095 1102 5170 ete,

307 5209 415 5270 usque
429 5193 609 5254 annuimus
623 5191 663 5252 ad
684 5194 857 5268 exemplar
875 5192 983 5254 felicis
998 5208 1106 5255 recor·

308 5291 455 5354 dationis
474 5289 611 5360 Urbani,
625 5289 809 5350 Alexandri
824 5289 1105 5367 praedecessorum

309 5391 499 5451 nostrorum
524 5389 751 5449 Romanorum
771 5387 964 5464 pontificum
990 5387 1107 5464 praeia-

1156 4118 1237 4181 bore
1270 4135 1344 4181 cum
1383 4119 1532 4194 decimis,
1563 4121 1738 4184 ecclesiam
1779 4123 1819 4184 de
1854 4124 1932 4195 Unag
1991 4187 1992 4214 3

1157 4232 1232 4278 cum
1271 4216 1419 4290 decimis,
1454 4219 1632 4280 ecclesiam
1669 4219 1709 4282 de
1735 4221 1848 4282 Perles
1876 4234 1935 4281 cun
1991 4231 1992 4302 1

1157 4314 1317 4388 decimis,
1345 4316 1379 4377 61
1398 4315 1490 4384 villa,
1521 4317 1555 4378 et
1586 4315 1763 4379 ecclesiam
1789 4319 1829 4379 de
1856 4315 1936 4379 Sasi-
1991 4305 1992 4388 1

1156 4412 1250 4473 niani
1272 4428 1347 4474 cum
1362 4412 1499 4474 decimis
1524 4416 1557 4476 61
1570 4413 1662 4487 villa,
1680 4416 1776 4476 salva
1795 4415 1935 4477 modera-

1156 4509 1249 4570 tione
1282 4508 1422 4570 concilii
1451 4511 1630 4586 generalis.
1664 4513 1751 4573 Sane
1784 4511 1936 4574 novalium

1157 4607 1428 4684 vestrorumque
1443 4608 1763 4685 propriismanibus,
1779 4609 1937 4684 1611111111-
1991 4625 1992 4700 l

1157 4703 1246 4767 tibus
1259 4704 1466 4776 colitis,sive
1490 4704 1735 4772 devestrorum
1758 4707 1934 4768 animalium
1991 4715 1992 4794 1

1156 4800 1372 4864 nutrimentis
1386 4801 1499 4864 nullus
1512 4818 1531 4863 a
1546 4803 1641 4867 uobis
1656 4803 1802 4866 decimas
1819 4805 1935 4880 exigere
1991 4809 1992 4892 ᾗ

1157 4899 1211 4961 rel
1238 4900 1436 4978 extorquere
1459 4902 1650 4976 praesumat.
1674 4901 1789 4964 Liceat
1822 4913 1933 4979 quoque
1991 4909 1992 4986 ᾗ

1157 4996 1413 5069 vobisclericos,
1429 4997 1483 5059 vel
1498 4997 1603 5060 laicos
1623 4997 1747 5060 liberos
1769 5000 1802 5061 et
1820 4997 1935 5060 absolu·
1991 5005 1992 5054 1

1159 5094 1221 5166 loe,
1236 5095 1311 5166 etc,
1327 5094 1402 5166 ete,
1419 5109 1527 5169 1111111
1550 5095 1708 5157 retinere.
1735 5094 1934 5156 Probibemus
1991 5095 1992 5126 l

1158 5192 1296 5268 insuper
1321 5192 1357 5252 ut
1382 5190 1466 5252 nulli
1489 5192 1630 5253 fratrum
1651 5193 1847 5263 vestrorum,
1871 5191 1931 5257 eto-2
1991 5183 1992 5260 1

1160 5289 1226 5350 nisi
1236 5287 1390 5351 arctioris
1416 5288 1741 5366 religionisobtentu
1766 5288 1931 5358 discedere,

1160 5387 1394 5460 discedentem,
1409 5387 1485 5457 616,
1499 5402 1607 5461 usque
1620 5387 1776 5448 retinere.
1791 5388 1929 5447 (11111111-
1991 5387 1992 5456 l

309 5484 570 5557 tamecclesiam,
582 5488 678 5562 cujus
690 5483 905 5562 utiquevobis
919 5499 937 5545 a
949 5487 1015 5546 Deo
1025 5499 1106 5546 cura

309 5582 489 5648 commissa
503 5584 564 5650 est,
586 5581 646 5642 sub
669 5581 757 5643 beati
777 5583 880 5654 Petri,
901 5583 976 5655 etc,
999 5597 1107 5657 eisquc

310 5679 563 5744 communimus.
574 5682 610 5741 ln
622 5679 737 5756 primis
748 5679 913 5758 siquidem
922 5681 1107 5743 statuentes

1160 5487 1227 5547 tem
1265 5485 1421 5561 generale
1456 5483 1669 5546 interdictum
1705 5485 1804 5546 terrae
1835 5479 1926 5548 inerit,
1991 5477 1992 5520 l

1162 5582 1261 5644 liceat
1289 5582 1394 5654 vobis,
1421 5581 1688 5659 clausis-januis,
1716 5579 1854 5642 exclusis
1879 5590 1927 5635 ex-

1162 5679 1415 5744 communicatis
1439 5681 1473 5742 et
1494 5679 1690 5754 interdictis,
1722 5693 1785 5740 nou
1812 5670 1930 5754 pulsatis
