4168 6344
139 407 176 472 to
747 396 974 466 EPISTOLAE.
997 392 1154 476 LOE'VI.
1732 401 1772 462 50

135 563 288 630 statutum
311 557 516 642 hujusmodi,
529 555 616 626 sicut
638 561 776 642 provide
801 561 923 627 tactum
947 553 951 584 ³

134 667 191 736 est,
203 661 401 724 auctoritate
418 661 607 738 apostolica
628 660 874 733 confirmamus,
890 661 924 722 et

135 759 304 838 presentis
324 759 439 835 scripti
461 756 646 834 patrocinio
668 757 921 820 communimus.

135 856 220 918 Nulli
234 871 327 931 ergo,
343 854 419 927 etc,
435 853 559 916 nostrae
570 853 842 927 confirmationis,
859 855 921 916 etc.

136 954 254 1032 Siquis
277 955 480 1027 automata.
502 954 621 1016 Datum
641 955 809 1028 Laterani,
832 956 924 1017 XVII

135 1051 289 1114 kalendas
300 1051 461 1129 januarii,
476 1065 564 1114 anno
576 1050 682 1113 sexto.

481 1317 570 1406 LIX

246 1473 299 1534 Ad
321 1473 517 1547 apocopam
534 1471 801 1532 Ariminensem.

377 1601 410 1658 ld
422 1599 581 1658 decembris
596 1600 674 1658 llll.

189 1722 332 1788 [Sbaralea,
342 1723 484 1775 Bullatium
494 1723 690 1781 franciscanum,
706 1723 726 1780 l,
741 1723 766 1781 8,
783 1737 807 1772 n.
823 1721 860 1788 a]

134 1841 165 1898 tlt
177 1838 277 1898 iratres
291 1838 328 1896 de
343 1840 509 1914 poenltentia
518 1853 603 1911 super
612 1839 776 1911 juramento
788 1837 823 1896 de
835 1838 922 1896 armie

168 1927 313 1986 sumendis
345 1935 373 1984 et
407 1925 560 1999 sequendis
595 1927 724 1984 locorum
755 1927 923 1999 praetoribus

168 2014 302 2084 exhibito,
316 2013 491 2073 detenderet.

169 2140 336 2201 Honorius
345 2141 654 2218 episcopusservus
668 2155 839 2203 servorum
849 2141 920 2209 Dei,

132 2237 310 2298 venerabili
323 2237 417 2299 tratri
432 2237 588 2314 episcopo
603 2238 817 2311 Ariminensi,
836 2239 923 2299 salu·

132 2335 192 2394 tem
204 2333 235 2396 et
253 2335 473 2412 apostolicam
488 2334 762 2396 benedictionem.

170 2431 398 2507 Significatum
410 2431 574 2504 estnobis,
592 2432 677 2510 quod
694 2431 875 2506 Fauentiae,
891 2435 923 2495 et

134 2527 165 2588 iu
176 2529 371 2606 quibusdam
384 2529 461 2590 aliis
473 2530 673 2603 civitatibus,
694 2531 726 2591 et
739 2529 826 2610 §locis
839 2531 924 2592 vici-

134 2626 180 2685 nis
207 2626 342 2704 quidam
370 2628 465 2700 sunt,
494 2627 614 2704 quibus
640 2627 735 2688 illum
763 2629 922 2689 Dominus

134 2723 304 2802 inspiravit
320 2724 486 2797 affectum,
512 2725 548 2787 ut
566 2725 680 2786 mundi
696 2729 767 2802 jam
782 2725 921 2801 gloriam

133 2835 192 2880 non
207 2825 405 2898 quaerentes,
423 2822 480 2882 sed
496 2837 539 2882 ex
553 2821 741 2883 humilitate
756 2821 921 2898 abjicien-

133 2919 177 2978 tes
200 2919 233 2978 in
262 2918 388 2980 saeculo
418 2919 613 2995 semetipsos
637 2919 678 2979 ad
694 2919 922 2994 penitentiam

134 3029 165 3074 se
180 3015 421 3087 converterent,
440 3016 472 3077 et
486 3014 528 3078 ad
546 3015 609 3076 hoc
623 3017 727 3077 toturn
743 3015 924 3092 deputave-

134 3111 194 3172 rint
214 3117 347 3190 tempus
372 3129 480 3184 suum,
508 3113 639 3189 signum
662 3113 861 3200 humilitatis
891 3113 923 3175 et

134 3210 332 3284 pauitantia
347 3211 381 3272 in
395 3211 510 3272 babitu
521 3210 728 3273 exhibentes.
745 3213 828 3284 Quia
842 3229 922 3275 vero

133 3306 208 3368 tales
235 3324 339 3386 super
354 3308 545 3386 juramento
565 3307 605 3370 de
625 3309 727 3369 armis
754 3310 922 3372 sumendis

134 3402 163 3464 et
185 3405 363 3484 sequendis
399 3405 548 3467 locorum
577 3406 794 3482 potestatibus
825 3407 923 3469 exhi-

134 3499 242 3575 bendo,
257 3503 450 3565 multotiens
475 3503 704 3572 molestantur,
719 3520 762 3565 ex
781 3520 820 3566 eo
836 3504 922 3582 quod

135 3613 297 3678 nunquam
313 3599 428 3670 deluit,
445 3598 501 3676 qui
523 3600 619 3661 bonis
635 3601 764 3662 actibus
789 3601 923 3664 invide-

134 3697 194 3771 rot;
211 3697 414 3760 fraternitati
432 3696 499 3758 tuae
516 3713 576 3775 per
593 3697 783 3774 apostolica
800 3699 923 3776 scripta

135 3795 336 3864 mandamus,
360 3795 523 3871 quatenus
546 3811 620 3856 cum
642 3811 661 3856 a
682 3794 805 3858 talibus
820 3795 923 3858 tueris

135 3892 319 3967 requisitus,
336 3891 565 3954 molestatores
584 3907 662 3953 suos
682 3908 782 3970 super
801 3892 923 3971 hujus·-

135 3987 213 4049 modi
224 3989 427 4066 juramento,
439 3989 610 4066 praemissa
629 3989 822 4063 monitione,
839 3990 922 4051 sub-

135 4083 195 4146 lato
207 4084 443 4163 appellationis
465 4085 710 4163 impedimenta
726 4087 923 4151 auctoritate

137 4185 240 4244 nostra
266 4199 469 4260 compescas
494 4184 613 4245 Datum
640 4185 808 4257 Laterani,
831 4187 923 4247 XVII

136 4276 290 4342 kalendas
306 4281 466 4359 januarii,
483 4280 693 4359 pontificatus
713 4283 818 4344 nostri
835 4297 923 4345 anno

137 4379 232 4440 sexto.

207 4748 259 4808 Aa
281 4747 576 4820 archiepiscopum
594 4745 843 4808 Ntcostensem.

377 4876 410 4933 ld
425 4874 584 4933 decembris
600 4875 678 4932 lua-1.

175 4998 235 5062 [llas
247 4999 345 5058 Latrie,
359 4997 468 5050 Histoire
481 4999 512 5049 de
522 4999 573 5049 l'lle
588 4998 618 5048 de
630 4999 740 5064 bepre,
753 4999 796 5059 lli,
813 4997 881 5064 clu]

137 5113 245 5174 llaudat
268 5123 299 5173 ut
318 5115 442 5188 capellas
457 5121 486 5171 et
508 5114 631 5172 oratoria
660 5113 786 5172 indotata
811 5122 840 5171 et
861 5113 923 5172 sine

205 5217 348 5262 consensu
360 5204 560 5276 episcoporum
572 5209 667 5261 erecta
676 5208 833 5260 removeat.

171 5329 531 5406 Honoriueepiscopus,
540 5344 656 5390 servus
667 5345 839 5390 servorum
850 5329 921 5398 Dei,

136 5427 311 5489 venerabili
327 5426 422 5488 tratri
444 5425 696 5503 archiepiscopo
720 5426 920 5508 Nicosiensi,

138 5524 268 5586 sautem
282 5526 318 5586 et
328 5523 544 5601 apostolicam
558 5523 831 5586 benedictionem.

174 5622 396 5698 Significatum
412 5624 462 5682 est
472 5620 567 5681 nobis
578 5621 663 5698 quod
679 5621 791 5698 plures
805 5621 840 5683 in
851 5637 925 5699 pro·

139 5717 212 5793 priie
225 5719 363 5791 laribus,
382 5717 468 5780 intra
483 5717 574 5780 tuam
585 5718 922 5796 diocesimcapellas

979 559 1773 642 etoratoria,quorumindotatasuntaliqua,oon·

979 661 1184 723 struxerunt.
1210 663 1336 722 Harum
1346 661 1450 737 igitur
1469 659 1655 730 occasione,
1676 656 1772 720 multi

978 757 1150 820 matricem
1176 759 1391 820 contemnunt
1411 755 1595 828 ecclesiam,
1619 770 1681 816 nec
1695 769 1773 816 ver-

977 854 1055 915 bum
1070 855 1130 916 Del
1145 855 1294 926 audiunt,
1308 855 1343 916 ut
1354 853 1520 916 deberent.
1536 853 1695 915 Volumus
1707 851 1773 912 ita-

978 967 1052 1028 que,
1068 951 1266 1014 auctoritate
1285 951 1346 1014 tibi
1361 949 1575 1028 praesentium
1592 949 1774 1026 injungen-

977 1049 1039 1116 tes,
1064 1048 1231 1126 quatinus,
1258 1049 1357 1127 prout
1380 1047 1481 1110 saluti
1493 1045 1627 1122 expedit
1641 1045 1774 1106 anima-

978 1161 1062 1217 rum,
1093 1144 1262 1224 superflua
1282 1145 1415 1207 studeas
1437 1160 1480 1206 ex
1503 1142 1693 1220 hujusmodi
1714 1156 1773 1204 ca-

978 1242 1075 1318 pellis
1094 1243 1127 1304 et
1145 1242 1312 1314 oratoriis,
1329 1241 1513 1317 praesertim
1534 1255 1607 1316 quae
1625 1239 1697 1299 sine
1714 1239 1771 1299 tuo

978 1354 1037 1400 seu
1047 1339 1327 1417 praedecessorum
1342 1339 1474 1401 tuorum
1488 1336 1772 1398 erectaconsensu

977 1435 1032 1498 vel
1055 1435 1204 1498 indotata
1233 1435 1452 1508 constiterint,
1479 1448 1666 1508 removere,
1691 1447 1773 1493 con-

977 1532 1174 1596 tradictores
1202 1548 1461 1610 percensuram
1488 1530 1769 1600 ecclesiasticam,

977 1629 1200 1707 appellatione
1220 1630 1414 1707 postposita,
1434 1626 1683 1706 compescendo
1704 1626 1773 1688 Da·

977 1729 1046 1789 tum
1062 1728 1229 1798 Laterani,
1242 1729 1332 1788 XVII
1345 1727 1506 1788 kalendas
1517 1723 1677 1802 januarii,
1693 1737 1773 1800 pou·

977 1825 1121 1887 titicatus
1136 1825 1242 1886 nostri
1257 1840 1344 1886 anno
1359 1826 1464 1886 sexto.

1076 2319 1129 2378 Art
1151 2321 1356 2378 tremensem
1380 2317 1674 2390 arcbteptsoopum

1125 2415 1325 2490 apostoncae
1343 2416 1442 2475 Sertis
1459 2413 1621 2509 tegetum.

1213 2546 1246 2602 ll
1271 2543 1431 2602 decembris
1453 2544 1533 2602 lael.

1009 2667 1128 2733 [Regest.,
1141 2667 1186 2720 lib.
1197 2669 1239 2726 vl,
1250 2665 1324 2732 epist.
1336 2668 1390 2718 lll.
1405 2667 1462 2717 blss.
1474 2667 1590 2718 LaPorte
1600 2666 1633 2716 du
1645 2665 1738 2730 rhein]

978 2784 1166 2844 deaurantur
1186 2790 1321 2841 statutum
1340 2783 1375 2840 ab
1396 2782 1612 2854 archiepiscopo
1631 2781 1667 2838 de
1693 2782 1769 2838 vice·

1013 2873 1084 2930 sima
1100 2870 1235 2929 solvenda
1252 2871 1287 2928 ab
1300 2871 1377 2929 omni
1393 2885 1514 2944 persona
1528 2869 1734 2927 ecclesiastica.

1009 2997 1200 3069 Honorius,
1227 2997 1301 3070 eto,
1329 2996 1514 3058 venerabili
1539 2995 1634 3056 fratri
1656 2995 1771 3056 archi·

977 3095 1132 3172 episcopo
1157 3099 1292 3156 Reman.
1320 3093 1519 3170 Apostolicae
1536 3092 1630 3154 Sedis
1647 3091 1769 3168 legato.

1018 3194 1099 3254 Cum
1114 3193 1313 3254 auctoritate
1328 3190 1475 3252 mandati
1497 3190 1614 3258 nostri,
1632 3205 1696 3266 quo
1711 3187 1772 3250 tibi

978 3289 1127 3350 dedimus
1151 3290 1347 3366 potestatem
1368 3287 1512 3349 faciendi
1534 3288 1569 3348 in
1591 3286 1774 3348 Rotboma-

977 3387 1072 3463 gensi
1091 3387 1263 3464 provincia
1282 3387 1350 3448 tam
1369 3386 1403 3446 in
1424 3383 1650 3462 indulgentiis,
1671 3399 1771 3461 quam

977 3483 1013 3543 in
1028 3483 1115 3556 aliis,
1132 3483 1243 3546 omnia
1257 3499 1331 3560 quae
1341 3483 1383 3543 ad
1393 3481 1631 3544 relevationem
1646 3479 1774 3556 negotii

978 3580 1066 3653 fidei,
1090 3581 1176 3658 quod
1195 3581 1231 3641 in
1258 3579 1407 3657 partibus
1424 3579 1609 3640 Provinciae
1631 3578 1771 3654 geritur,

978 3693 1196 3754 cognosceres
1206 3676 1374 3754 expedire,
1386 3675 1525 3753 provida
1534 3674 1773 3736 deliberatione

979 3774 1145 3846 statueris,
1160 3773 1197 3835 ut
1214 3789 1327 3834 omnes
1345 3772 1479 3834 omnino
1495 3787 1645 3848 personae
1661 3770 1772 3831 eccle-

979 3871 1134 3943 siasticae,
1148 3869 1280 3931 indicta
1295 3869 1467 3946 provincia
1483 3867 1710 3939 consistentes,
1721 3867 1774 3929 vi·

979 3968 1136 4030 cesimam
1160 3965 1462 4028 ecclesiasticorum
1480 3964 1700 4042 proventuum
1715 3979 1774 4026 us-

979 4081 1041 4142 que
1061 4065 1101 4124 ad
1119 4064 1301 4125 triennium
1323 4063 1453 4139 integre
1468 4061 1641 4123 conterant
1661 4060 1702 4121 ad
1718 4076 1775 4122 re-

977 4161 1178 4223 levationem
1224 4160 1349 4236 negotii
1392 4157 1588 4232 memorati,
1625 4157 1753 4236 except'

977 4257 1222 4329 venationibus,
1244 4257 1484 4334 piscationibus
1510 4256 1542 4318 et
1565 4255 1776 4333 procuratio-

978 4355 1087 4430 nibus,
1111 4371 1184 4434 quae
1204 4355 1244 4416 de
1258 4354 1349 4417 facili
1365 4354 1523 4416 aestimari
1539 4369 1605 4414 non
1621 4353 1771 4440 possunt,

978 4455 1011 4516 et
1034 4452 1224 4531 hujusmodi
1244 4469 1328 4514 onus
1348 4451 1546 4528 imposueris
1571 4451 1671 4512 etiam
1693 4449 1775 4511 reli-

977 4551 1081 4628 glosis
1093 4547 1775 4623 omnibus,cistercienffemplariis,Hos·

979 4647 1161 4724 pitalariis,
1170 4647 1203 4708 et
1211 4645 1420 4708 Cartbusien.
1433 4643 1604 4706 dumtaxat
1613 4642 1772 4720 exceptis.

979 4745 1048 4806 Nos
1065 4743 1224 4806 statutum
1244 4741 1434 4820 huJusmodi
1448 4742 1617 4818 tamquam
1636 4739 1774 4818 provide

979 4842 1100 4904 iactum
1113 4841 1309 4902 auctoritate
1324 4839 1513 4916 apostoliea
1527 4838 1771 4910 confirmamus,

979 4940 1071 5000 salvo
1082 4939 1117 4999 in
1129 4937 1488 5013 omnibusApostolicae
1499 4936 1593 4997 Sedis
1605 4934 1772 4998 mandato.

979 5038 1100 5098 Dantes
1125 5035 1186 5097 tibi
1206 5035 1345 5095 liberam
1360 5034 1556 5111 potestatem
1579 5033 1773 5094 contradic·

978 5135 1079 5205 tores,
1094 5132 1123 5192 si
1138 5132 1194 5210 qui
1210 5132 1343 5200 tuerint,
1360 5130 1401 5192 ad
1417 5129 1653 5192 exsolvendam
1666 5129 1772 5206 ipsam

977 5231 1172 5293 vicesimam
1201 5229 1410 5292 districtione
1438 5227 1598 5288 canonica
1628 5227 1776 5302 compel-

978 5328 1080 5390 lendi.
1097 5326 1298 5389 Absolvendi
1314 5341 1443 5402 quoque
1455 5326 1552 5401 juxta
1566 5322 1706 5384 formam
1718 5327 1774 5386 Ec·
1867 5315 1876 5346 '

979 5427 1100 5497 clesiae,
1117 5427 1183 5486 luae
1205 5423 1382 5499 legationis
1402 5421 1626 5483 incendiarios
1649 5423 1681 5482 et
1700 5421 1774 5482 vio-

978 5525 1144 5585 lentarum
1157 5537 1316 5583 manuum
1329 5520 1509 5596 injectores
1521 5519 1582 5580 tibi
1603 5518 1773 5579 licentiam

978 5621 1199 5697 indulgemus.
1217 5620 1335 5680 Datum
1350 5617 1519 5689 Laterani,
1535 5618 1597 5678 ΧΠ
1611 5612 1772 5676 kalendas

977 5718 1135 5796 januarii,
1152 5732 1239 5778 anno
1255 5714 1361 5778 sexto.
