4006 6346
253 333 310 394 611

254 491 283 553 si
297 490 375 554 laici
395 493 481 565 sunt,
499 492 629 569 publice
644 490 792 556 candelis
807 495 957 556 accensis
976 509 1040 555 ex-

253 589 562 653 communicationis
586 590 752 652 sententia
780 591 980 668 procedatis.
1007 592 1043 652 Si

251 703 332 750 vero
349 687 462 750 clerici
473 689 526 750 vel
539 683 694 750 canonici
708 688 882 765 regulares
895 705 954 750 scu
971 704 1044 750 mo·

251 784 350 846 nachi
366 785 499 852 tuerint,
520 801 591 854 eos,
607 785 830 863 appellatione
844 785 983 858 remota,
1000 785 1042 846 ah

251 881 361 944 oraclo
395 883 427 943 et
452 882 614 944 beneflcio
640 884 863 962 suspendatis,
888 885 1041 946 neutram

249 979 433 1042 relaxaturi
448 981 657 1054 sententiam,
675 980 780 1042 donec
796 980 962 1058 praedictis
978 980 1043 1042 tra·

248 1077 354 1139 trihus
376 1077 525 1154 plenarie
554 1077 772 1150 satisfaciant,
799 1079 832 1139 et
856 1077 924 1139 tarn
950 1078 1039 1151 laici,

249 1191 349 1253 quam
374 1175 487 1237 clerici
507 1175 697 1248 saculares,
715 1176 771 1253 qui
786 1191 845 1253 per
860 1167 1041 1238 violbntam

247 1287 405 1334 manuum
429 1273 641 1350 injectionem
665 1273 886 1336 anathematis
906 1273 1040 1335 vinculo

248 1371 373 1433 luerint
395 1370 574 1443 interdicti,
591 1387 666 1432 cum
691 1371 870 1433 dioecesani
894 1371 1040 1449 episcopi

248 1468 370 1532 littaris
382 1468 423 1530 ad
442 1469 559 1532 Sedem
573 1469 796 1546 apostolicam
813 1469 985 1533 scalentes
997 1469 1039 1531 ab

247 1566 362 1631 eodem
390 1567 523 1628 vinculo
552 1567 745 1630 mereantur
766 1567 905 1632 absolvi.
933 1568 1040 1635 villas

227 1644 230 1662 '
246 1666 356 1736 antem
367 1665 600 1746 praedictorum
615 1665 766 1738 fratrum,
778 1665 941 1742 inquibus
952 1665 1039 1728 bona

245 1762 298 1824 vel
315 1762 485 1824 bominum
499 1779 635 1826 suorum
645 1763 904 1842 perviolentiam
915 1762 1040 1834 tuerint

245 1859 389 1934 detenta,
404 1861 561 1940 quamdiu
573 1861 617 1923 ibi
633 1862 720 1934 sunt,
729 1861 896 1924 interdicti
908 1863 1040 1924 senten·

242 1957 299 2023 tiae
324 1959 529 2037 supponatis.
561 1959 941 2031 perambulandum
968 1959 1036 2028 kal.

243 2055 335 2129 maii,
346 2055 557 2134 pontificatus
570 2057 677 2118 nostri
693 2071 781 2123 anno
794 2057 924 2120 ootaro.

553 2369 726 2456 CXCVII

387 2519 439 2580 Ad
465 2525 596 2582 clerum
610 2523 886 2584 Hiberateraaem.

523 2650 662 2724 deprilis
675 2651 750 2711 liii.

333 2772 464 2836 [Thaidem
473 2774 565 2826 Vetera
576 2775 688 2826 Menum.
700 2773 878 2838 hibernorum,
890 2773 943 2839 ib]

240 2895 376 2955 Aboletur
400 2897 495 2956 denuo
517 2899 646 2971 iniquum
661 2897 850 2972 quorumdam
876 2899 1036 2974 anglorum

275 2993 411 3044 statutum
426 2984 462 3044 de
472 3001 530 3045 non
545 2986 728 3046 admittendis
740 2988 872 3046 hibernis
884 2987 919 3046 ad
939 2987 1033 3062 digni·

276 3081 350 3132 tates
363 3076 584 3134 ecclesiasticas.

279 3199 447 3262 Honorius
458 3201 644 3278 episcopus,
655 3218 771 3264 servus
781 3217 953 3264 servorum
964 3202 1034 3276 Dei,

241 3295 370 3358 dilectIs
385 3297 464 3357 tiliis
491 3297 579 3359 clero
607 3299 831 3372 Hiberniensi,
849 3299 1037 3363 salutemet

240 3393 463 3470 apostolicam
477 3392 755 3456 benedictionem.
879 3433 886 3442 -

282 3489 374 3554 Sicut
392 3507 442 3564 ea,
464 3491 621 3570 quaerite
647 3508 686 3553 ac
711 3491 925 3556 laudabiliter
941 3493 1034 3563 liunt,

241 3587 334 3650 decet
355 3605 415 3666 per
437 3589 554 3651 sedem
567 3590 791 3667 Apostolicam
812 3590 976 3666 roborari,
1001 3592 1037 3655 ut

241 3686 380 3748 solidius
392 3687 428 3748 in
453 3688 506 3749 sui
520 3687 651 3750 roboris
667 3687 823 3752 firmitate
838 3690 1033 3764 consistant,

241 3785 290 3845 sic
304 3800 355 3857 ea,
372 3801 445 3863 quae
458 3785 630 3848 temereao
645 3785 762 3848 illicite
773 3788 1032 3865 praesumuntur,

241 3881 403 3943 infirmari
415 3881 570 3945 convenit
581 3885 808 3960 pereamdem,
820 3901 860 3946 ne
875 3901 1035 3963 processu

240 3978 398 4054 temporis
412 3978 513 4040 robur
521 3979 665 4057 indignae
675 3981 841 4045 firmitatis
850 3984 1033 4045 assumant.

243 4076 329 4135 Sane
344 4077 467 4136 nostris
482 4077 608 4154 estjam
624 4077 815 4156 frequenter
827 4079 965 4142 auribus
981 4081 1035 4141 in-

240 4171 404 4241 timatum,
418 4163 577 4249 quo'sdam
591 4175 747 4251 Anglicos
761 4176 920 4239 inanditae
935 4179 1035 4240 teme·
1124 4156 1126 4162 ¹

240 4270 350 4332 nitatis
366 4269 505 4332 audacia
522 4271 689 4344 statuisse,
707 4273 743 4334 ut
762 4272 874 4336 nullus
890 4275 1033 4336 clericus

241 4367 281 4432 de
304 4367 476 4442 Hibernia,
496 4369 795 4448 quantumcumque
819 4371 979 4436 honestus
1003 4373 1035 4434 et

241 4465 407 4529 litteratus
430 4467 562 4540 existat,
590 4465 631 4528 ad
665 4466 810 4546 aliquam
839 4468 1034 4545 dignitatem

241 4562 502 4626 ecclesiasticam
523 4566 723 4627 assumatur.
750 4565 910 4628 Nolentes
931 4567 1035 4644 igitur

201 4673 203 4678 ·
240 4662 341 4722 tantae
354 4663 622 4738 praesumptionis
638 4663 671 4726 et
693 4663 879 4742 iniquitatis
893 4664 1033 4728 abusum

241 4755 302 4816 snb
330 4757 595 4822 dissimulatione
610 4760 767 4834 transire,
791 4762 950 4826 statutum
964 4759 1033 4823 hu-

236 4851 394 4930 jusmodi,
418 4855 508 4914 omni
526 4857 614 4934 juris
638 4858 671 4918 et
696 4858 1033 4934 honestatisauxilio

241 4949 444 5022 destitutum,
468 4953 681 5026 praesentium
701 4955 899 5019 auctoritate
913 4957 1032 5020 decer·

241 5049 352 5112 nimus
366 5047 499 5110 irritum
510 5047 543 5110 et
558 5049 668 5122 inane,
680 5049 864 5116 districtius
879 5053 1035 5117 inhiben-

240 5147 304 5218 tes,
319 5161 361 5208 ne
377 5145 450 5224 quis
465 5145 519 5208 vel
533 5145 699 5208 inhaerere
711 5147 761 5207 illi
782 5149 836 5211 vel
858 5150 899 5214 de
914 5151 1034 5214 caetero

242 5243 352 5306 simile
365 5242 529 5306 attentare
542 5245 731 5319 praesumat.
749 5245 853 5320 Nulli,
865 5248 940 5320 etc,
955 5264 1035 5311 nos-

242 5343 303 5402 trae
332 5341 578 5404 constitutionis
606 5341 640 5402 et
660 5339 882 5416 inhibitionis,
913 5345 974 5408 etc.
999 5347 1035 5408 si

244 5437 328 5515 quis,
364 5441 426 5501 etc.
456 5439 574 5499 batum
603 5437 770 5510 Laterani,
796 5441 839 5500 v1
872 5439 1034 5506 kalendas

244 5535 335 5608 maii,
348 5535 557 5612 pontificatus
573 5534 678 5598 nostri
688 5550 775 5597 auno
788 5539 915 5600 octavo.

867 334 1042 396 HONORII
1066 336 1110 396 111
1132 335 1280 400 OPERA.

1398 495 1591 596 CXCVIII

1210 657 1262 720 Ad
1280 657 1434 724 abactam
1457 659 1491 720 et
1511 659 1718 722 corruentem
1737 661 1779 722 de

1363 756 1624 818 Mulenbrunne.

1379 885 1608 958 ilaprilisliid.

1128 1005 1387 1072 [warmannus
1398 1007 1612 1068 orlandenbueh,
1625 1009 1669 1069 ιιι,
1683 1009 1738 1069 rsa,
1751 1023 1778 1062 n.
1790 1009 1860 1075 era]

1097 1135 1154 1190 Eos
1167 1130 1299 1204 tuendos,
1312 1142 1341 1192 et
1355 1133 1407 1192 sub
1422 1133 1497 1191 beati
1512 1135 1587 1192 Petri
1605 1143 1634 1193 et
1648 1150 1699 1194 sua
1715 1137 1893 1209 protectione

1427 1223 1554 1300 suscipit.

1134 1341 1302 1404 Honorius
1311 1341 1496 1418 episcopus,
1507 1358 1625 1406 servus
1634 1358 1807 1406 seruorum
1816 1345 1890 1414 Dei,

1095 1435 1223 1500 dilectir
1239 1439 1318 1500 tiliis
1334 1439 1444 1504 abbati
1459 1441 1492 1501 et
1502 1440 1681 1505 conventui
1702 1441 1744 1506 de
1758 1441 1892 1504 Malen-

1094 1533 1236 1610 hrunne‚
1263 1537 1404 1600 salutem
1426 1538 1460 1600 et
1479 1538 1705 1616 apostolicam
1724 1538 1889 1601 henedic-

1094 1634 1228 1696 tionem.

1135 1732 1225 1795 Solet
1239 1750 1386 1797 annuere
1401 1736 1501 1797 Sedes
1515 1735 1706 1813 Apostolica
1718 1735 1785 1814 piis
1799 1735 1889 1796 votis

1094 1830 1127 1892 et
1150 1830 1298 1893 honestis
1326 1833 1508 1910 petentium
1536 1833 1712 1895 desideriis
1738 1831 1887 1896 savorem

1094 1925 1283 1990 benivolum
1298 1929 1472 2007 impertiri.
1494 1931 1688 2011 Eapropter,
1713 1929 1828 1994 dilecti
1851 1931 1888 1993 in

1094 2025 1232 2088 Dommo
1256 2026 1328 2100 tilii,
1349 2029 1471 2098 vestris
1487 2029 1588 2108 justis
1607 2027 1888 2108 postulationibus

1093 2123 1188 2199 grato
1203 2127 1438 2189 concurrentes
1459 2142 1611 2200 assensn,
1628 2141 1792 2204 personas
1806 2141 1888 2188 ves-

1070 2307 1071 2310 *
1092 2222 1161 2282 tras
1177 2221 1210 2284 et
1223 2220 1331 2284 locum
1346 2223 1382 2283 in
1406 2239 1470 2302 quo
1485 2222 1599 2286 divino
1614 2223 1697 2288 estIs
1723 2222 1891 2300 obsequio

1093 2319 1286 2396 mancipati,
1301 2336 1375 2383 cum
1387 2321 1539 2384 omnihus
1549 2321 1644 2384 bonis
1657 2337 1732 2399 quse
1743 2321 1779 2385 iu
1793 2337 1888 2398 prac-

1093 2418 1274 2480 sentiarum
1287 2419 1532 2482 rationabiliter
1545 2420 1693 2498 possidet
1705 2421 1762 2481 aut
1777 2419 1814 2480 in
1833 2418 1890 2478 iu-

1092 2514 1202 2575 turum
1211 2516 1312 2594 justis
1327 2517 1445 2589 modis,
1462 2519 1639 2594 praestante
1655 2515 1808 2584 Domino,
1825 2530 1889 2592 po-

1091 2612 1169 2674 terit
1196 2613 1348 2690 adipisci,
1380 2613 1440 2676 sub
1473 2613 1561 2676 beati
1583 2616 1673 2678 Petri
1703 2615 1735 2675 ct
1770 2615 1889 2675 nostra

1092 2710 1296 2787 protectione
1324 2712 1534 2789 suscipimus.
1559 2711 1756 2790 specialiter
1773 2713 1887 2773 autem

1091 2809 1266 2872 ecclesiam
1281 2810 1321 2870 de
1339 2809 1564 2872 Winresheim
1584 2826 1658 2871 cum
1673 2809 1887 2887 pertinentiIs

1091 2907 1172 2980 suiS,
1195 2923 1215 2969 a
1237 2907 1423 2970 venerabili
1446 2907 1549 2970 tratre
1565 2909 1716 2970 nostro...
1734 2907 1888 2984 Spirensi

1091 3005 1258 3083 episcopo,
1275 3005 1340 3068 loci
1356 3005 1556 3077 dioecesano,
1573 3005 1710 3083 capituli
1723 3005 1776 3066 sui
1787 3021 1890 3067 acca-

1091 3103 1188 3167 dente
1212 3119 1389 3176 consensu,
1414 3104 1618 3166 monasterio
1644 3105 1756 3166 vestro
1785 3103 1888 3180 pleno

1086 3203 1165 3279 jure
1175 3217 1378 3276 concessam,
1391 3216 1432 3265 ao
1441 3201 1509 3263 alia
1519 3201 1605 3264 bona
1614 3203 1736 3273 vestra,
1748 3201 1837 3263 sicut
1845 3217 1887 3264 ea

1092 3299 1203 3360 omnia
1213 3301 1316 3377 Juste,
1327 3299 1487 3361 canonice
1498 3315 1538 3361 ao
1547 3298 1685 3378 paoitice
1692 3298 1885 3376 possidetis,

1090 3393 1184 3456 vobis
1197 3399 1229 3457 et
1244 3395 1446 3457 monasterio
1461 3397 1572 3459 restro
1582 3411 1642 3472 per
1655 3410 1714 3458 vos
1731 3395 1886 3456 auotori-

1090 3491 1158 3554 tate
1178 3493 1368 3569 apostolica
1397 3494 1632 3555 confirmamus
1655 3493 1689 3554 et
1707 3493 1887 3569 praesentis

1091 3589 1206 3668 scripti
1224 3590 1409 3668 patrocinio
1431 3591 1682 3652 communimus.
1709 3589 1803 3651 Nulli
1825 3605 1886 3652 er-

1090 3703 1143 3764 go,
1160 3691 1222 3752 eto.
1241 3688 1275 3749 Si
1290 3688 1364 3766 quis
1374 3690 1496 3761 autem,
1506 3689 1568 3750 etc.
1583 3689 1700 3750 Datum
1712 3687 1885 3760 Laterani,

1092 3787 1119 3846 V
1137 3785 1298 3848 kalendas
1321 3786 1412 3858 maii,
1429 3785 1641 3864 pontificatus
1670 3785 1775 3848 nostri
1794 3801 1887 3847 anno

1090 3885 1218 3946 octavo.

1408 4143 1558 4230 CXCIX

1147 4305 1340 4364 Artabrum
1355 4303 1389 4366 et
1400 4309 1565 4379 poputum
1585 4305 1693 4368 terror
1706 4309 1820 4368 Borea.

1370 4433 1404 4492 il
1415 4435 1510 4507 aprilis
1519 4435 1597 4494 liti.

1237 4557 1331 4622 [Fejen
1343 4558 1428 4610 Codex
1437 4559 1557 4624 diplom,
1572 4559 1615 4618 ill,
1630 4575 1647 4618 ι,
1663 4558 1731 4626 let]

1088 4679 1132 4739 Ad
1146 4679 1337 4742 obedientiam
1349 4685 1384 4742 Α.
1398 4683 1573 4758 presbytero,
1594 4687 1672 4744 vices
1685 4700 1754 4744 suas
1767 4687 1883 4760 gerenti

1123 4767 1327 4918 gzlrrtibffidam,
1359 4771 1466 4832 clerum
1495 4774 1661 4848 incolasque
1689 4781 1772 4832 terra
1800 4776 1884 4834 Bora

1128 4983 1305 5056 Honorius,
1323 4987 1398 5058 eto,
1415 4987 1704 5066 archipresbytero
1725 4989 1759 5053 et
1777 4989 1881 5063 clero,

1088 5097 1128 5144 ac
1142 5081 1263 5160 populo
1276 5083 1375 5146 terrae
1389 5087 1495 5157 Boaae,
1512 5087 1546 5148 et
1559 5085 1645 5150 ultra
1670 5087 1800 5152 Montes
1814 5088 1882 5152 Ni·-

1088 5195 1189 5242 rrum.

1129 5277 1291 5350 Quantam
1318 5277 1358 5338 de
1383 5279 1478 5342 nohis
1501 5296 1656 5357 geramus
1682 5283 1884 5348 sollicitudi-

1089 5389 1176 5446 nem,
1205 5375 1238 5436 et
1265 5375 1388 5451 quanto
1416 5377 1537 5440 affectu
1567 5379 1610 5440 ad
1640 5379 1883 5444 incrementum

1089 5470 1246 5544 vestrum,
1263 5487 1302 5533 ac
1320 5471 1595 5551 tranquillitatem
1615 5477 1648 5540 et
1671 5479 1882 5542 commodum

1088 5567 1309 5642 intendamus,
1327 5584 1370 5630 ex
1384 5585 1424 5632 eo
1439 5572 1575 5648 potestis
1599 5573 1758 5650 colligere
1771 5577 1885 5640 mani·

1089 5664 1181 5736 feste,
1199 5665 1285 5742 quod
1298 5682 1356 5728 vos
1380 5668 1412 5729 et
1430 5670 1552 5732 terram
1573 5671 1718 5734 vestram
1730 5671 1765 5734 in
1777 5675 1835 5752 jus
1850 5677 1886 5740 et
