4104 6330
123 409 180 470 245
723 401 954 465 EPISTOLAE.
977 401 1056 462 LIB.
1078 399 1150 462 vll.
1701 397 1762 459 246

453 573 581 662 XXIV
967 547 1137 630 Laterani,
1152 561 1215 621 xli
1231 557 1394 620 kalendas
1415 553 1610 631 decembris,
1626 553 1762 634 poniifi-

153 687 431 800 adelmannum
449 723 652 786 abbatemet
675 723 880 785 anteceniam
968 658 1061 721 catus
1077 659 1182 720 ⁰⁰⁵t¹⁵¹
1197 669 1284 718 ΜΟ
1300 656 1450 733 ³⁰¹³qu

292 821 500 884 monasterii
513 823 740 884 cassinensis.

381 958 563 1022 mnovemn.
578 957 658 1020 itm.
1310 973 1417 1064 XXV

300 1085 393 1151 nnec,
404 1083 654 1144 ”⁰³³⁰⁶⁰⁵⁸⁵¹²⁰’¹¹’
666 1082 735 1148 Μ]
980 1130 1033 1190 aa
1052 1131 1267 1191 conuersum
1281 1131 1478 1204 episcopam
1491 1125 1749 1190 saonensem·

125 1209 495 1283 poemiam-conditionem
516 1207 726 1276 concessionis,
752 1205 788 1264 ab
812 1205 915 1266 abbate

155 1307 182 1358 ei
209 1307 355 1358 movente
382 1299 549 1356 monasterii
576 1296 755 1356 cassinensis
781 1293 914 1356 iratribus
1224 1269 1260 1327 ²4
1274 1267 1407 1327 ¹³⁰Vemb·
1426 1265 1503 1326 ¹²²²·
1692 1345 1695 1352 ,

156 1390 261 1448 milities
274 1389 385 1460 Templi
396 1386 489 1458 lactc,
503 1386 663 1446 confirmat.
1069 1391 1243 1458 [monuments
1255 1393 1342 1451 Boios,
1355 1397 1375 1443 t.
1389 1391 1479 1452 xxix.
1498 1405 1527 1452 ιι,
1542 1405 1569 1457 p.
1581 1390 1650 1454 aaa]

160 1521 912 1601 Honoriusepiscopns,serrusservorumDei,
969 1517 1085 1577 Mendai
1107 1524 1140 1576 ul
1159 1517 1299 1590 quosdam
1320 1515 1500 1576 Paleriemin
1515 1515 1661 1586 dioecesis,
1678 1513 1763 1574 adso·

125 1621 249 1684 dilectis
273 1617 390 1682 dliis...
417 1619 528 1681 abbati
549 1621 582 1682 et
606 1619 783 1681 conventui
803 1618 915 1680 Cassi-
1003 1604 1759 1693 0⁸¹¹&0ffl0108bui011telslefsseflfflfimflsssslffliffl·

124 1719 225 1792 nensi,
244 1719 390 1780 salutem
416 1719 449 1780 ei
472 1716 694 1794 apostolicam
715 1713 916 1778 benedictio·
1003 1693 1088 1752 “mm
1103 1695 1283 1767 ⁰⁰m90¹¹⁸¹¹¹·

124 1833 205 1878 nem.
1008 1821 1174 1882 Honorius
1185 1819 1495 1899 episcopusservus
1507 1817 1758 1890 servoranei,

160 1913 303 1977 Litteras
331 1913 440 1976 felicis
464 1909 706 1974 recordationis
733 1909 915 1974 Alexandri
969 1919 1151 1980 venerabili
1177 1919 1273 1980 fratri
1299 1919 1453 1996 episeopo
1477 1916 1681 1984 pataviensi,
1700 1931 1760 1976 sa·

124 2027 212 2089 papae
231 2011 489 2089 praedecessoris
517 2009 623 2072 nostri
650 2010 746 2071 nobis
765 2009 801 2070 in
826 2009 915 2070 hunc
969 2014 1071 2079 lutem
1087 2019 1119 2080 et
1132 2017 1356 2095 apostolicam
1370 2015 1646 2077 benedictionem·

124 2109 251 2172 modum
263 2111 452 2187 recepimus
466 2107 708 2186 praesentatas:
816 2170 818 2176 ,
1008 2110 1761 2192 DilectiflliicapitulumPataviensisecolesiae
1832 2137 1837 2145 ·

159 2208 386 2270 «Alexander
403 2207 591 2284 episeopus,
608 2219 725 2267 servus
743 2219 914 2267 serrorum
969 2226 1105 2287 gravem
1130 2211 1171 2273 ad
1195 2227 1256 2274 nos
1276 2211 1518 2289 querimoniam
1540 2208 1758 2281 destinarunt,

125 2304 190 2378 Dei,
210 2301 343 2367 dilectis
365 2303 444 2366 filiis
462 2303 513 2374 P„
536 2303 659 2376 abbati,
681 2305 714 2366 et
739 2302 915 2365 conventui
970 2308 1056 2386 quod
1082 2310 1210 2372 nobiles
1233 2310 1336 2371 viri...
1367 2324 1477 2370 comes
1498 2308 1538 2368 de
1554 2305 1761 2374 Ortemhure,

126 2403 324 2476 cassinensi,
342 2403 483 2464 salutem
507 2402 540 2463 ct
562 2399 785 2478 Apostolioam
808 2399 915 2461 bene·
970 2409 1009 2469 R.
1035 2406 1068 2469 et
1094 2411 1146 2481 Α.,
1168 2423 1297 2469 necnon
1313 2407 1446 2484 quidam
1465 2405 1524 2466 alii
1540 2404 1762 2482 propnijeno.

125 2498 308 2562 dictionem.
325 2503 375 2562 Ex
391 2499 503 2562 vestra
523 2499 721 2560 transmissa
740 2497 912 2570 relatione,
970 2503 1115 2567 minibus
1139 2504 1360 2582 exprimendi,
1376 2503 1586 2566 Pataviensis
1608 2500 1763 2563 dioecesis

125 2597 155 2658 et
175 2597 372 2660 dilectorum
387 2597 532 2658 filiatum
554 2596 915 2664 nostrorumFratPOEH
970 2602 1151 2665 advocatie
1167 2602 1287 2676 oiflcio,
1307 2602 1394 2680 quod
1408 2603 1444 2662 in
1459 2599 1601 2663 eeclesia
1615 2599 1688 2675 ipsa
1701 2596 1763 2660 oh-

125 2691 247 2758 miliiiae
261 2694 391 2773 Templi
414 2693 625 2757 consessione
638 2693 785 2756 innotuit
806 2691 934 2766 nobis,
969 2699 1086 2773 tinent,
1115 2697 1344 2778 multiplieiter
1368 2697 1553 2771 abutentes,
1577 2709 1650 2758 eam
1663 2694 1763 2757 inde-

126 2792 204 2868 quod
219 2793 270 2854 cis
283 2793 417 2854 domum
431 2791 607 2869 quamdam
622 2790 709 2868 apud
726 2791 759 2852 S.
777 2793 917 2852 Germa·
969 2797 1036 2860 bite
1064 2799 1249 2874 aggravant
1277 2797 1311 2860 ei
1333 2796 1519 2859 molestant.
1549 2793 1632 2866 Quia
1660 2791 1764 2870 igitur

126 2905 207 2963 num,
221 2891 414 2952 nostrarum
426 2905 562 2967 precum
579 2889 712 2963 intuitu,
730 2887 917 2951 concessis·
970 2910 1036 2955 non
1062 2889 1112 2958 est
1139 2895 1370 2972 aequanimiter
1394 2892 1604 2956 tolerandum
1632 2892 1680 2963 ut,
1705 2888 1763 2967 qui

126 2986 175 3060 iis,
188 3001 227 3048 ea
240 2987 432 3050 conditione
448 2987 588 3063 amoma,
603 2987 641 3048 ut
659 2986 845 3056 ecclesiam,
862 2985 915 3047 rel
970 2991 1049 3054 suni
1075 2993 1117 3054 ad
1140 2992 1332 3070 praesidium
1357 2991 1508 3053 ecclesius
1541 2987 1698 3066 cepnae,
1726 2987 1764 3047 in

128 3085 305 3146 oratorium
325 3086 519 3147 construere
540 3083 628 3160 apud
651 3097 725 3144 oum
745 3097 812 3144 non
833 3085 914 3159 pos·
969 3085 1761 3169 bonisipsiushujusmodioccasioneorasseniur,

128 3181 197 3253 sint,
217 3197 329 3260 neque
347 3181 576 3259 possessiones
598 3180 769 3242 hominurn
786 3179 917 3241 vestro-
970 3187 1170 3250 fraternitati
1179 3189 1247 3249 tue
1260 3201 1319 3264 per
1329 3184 1518 3263 apeemliea
1531 3183 1654 3259 serinia
1666 3195 1765 3242 man-

127 3293 203 3351 mm,
218 3279 253 3340 in
282 3279 476 3340 monasterii
502 3275 725 3354 dispendium,
749 3277 915 3354 emptione
970 3284 1097 3354 damus,
1110 3286 1282 3362 pusinnae,
1295 3283 1324 3344 si
1337 3283 1454 3354 estiia,
1467 3281 1644 3343 advocatos
1659 3279 1761 3356 Ipsos,

40 3388 43 3394 ·
126 3376 173 3435 rel
183 3376 270 3438 dono
285 3375 421 3438 lucrari.
433 3375 589 3438 volentes
604 3375 912 3452 linqueprovidere,
969 3383 1007 3444 nt
1019 3382 1061 3443 ab
1074 3380 1221 3460 ejusdem
1229 3381 1379 3442 eeclesiae
1387 3374 1765 3456 gravemineoonqnies-

128 3475 160 3535 ut
170 3474 209 3536 de
220 3475 448 3546 concessione,
466 3489 541 3550 qnae
560 3472 601 3534 ad
617 3486 735 3550 preces
744 3471 915 3550 Apostoli·
970 3480 1058 3554 nent,
1087 3480 1269 3542 monitione
1296 3478 1479 3556 premisse,
1504 3487 1763 3553 percensuram

128 3583 179 3630 css
203 3569 293 3632 iacta
316 3569 377 3642 est,
413 3569 543 3630 nullum
569 3569 712 3630 ecclesia
743 3569 854 3630 vestra
879 3569 916 3629 in
970 3575 1242 3647 ecelesiasticam,
1268 3573 1490 3651 appellatione
1524 3569 1663 3642 remota,
1685 3573 1763 3646 jus·

129 3667 288 3742 posterum
317 3663 547 3744 praejudicinm
574 3665 731 3743 patiatur,
753 3665 918 3731 eenditio-
969 3672 1044 3735 tiiia
1057 3673 1234 3745 mediante,
1251 3671 1441 3747 compellas.
1459 3668 1574 3730 Testes
1584 3669 1695 3728 autem
1706 3665 1764 3743 qui

128 3777 197 3822 uem
208 3763 418 3825 concessioni
427 3762 589 3840 adjectam
600 3759 791 3839 apostolica
805 3761 917 3824 aucto·
970 3769 1281 3842 fuerintnemineti,
1310 3769 1339 3830 ei
1364 3784 1400 3830 se
1418 3766 1538 3844 graiis,
1560 3765 1637 3827 odio
1650 3764 1704 3826 vel
1718 3764 1765 3825 ti-

129 3859 218 3922 riid'ie
242 3875 419 3922 censemus
434 3859 675 3922 inviolabiliter
695 3858 916 3921 inimisiem-
970 3882 1063 3930 more
1075 3867 1312 3940 subtraxerint,
1337 3877 1587 3943 percensuram
1600 3861 1761 3932 eamdem,

132 3957 261 4032 poribus
286 3955 539 4019 obsemandam.
562 3956 655 4019 Nulli
678 3971 758 4034 ergo
782 3957 917 4018 omnino
971 3964 1193 4042 appellatione
1226 3963 1387 4034 cessante,
1426 3960 1605 4037 compellas
1630 3955 1765 4020 uenisti

131 4053 293 4117 hominum
308 4056 510 4118 liceathanc
534 4055 690 4132 paginam
704 4061 828 4116 nostres
842 4070 918 4116 con·
970 4062 1196 4126 testimonium
1221 4059 1407 4138 perhibere.
1437 4058 1556 4119 Datum
1592 4054 1762 4126 Laterani,

131 4149 318 4215 firmationis
328 4151 522 4229 infringere,
534 4152 588 4214 vel
598 4153 630 4213 ei
641 4169 726 4213 ausu
737 4152 916 4214 temerario
971 4161 1031 4224 v11
1044 4158 1205 4221 kalendas
1222 4157 1416 4230 decembris,
1434 4155 1646 4234 pontificatus
1659 4151 1765 4214 nostri

132 4251 299 4311 mniraire.
330 4249 365 4310 Si
401 4250 476 4326 quis
511 4249 622 4310 sutem
656 4249 721 4312 hoc
753 4249 917 4312 attentare
972 4257 1226 4336 annnneptimo.
1861 4239 1865 4242 ’

132 4345 382 4423 presumpserit,
400 4345 663 4422 indignationem
683 4346 917 4424 omnipotentis

132 4443 193 4514 Dei,
209 4445 242 4508 et
262 4443 437 4506 beatorum
453 4443 544 4504 Petri
567 4444 600 4504 et
618 4443 714 4504 Pauli
737 4443 917 4520 Apostolo-

134 4552 201 4602 rum
225 4543 300 4618 ejus
326 4553 363 4600 se
389 4539 521 4602 noverit
550 4540 773 4602 incursurum.
798 4541 917 4602 Datum
1306 4547 1434 4638 XXVI

132 4635 313 4710 Tusculani,
327 4639 404 4698 Xlll
415 4635 577 4699 kalendas
591 4636 777 4698 octobris.»

165 4735 230 4796 Nos
252 4734 356 4812 igitur
383 4734 469 4812 quod
505 4749 525 4795 a
556 4733 643 4796 dicto
672 4734 927 4812 predecessore·
972 4715 1024 4776 Aa
1056 4712 1213 4775 abbatem
1246 4709 1280 4774 el
1315 4712 1476 4785 pridiem
1509 4710 1544 4770 S·
1584 4706 1766 4781 Gelwvsssffl

133 4832 236 4894 nostro
260 4831 384 4892 iactum
408 4833 459 4892 est
483 4831 520 4891 in
543 4830 607 4891 hac
633 4832 860 4907 pertensium
886 4832 919 4894 ei
1011 4810 1046 4872 θῑ
1065 4810 1275 4886 ”2³0ssle
1297 4810 1345 4881 Su
1370 4808 1574 4870 ‘mimicum
1596 4807 1631 4868 S·
1650 4807 1766 4866 Bene·

133 4924 255 4990 firmum
276 4927 447 5000 habentes,
469 4927 551 4989 illud
565 4927 756 5004 apostolice
772 4929 919 4991 auctori·
1012 4908 1094 4970 dmi
1110 4908 1285 4970 Ρανῑὸῑθη·

134 5023 193 5086 iate
214 5025 462 5098 confirmamus,
477 5026 510 5087 et
523 5025 698 5102 praesentis
725 5025 840 5103 scripti
864 5041 919 5103 pa·
1232 5041 1411 5102 ppnovemp
1429 5041 1508 5101 Μ.

133 5121 266 5185 moninio
289 5123 541 5184 communimus.
561 5122 655 5184 Nulli
678 5139 758 5200 ergo
783 5123 917 5184 omnino
1003 5167 1122 5236 meges,
1137 5167 1181 5220 lii.
1196 5167 1381 5233 emm
1395 5167 1453 5218 ms.
1466 5165 1585 5216 narone
1597 5157 1735 5228 pennen]

135 5214 294 5300 hominum
311 5219 412 5280 liceat
423 5218 510 5280 hano
525 5219 816 5296 paginamnostrae
832 5235 916 5281 con-

136 5311 324 5378 firmationis
335 5315 528 5392 infringere,
538 5317 632 5378 selei
644 5317 916 5379 ansutemerario
971 5293 1148 5365 0¹¹⁰fid⁵³¹¹ffi
1162 5292 1385 5362 di³²¹¹¹³¹¹¹3⁰⁰⁰⁵⁹
1405 5306 1469 5364 ΨΜ
1488 5297 1598 5390 ΜΨ]
1613 5285 1764 5390 “Pidemff‘

1006 5383 1081 5442 tibus
1092 5383 1239 5440 canonicis
1254 5380 1433 5448 exhibentur,
1452 5381 1486 5437 ll.
1502 5377 1653 5436 Ebroicen.
1670 5375 1765 5435 archi·

135 5415 301 5476 mmmm·
341 5414 375 5474 si
402 5413 476 5490 qm
514 5416 625 5476 autem
656 5414 719 5476 ¹¹⁰⁰
754 5415 917 5476 attentam
1006 5471 1127 5530 diacono
1141 5471 1226 5530 tribui
1241 5485 1298 5528 non
1313 5469 1427 5528 debent.

136 5511 383 5588 presumpserit,
397 5511 662 5586 indignationem
681 5511 916 5588 omnipotentis

136 5605 197 5680 liei,
216 5610 250 5673 ei
271 5607 443 5671 hestorum
461 5608 553 5670 Petri
567 5611 600 5670 et
619 5607 716 5670 Pauli
737 5607 915 5686 Apostolo·
1010 5607 1187 5678 Honorius,
1214 5607 1289 5678 etc,
1312 5602 1441 5666 dilectis
1467 5602 1583 5663 liliis...
1605 5599 1716 5664 abbati
1732 5599 1765 5662 et

137 5717 200 5767 mm
223 5709 295 5785 ejus
322 5723 358 5770 se
386 5707 517 5770 nouerit
547 5706 770 5770 incursorum.
797 5708 914 5770 Datum
970 5705 1075 5784 priori
1091 5703 1203 5768 Sancti
1217 5702 1391 5766 Genoveiae
1413 5703 1445 5764 et
1467 5700 1626 5776 magistro
1640 5701 1686 5771 S,
1703 5712 1763 5760 ca-
