4102 6322
249 380 285 440 li

247 557 308 620 per
330 541 438 619 ipsum
459 542 529 602 tam
559 540 594 602 in
618 535 859 618 spiritualibus,
885 553 984 616 quarn
1007 523 1063 599 ln'

246 637 531 717 temporabilibus,
554 637 683 699 utiliter
698 635 954 714 providendum3
973 637 1042 698 tam
1143 644 1146 648 ·

247 737 443 800 electionem
466 736 615 813 capituli,
639 751 737 813 quam
758 733 1041 797 confirmationem

247 836 336 898 tuam
350 837 457 896 ratam
471 831 631 895 babemus
645 836 678 895 et
690 833 828 909 gratam,
840 832 901 894 tibi
913 833 947 894 et
961 831 1042 908 ipsis

247 934 383 996 auctore
396 931 536 994 Domino
552 932 652 1008 digna
664 930 897 992 uicissitudine
908 945 1043 1006 respon·

248 1032 331 1103 suri,
348 1031 460 1107 utpote
482 1030 537 1107 qni
560 1030 753 1106 reputamus
775 1043 836 1089 nos
855 1027 890 1088 in
913 1043 953 1089 eo
967 1028 1043 1104 plu-

248 1131 370 1191 rimum
382 1129 553 1191 honorari.
566 1128 683 1189 Datum
697 1125 866 1199 Laterani,
879 1127 925 1187 ΙΙΙ
935 1139 1042 1187 nonas

248 1225 456 1304 septembris,
473 1224 685 1303 pontificatus
703 1225 810 1288 nostri
828 1239 916 1286 anno
934 1224 1041 1285 sexto.

600 1519 693 1606 XIV

246 1673 299 1733 Ad
312 1672 562 1734 mtrttstertates
576 1673 728 1733 ecclesiia
735 1671 1040 1732 Himensemensts.

500 1802 517 1861 9
531 1800 700 1875 septembris
715 1801 794 1860 itii.

384 1925 494 1991 [Scirem.
510 1923 624 1989 Origines
636 1925 762 1984 Guelficae,
776 1923 819 1984 ΙΙΙ,
836 1922 903 1988 582]

248 2053 316 2110 illos
326 2059 422 2108 monet
433 2067 469 2108 ne
481 2065 513 2108 se
523 2050 657 2124 ingerant
666 2049 855 2108 electionibus
866 2047 1040 2121 pontillcum.

288 2186 455 2247 Honorius
466 2185 652 2262 episeopus,
664 2183 1040 2256 servassemorumllei,

248 2283 379 2346 dilectis
400 2283 491 2354 tiliis,
511 2283 786 2345 ministerialibus
804 2282 955 2344 ecclesiae
970 2282 1044 2342 Hil-

248 2382 489 2455 densemensis,
507 2381 647 2442 salutem
665 2381 699 2442 et
712 2380 928 2458 apostolicam
941 2379 1044 2442 hene-

248 2479 437 2542 dictionem.
1061 2537 1065 2548 ,

288 2580 369 2638 Cum
389 2577 504 2639 scietis
527 2577 579 2638 vel
612 2575 699 2638 scire
721 2591 781 2638 vos
805 2575 932 2649 deceat,
956 2565 1041 2652 quod
1064 2643 1065 2652 ,

247 2692 314 2737 non
336 2677 401 2738 erit
423 2676 532 2737 haeres
552 2676 642 2736 tilius
660 2673 792 2736 ancillae
816 2689 891 2735 cnm
911 2673 980 2734 tilio
995 2672 1041 2732 li-

246 2773 352 2848 berae;
370 2787 579 2850 nequaquam
598 2773 641 2834 ad
660 2771 884 2834 ancillandam
901 2769 1041 2832 Hilden-

245 2877 431 2933 semensem
447 2872 635 2943 ecclesiam,
652 2872 791 2932 mairem
809 2871 966 2940 vestram,
984 2869 1041 2930 sed
1062 2940 1064 2951 .

244 2969 355 3046 potins
370 2970 405 3032 in
426 2969 578 3032 libertate
599 2968 797 3031 servandam
816 2967 895 3030 totis
914 2967 1041 3029 viribus
1062 3025 1064 3034 ,

243 3067 308 3128 'niti
323 3067 462 3138 debetis,
477 3083 530 3138 ne,
548 3067 633 3142 quod
649 3066 745 3136 absit,
762 3063 969 3136 exhaeredes,
984 3065 1040 3126 sed

242 3162 397 3225 haeredes
412 3165 518 3239 magis
533 3165 731 3225 testamento
746 3163 892 3225 adscribi
912 3174 1043 3224 merea-

242 3261 328 3322 mini
347 3262 466 3322 summi
486 3253 607 3322 Patris.
629 3263 737 3333 Quare
759 3276 825 3321 non
846 3261 920 3322 sine
941 3275 1041 3321 causa

246 3359 418 3426 miramur,
440 3359 538 3436 quod,
562 3374 636 3419 cum
652 3357 809 3436 quaelibet
833 3357 974 3422 ecclesia
988 3345 1063 3419 se-³

246 3457 390 3520 cundum
413 3437 592 3520 canonicas
613 3457 802 3518 sanctiones
822 3456 856 3517 in
879 3455 1041 3519 electione

208 3593 211 3599 ,
244 3555 459 3634 praelatorum
488 3555 586 3632 plena
616 3554 760 3630 gaudeat
785 3554 950 3627 libertate,
982 3567 1041 3616 ves

246 3669 306 3730 pro
327 3669 378 3725 eo,
402 3653 489 3730 quod
508 3652 588 3714 estis
607 3651 846 3713 ministeriales
865 3651 1043 3713 Hildense-
1062 3649 1064 3657 '

245 3752 370 3812 mensis
386 3752 547 3824 ecclesiae,
565 3753 620 3828 Jus
636 3750 671 3811 in
695 3750 856 3812 electione
874 3749 1041 3828 pontilicis
1062 3757 1065 3767 ’

245 3848 399 3910 nitamini
424 3864 599 3925 usurpare,
625 3865 692 3909 non
723 3847 924 3920 attentando,
954 3846 1065 3926 quodz

245 3946 287 4007 ad
312 3946 375 4006 boc
406 3945 558 4007 dominus
582 3948 692 4018 Onam,
719 3947 776 4022 qui
799 3961 933 4006 manum
953 3961 1040 4007 arcae

245 4043 400 4120 apposuit
413 4043 596 4115 inclinatae,
613 4043 788 4120 percussit,
811 4045 847 4104 ut
866 4041 962 4104 laicis
981 4043 1040 4102 in·
1063 4053 1064 4058 ’

244 4139 423 4202 terdiceret
438 4139 612 4201 audaciam
633 4155 669 4200 se
688 4139 788 4200 rebus
804 4139 1040 4200 ecclesiasticis
1063 4144 1064 4170 ³

245 4237 430 4314 ingerendi.
448 4238 531 4310 Quia
546 4237 706 4313 igiturex
721 4236 823 4297 simili
837 4236 891 4298 vel
909 4253 951 4298 ex
962 4253 1042 4312 gra-

243 4336 330 4399 viori
353 4335 451 4412 culpa
474 4335 618 4396 similem
639 4333 692 4395 vel
714 4334 879 4395 acriorem
903 4335 1040 4410 potestis
1063 4413 1064 4422 ἵ

243 4433 424 4497 formidare
456 4433 652 4506 vindictam3
685 4431 936 4494 universitatem
959 4447 1064 4514 res-¹

243 4536 330 4597 tram
359 4547 532 4594 monemus
557 4531 589 4594 et
616 4529 792 4591 hortamur
821 4529 956 4603 attente,
982 4523 1064 4608 pert}

243 4630 433 4708 ¹llpostolica
459 4629 553 4692 vobis
586 4629 711 4706 scripta
743 4615 884 4690 tirmiter
915 4621 1064 4705 praeciss

140 4805 143 4817 Ι
243 4728 366 4806 ptendo
394 4726 600 4799 mandantes,
629 4731 794 4805 quatenus
823 4725 1063 4789 electionibus*

246 4823 438 4902 pontificum
455 4841 515 4886 vos
535 4823 713 4888 decaetero
732 4823 925 4886 nullatenus
945 4824 1041 4900 inge-

243 4924 430 4995 retiacum
451 4921 484 4983 ld
508 4937 717 4999 nequaquem
737 4922 903 4998 possimus
926 4934 1040 4999 aequa-

244 5021 382 5085 nimiter
412 5020 568 5092 tolerare,
595 5020 672 5097 quia
699 5019 768 5097 pati
798 5035 860 5082 nec
885 5021 1063 5106 volumus*

241 5137 308 5184 nec
327 5117 484 5182 dehemus
506 5117 665 5180 ecclesias
686 5116 799 5180 taliter
822 5117 941 5196 subjici
967 5133 1040 5180 ser-

243 5219 353 5281 vituti.
370 5217 489 5280 Datum
506 5216 674 5290 Laterani,
689 5217 719 5276 v
737 5215 812 5277 ldus
830 5214 1036 5294 septembris,

238 5315 454 5396 'pontificatus
466 5315 571 5378 nostri
587 5329 674 5377 anno
690 5315 796 5376 sexto.

868 376 1044 456 noncuu
1067 375 1111 437 ιιι
1133 377 1281 438 ornan.

1097 697 1149 756 Ad
1162 696 1363 758 bertoldum
1372 696 1616 768 passaranum
1629 697 1897 770 Academiam.

1340 826 1554 899 temptaminis
1570 827 1647 885 lati.

1284 947 1404 1013 [Ugbellb
1420 949 1493 1000 ltalia
1506 965 1585 1010 sacra,
1597 951 1629 1010 V,
1639 949 1708 1015 dib]

1097 1064 1212 1122 blandai
1227 1072 1259 1123 ut
1272 1066 1423 1124 Peleusem
1437 1067 1605 1141 episcopum
1619 1067 1773 1139 compellat
1790 1065 1826 1124 ad
1839 1081 1895 1140 ee·

1133 1152 1269 1223 dendum,
1277 1170 1363 1226 quum
1374 1155 1451 1228 prius
1461 1155 1810 1230 ipsetmetabApostolice
1819 1155 1901 1214 Sede

1132 1243 1316 1316 postulaverit
1330 1252 1361 1302 ut
1375 1259 1426 1302 sua
1442 1243 1607 1303 admittetur
1622 1245 1726 1304 cessio.

1136 1368 1898 1448 Honoriusepiscopus,serrusseruorumbei,

1097 1466 1282 1528 venerabili
1315 1467 1411 1530 tratri
1443 1469 1643 1546 patriarchae
1675 1468 1898 1548 Aquileiensi,

1097 1564 1239 1627 salutem
1253 1566 1287 1627 et
1303 1566 1522 1642 apostolicam
1536 1566 1814 1629 benedictionem.

1136 1662 1255 1724 Dileoti
1279 1663 1341 1724 lilii
1361 1664 1630 1737 archidiaconus,
1656 1666 1690 1726 et
1712 1664 1901 1742 capitulum

1097 1760 1252 1833 Polense,
1268 1761 1467 1823 transmissa
1484 1762 1581 1824 nobis
1594 1763 1766 1840 petitione,
1776 1777 1899 1824 mons-

1096 1859 1240 1930 trarunt,
1256 1859 1431 1935 quodcum
1447 1860 1650 1922 venerabilis
1665 1860 1770 1923 frater
1780 1860 1901 1922 noster

1098 1958 1123 2015 l.
1140 1956 1293 2018 Polensis
1308 1956 1483 2034 episcopus
1499 1959 1634 2035 propter
1648 1957 1799 2020 diversas
1813 1974 1902 2020 cau-

1098 2069 1165 2126 sas,
1181 2070 1262 2132 quas
1278 2053 1374 2116 nobis
1394 2070 1454 2132 per
1473 2071 1551 2117 suas
1566 2055 1694 2116 litteras
1714 2055 1896 2128 intimarit,

1098 2151 1248 2227 petiisset
1257 2168 1332 2212 cum
1344 2151 1504 2216 instantia
1517 2150 1567 2232 [ul
1575 2151 1816 2232 acciperemus]
1827 2168 1901 2214 ces-

1098 2249 1236 2320 sionem,
1253 2265 1314 2310 nos
1339 2249 1472 2311 tandem
1495 2253 1569 2328 ejus
1585 2250 1709 2312 devicti
1726 2249 1897 2328 precibuS,

1097 2345 1281 2408 venerabili
1302 2345 1399 2408 tratri
1418 2348 1532 2410 nostro
1555 2347 1710 2425 episcopo
1730 2347 1763 2409 ei
1779 2347 1899 2410 archi-

1097 2444 1238 2505 diacono
1257 2443 1438 2505 Absarensi
1453 2445 1577 2506 nostris
1600 2445 1750 2507 dedimus
1772 2445 1898 2507 litteris

1096 2541 1132 2602 in
1146 2540 1322 2613 mandatis,
1339 2543 1372 2603 et
1386 2542 1459 2603 vice
1472 2543 1790 2614 nostra,cessi0nem
1805 2542 1900 2602 reci-

1097 2639 1226 2715 pientes
1239 2639 1357 2715 ipsius,
1374 2638 1519 2716 capitulo
1535 2640 1669 2704 Polensi
1684 2639 1895 2711 mandarent,

1098 2738 1134 2797 ut
1156 2736 1219 2797 sibi
1241 2737 1281 2798 de
1307 2752 1448 2814 persona
1477 2736 1597 2799 idonea
1616 2753 1676 2815 per
1698 2738 1898 2800 electionem

1098 2833 1293 2895 canonicam
1313 2835 1348 2894 in
1369 2835 1561 2912 episcopum
1584 2835 1807 2913 providerent.
1829 2822 1895 2897 Sed

1097 2947 1185 2992 nunc
1202 2930 1380 3008 praedictus
1391 2933 1544 2993 Polensis
1560 2933 1734 3010 episcopus
1747 2932 1894 2994 monitus

1097 3029 1138 3089 ab
1170 3027 1310 3102 eisdem,
1339 3029 1457 3091 cedere
1490 3031 1769 3106 praetermittitur,
1795 3031 1896 3108 prout

1096 3125 1197 3187 iidem
1222 3127 1291 3187 suis
1310 3125 1406 3188 nobis
1427 3127 1548 3189 litteris
1568 3128 1791 3190 insinuarunt.
1813 3127 1894 3188 Cum

1096 3223 1208 3300 itaque
1226 3225 1404 3300 praedictus
1420 3225 1572 3286 Polensis
1583 3226 1758 3303 episcopus
1772 3225 1807 3286 in
1821 3241 1895 3302 pos·

1096 3320 1258 3382 iulatione
1272 3322 1433 3383 cessionis
1446 3323 1649 3400 hujusmodi,
1670 3324 1728 3384 aut
1742 3320 1892 3385 ecclesiae

1096 3418 1315 3486 commodum,
1332 3420 1385 3479 cui
1402 3421 1533 3496 praeest,
1547 3422 1604 3482 aut
1616 3419 1757 3482 salutem
1777 3420 1894 3483 ridea-

1096 3517 1328 3592 turpropriam
1340 3517 1530 3589 attendisse,
1541 3533 1601 3579 nos
1612 3519 1765 3580 neutrum
1777 3533 1891 3580 eorum

1096 3613 1245 3675 volentes
1258 3613 1392 3676 leuitate
1406 3614 1553 3691 qualibet
1567 3617 1756 3693 praepediri,
1772 3616 1894 3678 irater·

1097 3710 1193 3772 nitati
1204 3711 1268 3772 tuae
1282 3713 1538 3790 perApostolica
1550 3713 1671 3790 scripta
1682 3713 1890 3788 mandamus,

1096 3809 1272 3886 quatenus,
1285 3809 1314 3870 si
1325 3810 1375 3871 est
1387 3809 1445 3882 ita,
1458 3825 1533 3870 eum
1547 3809 1587 3872 ed
1602 3809 1784 3872 cedendum
1794 3812 1893 3888 Juxta

1096 3907 1219 3968 statuta
1235 3908 1369 3969 concilii
1379 3907 1547 3983 generalis
1558 3909 1755 3972 auctoritate
1765 3910 1889 3984 nostre,

1096 4006 1247 4066 cessante
1266 4005 1503 4082 appellatione,
1518 4006 1713 4082 compellas;
1730 4005 1892 4068 mandans

1096 4101 1240 4177 capitulo
1256 4103 1407 4164 Polensis
1423 4103 1584 4180 ecclesiae,
1602 4105 1640 4165 ut
1652 4105 1716 4165 sibi
1730 4120 1790 4181 per
1804 4104 1894 4166 elec-

1095 4197 1219 4259 tionem
1239 4201 1434 4261 canonicam
1449 4201 1490 4262 de
1509 4217 1653 4278 persona
1667 4200 1800 4274 idonea,
1817 4216 1892 4279 quae

1094 4296 1187 4358 tanto
1202 4297 1365 4372 congruat
1387 4299 1481 4359 oneri
1500 4301 1533 4360 et
1547 4299 1678 4370 honori,
1696 4299 1893 4376 provideant

1097 4393 1132 4454 in
1147 4393 1338 4472 episcopum
1352 4395 1385 4456 et
1396 4396 1575 4471 pastorem.
1590 4398 1708 4459 Datum
1722 4396 1890 4470 Laterani,

1096 4482 1198 4555 lVid.
1216 4495 1402 4570 septenne
1418 4493 1524 4555 sexto.
1609 4537 1611 4542 -

1449 4717 1540 4804 XVI

1094 4859 1146 4918 Ad
1159 4860 1445 4934 arcticpiscopos,
1459 4861 1680 4934 episcoparet
1694 4864 1779 4924 otios
1793 4869 1892 4926 eccle·

1134 4957 1271 5017 storum
1283 4958 1448 5032 praelatos
1459 4973 1526 5032 per
1544 4959 1746 5021 Tautantum
1759 4963 1890 5024 corasti-

1135 5053 1239 5116 tutos.

1335 5177 1368 5235 l0
1382 5175 1551 5250 septembris
1568 5175 1645 5236 itii.

1234 5289 1396 5356 [Sudendort
1412 5291 1565 5354 liegistrum,
1578 5293 1597 5352 l,
1608 5291 1649 5352 at,
1660 5307 1685 5344 n.
1698 5293 1751 5360 ab]

1095 5399 1188 5472 Rogat
1198 5399 1340 5458 Honorius
1352 5407 1382 5456 ut
1393 5401 1608 5474 crucesignatos
1625 5417 1724 5459 earum
1736 5400 1891 5462 dioeccsunt

1129 5485 1889 5563 babeantcommendatcsnequeeosindebitcvexent,

1131 5591 1228 5636 verum
1241 5575 1350 5635 eisdem
1363 5576 1469 5650 aliquid
1484 5576 1643 5636 debitorum
1659 5579 1814 5639 remittant.

1133 5695 1301 5760 Honorius
1312 5695 1498 5774 episcopus,
1510 5711 1625 5758 servus
1634 5711 1807 5762 servorum
1819 5699 1889 5773 liei,
