4168 6344
277 381 317 446 aa
898 377 1311 461 sononumoaaaa.
1886 382 1940 443 ea

273 540 395 609 abbata
409 537 697 604 medicanunis
713 537 880 606 senonen.
890 539 1073 616 etcollegis
1127 540 1226 604 nibus
1236 541 1289 604 vel
1300 538 1485 618 sumptibus
1494 555 1534 602 aa
1545 539 1666 616 colitis,
1678 541 1935 604 sententialiter

273 640 391 714 suisa
410 637 495 702 Sede
517 635 711 714 apostema
734 634 912 713 delegatis
927 635 1073 704 decimas
1128 638 1347 702 confirmavit.
1361 641 1399 700 ln
1417 638 1548 716 reliqua
1562 655 1643 701 vero
1658 639 1765 716 parte,
1782 639 1930 712 scilicet,

275 737 457 809 novalium,
470 751 543 812 quae
555 749 617 798 vos
629 733 853 804 excolueratis
864 733 1075 812 1111333111
1129 736 1165 797 ut
1178 735 1326 798 decimas
1344 735 1482 798 solvatis
1497 735 1538 798 dc
1552 735 1738 808 novalibus,
1757 746 1830 813 quae
1849 738 1933 814 post

276 830 959 912 1311131111113,1131111111333113
973 844 1074 908 super
1127 833 1284 910 generale
1302 832 1485 895 Concilium
1509 833 1702 910 extimastis
1724 833 1932 897 sententiam

276 931 343 994 boc
362 929 510 1007 legitime
531 929 726 1002 contestata,
743 928 913 1006 productis
931 928 1074 992 testibus
1128 929 1321 1008 reprobavit
1342 946 1470 1004 eorum,
1492 929 1694 994 absolvendo
1714 946 1774 994 vos
1795 947 1931 1008 aprae-

273 1029 308 1092 at
329 1027 489 1091 exhibitis
511 1027 708 1104 privilegiis,
731 1043 791 1090 vos
814 1042 835 1092 a
859 1027 1075 1104 praestatione
1127 1029 1272 1094 statione
1295 1028 1499 1092 decimarum
1524 1029 1695 1092 novalium
1718 1028 1930 1102 eorumdem,

180 1155 189 1170 ·
275 1125 481 1188 decimarum
513 1124 683 1186 novalium
718 1125 960 1200 extirpatorum
995 1123 1072 1185 ante
1128 1126 1165 1188 ut
1178 1125 1334 1188 videlicet
1346 1125 1386 1187 de
1398 1125 1480 1204 ipsis
1502 1123 1544 1188 ad
1563 1124 1709 1188 decimes
1724 1143 1791 1188 non
1804 1128 1932 1190 tenea-

272 1223 461 1285 concilium
489 1222 660 1298 generale,
685 1221 832 1299 quandiu
857 1237 899 1283 ex
927 1220 1072 1298 propriis
1127 1223 1209 1285 mini
1236 1222 1484 1300 persolvendas,
1501 1224 1662 1301 quamdiu
1683 1224 1756 1301 ipsa
1779 1225 1930 1304 propriis

272 1319 428 1382 manibus
440 1319 495 1382 vel
516 1319 701 1398 sumptibus
716 1318 872 1381 coleretis
887 1318 1072 1380 sententia·
1127 1319 1280 1382 manibus
1316 1320 1370 1382 vel
1398 1320 1583 1398 sumptibus
1616 1322 1780 1384 duremus
1815 1338 1927 1384 exco-

273 1419 353 1480 liter
376 1417 600 1489 absolverunt,
623 1417 658 1480 et
682 1415 727 1478 ad
749 1417 948 1478 solutionem
975 1413 1071 1478 deci·
1126 1417 1397 1492 lenda5maxime
1412 1433 1487 1479 cum
1502 1419 1700 1496 expertium
1715 1416 1930 1482 confessione

272 1530 404 1578 marum
416 1515 586 1576 novalium
599 1513 803 1587 eorumdem,
815 1529 888 1591 qitae
897 1513 972 1593 post
983 1513 1071 1575 idem
1127 1514 1304 1588 constaret,
1327 1515 1413 1594 quod
1433 1515 1482 1576 nil
1504 1516 1545 1577 de
1570 1517 1672 1578 terris
1696 1517 1809 1594 petitis
1828 1515 1929 1580 vobis

272 1600 530 1691 extirpaveratis
555 1611 738 1674 Concilium
758 1610 1028 1674 condemnantes.
1043 1613 1072 1672 A
1126 1612 1272 1690 luitpost
1290 1611 1508 1676 memoratum
1519 1613 1697 1676 concillum
1708 1613 1927 1691 acquisitum.

273 1727 416 1790 cuorum
434 1710 598 1772 sententia
611 1710 807 1787 procurator
821 1708 932 1771 vester
945 1708 987 1770 ad
1005 1723 1071 1770 au·
1103 1783 1104 1786 ,
1127 1713 1235 1788 Super
1261 1709 1398 1772 decimis
1426 1725 1506 1773 varo
1539 1710 1720 1785 novalium,
1751 1727 1825 1788 quae
1847 1711 1930 1774 sunt

256 1807 432 1870 ¹dien-tiam
451 1807 599 1870 nostram
614 1806 797 1884 appellans,
813 1802 973 1882 magistro
985 1808 1014 1869 J.
1031 1803 1072 1866 da
1126 1809 1221 1869 extra
1233 1807 1424 1886 Aquilinum
1436 1808 1472 1869 in
1485 1807 1558 1870 loco
1574 1810 1669 1886 qui...
1693 1807 1825 1880 dicitur,
1837 1807 1928 1869 nihil

271 1905 447 1972 Veroliaoo
467 1907 504 1968 31
526 1903 757 1982 conjudicibus
784 1903 855 1966 suis
880 1901 1074 1966 doctoribus
1126 1904 1251 1977 statuit,
1269 1905 1347 1984 qnia
1361 1921 1401 1968 33
1422 1921 1490 1967 non
1512 1905 1605 1967 luere
1620 1907 1744 1984 patita;
1759 1905 1927 1968 reducens

272 2004 438 2066 Parisien.
455 2001 655 2082 apostolicas
666 2017 766 2078 super
779 2001 843 2062 boc
857 1999 1001 2064 obtinuit
1015 2000 1072 2062 lit-
1104 2060 1107 2074 ,
1125 2003 1161 2064 11
1183 2001 1316 2064 irritum
1339 2003 1499 2081 quidquid
1523 2017 1543 2063 a
1568 2002 1737 2080 praedictis
1752 2001 1926 2079 judicibus

269 2101 362 2165 teras
372 2100 544 2168 destinari,
556 2100 614 2178 qui
624 2099 741 2160 eodem
750 2098 911 2174 magistro
922 2096 1071 2174 legitime
1125 2101 1262 2161 macen.
1282 2103 1356 2177 post
1374 2099 1632 2178 appellationem
1646 2099 1688 2162 ab
1709 2101 1758 2162 ais
1772 2099 1928 2178 interpo-

275 2197 435 2262 excusato
459 2197 493 2260 et
513 2198 661 2274 priorum
677 2195 828 2274 judicum
846 2193 978 2256 irritata
993 2210 1072 2256 sen·
1126 2197 1224 2258 sitam
1244 2198 1356 2260 extitit
1378 2197 1584 2259 attentatum.
1602 2199 1671 2259 Nos
1694 2213 1773 2273 ergo
1788 2199 1927 2260 senten-

267 2296 386 2368 tentia,
397 2311 458 2357 vos
472 2294 514 2355 31
529 2293 665 2355 illorum
679 2291 888 2372 impetitione
901 2290 1071 2355 duxerunt
1113 2296 1206 2364 ‚tiam
1216 2294 1379 2358 auditoris
1390 2295 1537 2374 ejusdam
1549 2297 1655 2358 ratam
1665 2295 1838 2369 babentes,
1850 2311 1925 2358 eam

272 2392 519 2456 sententialiter
532 2389 763 2454 absolvendos.
786 2389 850 2452 Sed
872 2405 973 2468 quum
991 2405 1071 2468 pro-
1126 2393 1323 2456 auctoritate
1362 2394 1553 2470 apostolica
1589 2391 1843 2467 confirmamus,
1888 2394 1923 2458 et

273 2490 522 2567 curatorpartis
537 2487 688 2550 adversae
709 2487 751 2550 31
771 2504 885 2550 eorum
906 2487 1070 2550 sententia
1125 2492 1300 2569 praesentis
1323 2491 1439 2570 scripti
1461 2491 1646 2570 patrocinio
1668 2493 1922 2553 communimus.

270 2587 315 2650 ad
329 2587 448 2649 Sedem
456 2585 681 2663 apostolicam
694 2583 905 2664 appellasset,
916 2600 978 2647 nos
991 2583 1071 2646 olim
1104 2588 1107 2617 i
1125 2589 1217 2650 Nulli
1236 2603 1326 2666 ergo,
1348 2589 1424 2665 eto,
1440 2590 1562 2652 nostrae
1584 2587 1849 2651 confirmationis
1864 2589 1922 2651 in·-

273 2681 567 2762 utriusquepartis
590 2681 862 2762 procuratoribus
888 2681 924 2743 in
952 2683 1068 2744 nostra
1104 2686 1283 2762 reingere.
1309 2685 1344 2748 Si
1369 2686 1444 2764 quis
1466 2673 1667 2760 311131),311.
1684 2687 1922 2750 1311111313-

273 2780 453 2861 praesentia
476 2779 673 2853 constitutis,
698 2779 855 2843 dilectum
869 2777 974 2842 tilium
988 2795 1071 2842 nos·
1104 2828 1107 2837 .
1125 2784 1210 2857 rani,
1222 2785 1298 2847 xvl
1308 2784 1443 2848 kalend.
1455 2783 1579 2873 martii,
1589 2785 1802 2862 pontificatus
1813 2783 1922 2847 nostri

269 2878 358 2942 trum
373 2881 425 2952 Ρ.,
442 2875 556 2940 Sancti
579 2876 713 2956 Georgii
731 2875 773 2938 ad
791 2875 912 2939 velum
924 2880 1070 2938 Aureum
1103 2895 1107 2961 j
1125 2897 1213 2945 anno
1227 2883 1334 2945 sexto.

273 2974 449 3039 diaconum
465 2973 681 3048 cardinalem,
705 2974 754 3038 eis
767 2974 993 3037 concessimus
1008 2990 1071 3036 au·
1103 2999 1107 3043 ;

271 3073 425 3136 ditorem.
454 3072 518 3136 Sed
545 3073 760 3150 procuratore
782 3072 895 3133 Sancti
914 3071 1069 3148 Maglorii
1104 3081 1107 3112 ³

155 3231 158 3256 Ι
274 3169 479 3252 proponente
488 3185 524 3232 se
535 3168 774 3246 depositionem
783 3168 998 3246 quorumdam
1007 3169 1070 3231 tes·
1460 3133 1581 3222 CXIV

272 3268 357 3330 tium
373 3282 484 3329 coram
500 3264 616 3343 primis
631 3263 801 3342 Judicibus
819 3265 1067 3343 productorum,
1124 3278 1177 3338 Aa*
1208 3277 1367 3352 priorem
1401 3275 1435 3339 et
1461 3279 1680 3351 mmmm
1707 3279 1742 3339 s.
1775 3275 1920 3338 motoris

271 3380 359 3444 quaa,
384 3363 472 3426 sicut
493 3361 641 3434 dicebat,
666 3361 804 3424 multum
831 3360 873 3424 ad
899 3363 1069 3439 negotium
1103 3400 1106 3415 ·
1433 3375 1609 3436 parisien,

268 3459 590 3531 iaciebatexhibere
602 3457 1066 3539 nonposse,decanoTrecen.
1418 3499 1452 3559 44
1471 3499 1526 3559 tab.
1545 3501 1624 3559 Μ

267 3558 304 3621 31
337 3555 475 3634 collegis
504 3555 574 3618 suis
602 3571 738 3618 causam
773 3556 813 3620 de
849 3557 1067 3635 utrorumque
1296 3623 1303 3635 ,
1428 3623 1434 3636 ‚
1849 3625 1855 3636 ,

269 3653 498 3718 commisimus
525 3652 780 3730 procuratorum
812 3669 969 3726 assensu,
1011 3655 1071 3748 qui
1103 3666 1105 3675 ’
1152 3623 1888 3691 [aegest.,nb.vl,ep1st.aaa.llse.insonaturum]

269 3751 421 3832 proiecto
436 3749 553 3814 eodem
565 3749 691 3814 decano
704 3751 740 3813 in
755 3749 940 3812 subsidium
955 3754 1068 3814 Terrae
1102 3749 1105 3826 ζ
1122 3751 1200 3810 Duos
1214 3763 1330 3808 menses
1343 3748 1380 3807 ad
1393 3750 1509 3821 plenem
1532 3749 1747 3808 instructionem
1762 3751 1830 3820 litis,
1846 3751 1918 3810 inter

268 3851 412 3922 Sanctae,
424 3849 574 3925 inspecto
591 3863 721 3926 quoque
731 3847 830 3927 juxta
844 3847 985 3910 formam
1003 3839 1071 3911 sibi
1101 3921 1104 3928 ¹
1156 3839 1324 3912 episcopum
1334 3837 1505 3896 Ambianeu.
1518 3844 1548 3895 et
1561 3837 1693 3896 abbatem
1704 3847 1734 3898 et
1744 3847 1918 3897 conventum

267 3945 424 4010 traditam
434 3945 586 4023 judicum
599 3946 814 4022 utrorumque
827 3960 1070 4022 processuros
1102 3969 1104 3982 ·
1156 3926 1322 4028 11091311ΐῦ
1345 3927 1374 3984 S·
1400 3925 1524 3984 Rlssheffi
1551 3926 1581 3984 1¹1
1608 3926 1729 3985 P⁰¹¹¹il⁰
1757 3924 1917 4001 lendessfib

267 4041 311 4106 ad
325 4043 572 4126 praestationem
587 4042 790 4104 decimarum
801 4043 982 4116 novalium,
993 4059 1066 4120 quea
1156 4029 1199 4072 ⁰¹³
1213 4013 1351 4088 ¹⁰dfflget·

266 4143 343 4222 post
356 4139 514 4217 generale
527 4139 713 4201 Concilium
728 4139 921 4217 extirpastis
936 4143 1067 4204 senten·
1101 4124 1104 4151 ¹
1160 4143 1340 4214 Honorius,
1370 4141 1447 4213 ete,
1470 4139 1600 4204 dilectis
1621 4140 1737 4203 tiliis...
1761 4141 1910 4205 abbati...
1963 4134 1968 4142 ’

265 4238 393 4302 tialiter
421 4232 697 4301 condemnarunt.
735 4239 821 4300 Sane
854 4235 896 4298 ab
924 4237 1066 4300 istorum
1101 4240 1226 4318 'priori
1242 4239 1311 4302 et...
1332 4237 1499 4316 subpriori
1523 4239 1637 4302 Sancti
1656 4239 1801 4303 Victoris
1817 4240 1916 4302 Pari-

267 4335 431 4399 sententia
451 4333 667 4411 procuratore
680 4333 794 4397 vestro
807 4334 848 4395 ad
864 4334 1066 4412 appellatio-
1121 4337 1205 4400 sien.

268 4433 321 4496 nis
349 4433 533 4495 remedium
555 4431 763 4503 convolante,
785 4430 857 4508 ipso
881 4430 1015 4494 tandem
1033 4433 1066 4495 et
1160 4439 1268 4497 Grave
1292 4433 1439 4510 gerimus
1464 4435 1499 4496 31
1519 4434 1691 4510 indignum
1713 4435 1800 4512 quod
1816 4450 1915 4511 quum

268 4533 484 4608 procuratore
499 4529 604 4608 partis
618 4528 756 4590 alterius
769 4526 970 4591 adnostram
983 4545 1066 4606 prae·
1120 4530 1161 4595 de
1182 4530 1386 4594 venerabilis
1409 4531 1523 4593 fratris
1546 4531 1691 4594 uostris
1718 4531 1913 4594 ambianen.

269 4629 412 4690 sentiam
427 4627 673 4699 accedentibus,
691 4625 848 4688 dilectum
870 4625 975 4687 lilium
990 4643 1064 4690 ma·
1120 4629 1268 4712 episcopi
1292 4629 1326 4691 31
1347 4629 1542 4692 dilectorum
1564 4629 1710 4691 tiliorum
1733 4627 1862 4692 abbatis
1883 4631 1916 4692 et

265 4726 406 4804 gistrum
417 4723 717 4794 B.,subdiaconum
727 4727 760 4788 et
769 4723 978 4800 capellanum
988 4740 1063 4786 nos·
1101 4727 1303 4790 ¹conventus
1328 4727 1524 4788 monasterii
1551 4727 1667 4790 Sancti
1702 4725 1851 4790 Richerii
1878 4727 1913 4787 in

265 4825 356 4886 trum
380 4821 610 4899 deputavimus
634 4821 820 4884 auditorem
833 4821 992 4899 ejusdem,
1007 4822 1065 4900 qui
1119 4826 1271 4898 Pontivo,
1280 4826 1533 4903 procuratorum
1548 4838 1700 4896 assensu,
1708 4823 1804 4887 vobis
1818 4823 1915 4886 dede·

267 4935 343 4982 cum
366 4934 418 4992 ea,
441 4934 515 4998 quae
539 4919 773 4997 procuratores
798 4917 863 4995 ipsi
887 4933 1000 4982 coram
1024 4936 1064 4982 ec
1118 4922 1222 4985 dmus
1244 4922 1279 4983 in
1297 4921 1472 4992 mandatis,
1490 4923 1526 4984 at
1541 4919 1793 4999 exceptionibus
1812 4935 1911 4999 super

267 5032 453 5096 proponere
480 5017 691 5090 curaverunt,
720 5015 816 5078 nobis
845 5017 878 5078 et
904 5015 1063 5080 iratribus
1101 5019 1325 5097 possessorio
1340 5018 1424 5079 nulli
1440 5033 1577 5096 prorsus
1592 5018 1811 5091 obstantibus,
1826 5017 1912 5081 inira

265 5117 390 5179 nostris
406 5113 549 5178 tideliter
561 5113 741 5187 retulisset,
754 5114 917 5178 Parisien.
931 5114 1063 5178 demum
1102 5118 1242 5194 ‘septem
1252 5131 1386 5179 menses
1396 5115 1571 5178 continuos
1581 5116 1656 5194 post
1668 5117 1911 5193 susceptionem

266 5210 596 5291 et'l'recen.Judicum
606 5211 783 5275 sententiis
792 5211 980 5274 irritatisde
989 5228 1064 5275 nos·
1117 5214 1303 5276 litterarum
1318 5213 1508 5276 nostrarum
1529 5213 1723 5290 reciperetis
1738 5211 1909 5290 probatio-

268 5311 321 5373 tro
338 5312 372 5372 et
387 5310 528 5372 fratrum
545 5310 736 5372 nostrorum
749 5309 1062 5387 mandatopriorum
1116 5327 1187 5384 nes,
1214 5325 1296 5389 quas
1321 5309 1410 5372 idem
1434 5311 1609 5387 episcopus
1634 5325 1734 5386 super
1757 5311 1910 5388 petitorio

261 5407 413 5486 judicum
429 5408 628 5470 sententiam
645 5407 752 5485 quoad
767 5407 908 5486 primam
921 5410 1059 5484 partem,
1117 5409 1254 5471 duxerit
1276 5405 1482 5469 inducendas
1495 5409 1529 5470 31
1544 5407 1754 5470 defensiones
1773 5423 1925 5494 monas-¹

264 5506 421 5569 videlicet
433 5507 471 5568 ut
481 5505 523 5566 ad
538 5507 785 5584 praestationem
798 5521 864 5568 non
879 5506 1061 5568 teneamini
1115 5506 1192 5568 terii
1204 5504 1432 5578 memorati,et
1444 5519 1487 5565 311
1499 5505 1578 5567 111113
1587 5505 1807 5582 injungeretis
1814 5505 1912 5582 parti-

263 5604 466 5667 decimarum
500 5603 771 5681 navaliumque
803 5603 955 5666 coluistis
983 5604 1060 5666 ante
1115 5603 1189 5678 bus,
1212 5605 1249 5665 ut
1269 5602 1358 5664 inira
1379 5601 1463 5663 duos
1487 5617 1618 5663 menses
1641 5603 1819 5678 sequentes
1830 5617 1910 5680 quos

265 5701 450 5766 concilium
465 5702 635 5780 generale,
652 5700 809 5780 quamdin
828 5700 973 5780 propriis
987 5715 1065 5765 ma*
1117 5717 1179 5780 pro
1193 5701 1338 5766 termino
1359 5699 1583 5779 peremptorio
1601 5697 1818 5775 assignaretis
1840 5699 1909 5762 eis-
