4080 6328
308 383 365 443 851
925 377 1103 438 HONORII
1124 377 1170 437 111
1190 378 1338 438 OPERA.
1887 379 1936 438 852

309 539 455 617 aliquam
469 539 510 598 de
528 535 808 614 possessionibus,
833 537 903 599 sive
919 536 1102 599 redditibus
1156 535 1342 598 venerabili
1365 535 1461 600 tratri
1485 536 1737 614 archiepiscopo
1760 536 1934 604 colocensi,

308 639 414 716 ipsius
428 636 634 708 monasterii,
657 635 795 698 retentis
811 636 967 712 expensis
986 636 1100 696 trede-
1156 634 1383 706 salutem-etc.

309 737 374 800 cim
394 735 631 796 monachorum
651 733 930 795 instituendorum
951 733 987 794 in
1016 733 1099 809 ipso.
1196 732 1331 792 Gratum
1345 731 1491 806 gerimus
1504 733 1538 794 et
1551 731 1723 808 acceptum
1736 732 1821 809 quod
1835 732 1937 793 catho-

308 835 378 895 Nos
397 833 500 908 igitur
527 833 615 893 viam
640 832 790 893 ultimam
818 831 924 906 magis
948 829 1101 892 idoneam
1155 828 1229 890 licae
1256 829 1334 890 ildei
1360 828 1476 890 ductus
1508 844 1633 902 amore,
1658 829 1701 889 ad
1727 829 1936 906 profligandos

307 929 510 1008 reputantes,
526 929 720 990 discretioni
734 931 856 990 vestrae
879 945 938 1005 par
955 929 1100 1005 Aposto-
1156 926 1331 988 haereticos
1354 926 1394 988 de
1416 930 1536 998 Bosna,
1560 930 1636 1003 Scy,
1653 929 1686 989 et
1701 929 1868 999 Wossora,
1890 927 1936 988 ubi

309 1029 373 1089 lica
389 1029 511 1104 scripta
526 1027 730 1097 mandamus,
745 1029 908 1103 quatenus
922 1026 1100 1087 secundum
1155 1025 1314 1100 tanquam
1343 1025 1464 1096 lamia,
1492 1025 1625 1087 nudatis
1642 1026 1806 1096 mammis,
1820 1024 1936 1102 publice

308 1127 401 1186 illam
416 1124 586 1186 moderato
600 1124 738 1201 praelato
746 1123 888 1186 termino
900 1125 1101 1187 monasterio
1156 1123 1283 1184 catulos
1291 1138 1369 1183 suos
1380 1122 1515 1194 lactant,
1529 1123 1570 1184 ad
1578 1121 1936 1198 exhortationembona

308 1221 510 1298 provideatis
525 1219 642 1290 eidem,
655 1220 721 1279 nisi
735 1219 818 1280 sorte
833 1219 933 1280 aliam
949 1235 989 1280 ea
1005 1235 1100 1280 com·
1156 1221 1323 1282 memorias
1350 1220 1501 1295 magistri
1528 1221 1678 1290 liconcii,
1700 1219 1890 1280 subdiaconi
1910 1223 1937 1282 et

308 1318 490 1380 modiorem
512 1319 662 1394 poteritis
685 1317 848 1379 invenire.
866 1317 957 1388 Quod
981 1317 1011 1377 si
1034 1333 1101 1378 non
1156 1318 1320 1394 capellani
1333 1318 1449 1386 nostri,
1466 1318 1664 1395 Apostolicae
1678 1318 1773 1378 Sedis
1788 1317 1894 1393 legati,
1910 1319 1937 1378 et

308 1427 433 1485 omnes,
462 1413 523 1474 etc.
554 1414 671 1474 Datum
703 1412 836 1483 Tibure,
867 1413 910 1474 IV
939 1411 1100 1474 kalendas
1155 1415 1297 1476 aliorum
1320 1413 1482 1478 bonorum
1506 1417 1666 1487 virorum,
1686 1415 1873 1476 inviriliter
1886 1431 1936 1476 ac-

308 1509 399 1583 maii,
417 1525 505 1572 anno
518 1525 618 1570 nono.

660 1671 756 1758 CLV

306 1817 358 1875 Ad
376 1815 545 1891 ugernum
565 1817 858 1888 archiepiscopum
874 1815 1099 1875 colocensem.

601 1936 634 1992 15
648 1935 716 1992 maii
733 1935 810 1993 litt.

473 2051 566 2116 [Fejer,
577 2051 637 2100 Cod.
651 2050 769 2116 diplom,
783 2050 825 2110 lll,
839 2065 867 2110 n,
878 2049 929 2114 32]

307 2161 409 2216 Terras
421 2157 559 2230 quasdam
583 2156 702 2214 iniectas
718 2157 850 2214 haeretica
867 2158 1015 2229 pravitate,
1030 2171 1101 2228 ques

329 2236 1081 2312 eipurgandascommisitrerrHungarioe,conilrmat.

348 2356 513 2418 Honorius
524 2357 710 2432 episcopus,
723 2371 838 2416 servus
849 2371 1020 2418 servorum
1028 2355 1099 2427 Dei,

306 2452 490 2515 venerabili
515 2453 611 2516 fratri
637 2453 889 2530 archiepiscopo
916 2452 1103 2525 colocensi,

307 2552 448 2614 salutern
461 2555 494 2614 et
507 2551 730 2630 Apostolicam
745 2550 1020 2613 benedictionem.

347 2651 453 2722 Quum
468 2666 488 2710 a
508 2650 603 2711 nobis
618 2649 742 2728 petitur
757 2648 842 2725 quod
852 2648 979 2724 justum
996 2651 1046 2710 est
1069 2649 1101 2708 et

306 2747 492 2819 honestum,
509 2749 576 2810 tam
592 2749 688 2824 vigor
707 2747 873 2824 aequitatis
896 2761 995 2822 quam
1019 2745 1099 2806 ordo

304 2847 410 2922 exigit
424 2847 575 2918 rationis,
599 2846 636 2907 ut
656 2845 689 2906 id
706 2860 765 2922 per
777 2843 1035 2905 sollicitudinem
1050 2844 1102 2905 oi-

304 2943 371 3003 iicii
387 2944 492 3004 nostri
505 2945 546 3005 ad
560 2943 704 3005 debitum
720 2941 921 3020 perducatur
933 2941 1097 3002 effectum.

305 3042 508 3118 supplicasti
523 3041 685 3119 siquidem
701 3039 797 3101 nobis
819 3041 854 3100 ut
873 3055 972 3117 quum
989 3040 1099 3100 caris-

304 3138 408 3198 simus
443 3138 478 3199 in
511 3139 642 3200 CbrISto
672 3137 761 3198 tilius
795 3137 908 3198 noster
935 3136 1099 3208 Andreas,

301 3237 483 3311 Hungariae
510 3252 571 3298 rex
598 3235 750 3305 illustris,
781 3235 889 3294 terras
924 3234 1096 3310 quasdam,

303 3333 460 3394 videlicet
472 3336 626 3405 Boenam,
641 3335 706 3409 Soy
718 3330 872 3412 (Sauum)
884 3332 917 3394 et
927 3335 1097 3404 Wossora,

302 3430 441 3492 iniectas
465 3431 624 3492 haeretica
639 3431 814 3508 pravitate,
831 3429 892 3490 tibi
908 3431 1099 3508 purgandas

301 3529 520 3601 committere,
538 3545 595 3590 eas
609 3529 761 3591 ecclesiae
777 3530 842 3590 tuae
856 3529 890 3589 in
904 3529 1098 3605 perpetuum

300 3627 356 3703 pia
371 3626 572 3688 liberalitate
586 3627 734 3698 donavit,
750 3626 1002 3703 proutejusdem
1013 3642 1100 3702 prae·

301 3725 439 3786 sentatae
460 3724 556 3786 nobis
575 3725 695 3787 litteren
719 3724 851 3801 plenius
873 3723 1097 3796 continebant,

300 3823 514 3884 donationem
530 3823 719 3900 hujusmodi
730 3822 921 3900 apostolico
936 3821 1097 3897 dignare-

300 3935 374 3980 mur
393 3921 576 3982 munimine
599 3921 769 3989 roborare,
795 3919 981 3996 praeserti1n
998 3935 1098 3996 quum

301 4017 388 4078 idem
402 4033 463 4078 rex
477 4018 573 4080 nobis
588 4033 688 4094 super
702 4017 765 4079 boc
782 4017 970 4094 porrexerit
982 4032 1097 4092 preces

301 4131 390 4176 suas.
407 4117 436 4176 N
440 4132 476 4176 os
487 4115 598 4192 itaque
612 4117 679 4176 tam
696 4115 800 4192 ipsius
813 4115 903 4191 regis
916 4131 1016 4191 quam
1030 4114 1097 4176 tuis

300 4212 599 4290 supplicationibus
628 4214 826 4284 annuentes
857 4215 964 4274 terras
993 4212 1096 4288 ipsas,

300 4310 386 4372 sicut
396 4310 450 4387 pie
465 4326 504 4371 ac
517 4309 654 4386 provide
669 4317 746 4370 sunt
762 4308 891 4371 donatae
911 4307 972 4371 tibi
985 4310 1018 4370 et
1037 4325 1096 4369 ec-

299 4408 412 4470 clesiae
426 4410 489 4469 tuae
503 4424 562 4484 per
574 4408 617 4481 te,
636 4407 728 4469 salvo
736 4407 928 4485 J'ureregio,
942 4406 1097 4466 inreddi-

298 4505 387 4568 tibus
412 4507 444 4566 et
469 4505 654 4567 rationibus
687 4505 868 4577 consuetis,
899 4504 1098 4565 anctoritate

297 4601 1096 4679 apostolicaconurmamus,etpraesentisscripti

266 4762 271 4772 Ι
298 4701 484 4778 patrocinio
520 4702 771 4762 communimus.
810 4701 930 4761 Datum
962 4699 1098 4770 Tibure,

300 4798 408 4860 idibus
423 4799 515 4871 maii,
539 4799 750 4877 pontificatus
770 4798 876 4860 nostri
891 4813 979 4860 anno
995 4813 1093 4859 nono.

637 5013 755 5100 CLVI

298 5163 349 5220 Ad
367 5162 535 5236 Upriuum
554 5159 848 5229 arcltteptscopuuc
868 5157 1093 5216 colocensem.

584 5280 619 5338 it
639 5278 708 5335 maii
732 5277 809 5336 1225.

458 5395 550 5460 [Fejtrn
565 5394 626 5446 Cetl.
640 5393 757 5458 diplom,
771 5394 812 5454 ill,
831 5409 860 5453 ιι,
877 5392 929 5457 uu]

343 5504 375 5561 Ei
389 5501 506 5559 nrundat
516 5511 546 5560 ut
556 5501 705 5560 catholice
721 5502 852 5574 puritatis
866 5502 1053 5560 subversores

525 5589 655 5656 potenter
665 5589 862 5655 persequatur.

340 5700 1010 5777 llouoriusepiscopusservusservorum
1022 5698 1092 5770 Dei,

1155 1513 1301 1574 cinxisti.
1330 1516 1437 1589 Super
1457 1529 1521 1591 quo
1544 1512 1748 1576 sinceritatis
1764 1516 1829 1574 tuae
1843 1511 1936 1573 zelum

1155 1610 1264 1686 dignis
1287 1611 1321 1670 in
1337 1612 1476 1672 Domino
1498 1610 1652 1672 laudibus
1669 1609 1934 1681 commendantes,

1154 1711 1187 1768 et
1197 1708 1311 1770 lavore
1322 1707 1431 1770 debito
1443 1709 1692 1786 prosequentes,
1708 1707 1936 1768 fraternitatem

1153 1807 1244 1867 tuam
1263 1821 1418 1884 rogamus
1433 1809 1465 1869 et
1479 1821 1651 1867 monemus
1664 1806 1822 1867 attentius
1837 1819 1875 1866 ae
1887 1819 1936 1882 per

1153 1903 1342 1980 Apostolica
1359 1904 1482 1980 scripta
1508 1901 1714 1973 mandamus,
1734 1902 1935 1979 quatenusde

1155 2001 1263 2076 gratia
1275 2002 1388 2062 nostra
1399 2000 1556 2072 conlisus,
1574 2005 1607 2061 et
1619 1999 1817 2062 auctoritate
1831 1998 1937 2059 suliul-

1154 2099 1207 2159 tus
1233 2098 1445 2175 prosequaris
1461 2114 1504 2158 ex
1524 2097 1636 2158 animo
1656 2111 1791 2158 causam
1815 2097 1933 2166 Christi,

1155 2195 1328 2258 catholicae
1363 2195 1518 2272 puritatis
1558 2195 1711 2272 potenter
1749 2209 1936 2271 persequens

1155 2293 1382 2363 subversores,
1405 2294 1452 2356 ita
1474 2293 1560 2370 quod
1577 2295 1644 2354 Deo
1659 2293 1700 2356 ad
1715 2292 1867 2367 gloriam,
1883 2307 1935 2352 no-

1155 2391 1206 2453 bis
1222 2392 1263 2452 ad
1277 2391 1435 2468 gaudium
1457 2393 1491 2452 et
1513 2390 1574 2452 tibi
1593 2390 1635 2450 ad
1662 2389 1846 2467 proiectum
1867 2404 1935 2465 pro-

1155 2489 1270 2552 veniat
1291 2489 1483 2550 salutarem.
1502 2490 1544 2550 Ut
1561 2490 1672 2550 autem
1687 2488 1870 2563 injunctum
1886 2485 1936 2547 tibi

1155 2588 1324 2662 negotium
1339 2587 1517 2663 perfectius
1530 2586 1669 2662 exsequi
1683 2585 1799 2646 valeas
1816 2585 1850 2644 in
1865 2599 1934 2659 par-

1155 2685 1241 2746 tibus
1264 2685 1342 2756 illis,
1362 2685 1521 2761 praedices
1540 2683 1677 2746 verbum
1693 2683 1815 2753 crucis,
1836 2681 1935 2742 fideles

1155 2785 1270 2845 contra
1284 2782 1436 2844 infideles
1452 2781 1635 2844 efficaciter
1649 2779 1865 2842 exhortando.
1885 2781 1937 2839 ba-

1154 2883 1225 2943 tum
1234 2881 1366 2950 Tibure,
1383 2881 1456 2942 idus
1470 2879 1562 2952 maii,
1575 2895 1663 2942 anno
1678 2894 1778 2940 nono.

1485 3168 1623 3254 CLVII

1232 3331 1282 3390 Ad
1305 3329 1460 3390 abbatem
1481 3327 1514 3389 et
1527 3327 1734 3390 corruentem
1755 3329 1862 3389 Wart-

1396 3426 1697 3488 ricorrasterienses.

1444 3565 1477 3623 15
1493 3566 1561 3622 maii
1583 3565 1660 3624 litt.

1256 3699 1388 3764 [Bagdata.
1402 3699 1507 3748 llonast.
1527 3697 1628 3762 anglic,
1642 3699 1686 3757 lll,
1696 3697 1753 3756 tet,
1764 3713 1789 3748 n.
1807 3698 1841 3764 7.]

1153 3826 1202 3884 Eis
1221 3825 1322 3882 cellam
1337 3825 1504 3882 monialium
1525 3823 1560 3882 dc
1575 3824 1718 3882 Keleburn
1742 3823 1936 3882 Londoniensis

1188 3913 1321 3971 dioecesis
1345 3929 1409 3970 cum
1433 3914 1511 3970 omni
1528 3912 1726 3986 jurisdictione
1744 3929 1830 3986 quam
1848 3913 1874 3970 iu
1895 3913 1935 3969 illa

1189 3999 1296 4058 babent
1314 4001 1474 4059 confirmat.

1193 4135 1932 4214 Honoriusepiscopus,servusservorumllei,

1153 4234 1284 4296 dilectis
1299 4234 1378 4295 tiliis
1391 4234 1503 4296 abbati
1517 4234 1550 4296 et
1562 4235 1741 4296 conventui
1750 4235 1932 4302 Westmon,
2009 4235 2010 4314 j

1152 4333 1337 4394 salutemet
1350 4331 1574 4408 apostolicam
1596 4332 1870 4394 benedictionem.
2009 4317 2010 4322 ’

1192 4428 1932 4506 lustispetentiumdesideriisdignumestnos

1152 4526 1284 4590 facilem
1308 4527 1456 4604 praebere
1471 4543 1679 4599 consensum,
1697 4530 1730 4589 et
1745 4529 1899 4604 votaque
1917 4539 1933 4584 a

1151 4626 1292 4687 rationis
1303 4625 1435 4687 tramite
1447 4641 1512 4686 non
1529 4625 1719 4687 discordant
1734 4625 1854 4687 effectu
1867 4637 1935 4700 pro-

1151 4725 1308 4800 sequente
1323 4723 1499 4799 complere.
1513 4725 1593 4783 Cum
1609 4738 1687 4798 ergo
1697 4722 1785 4785 elcut
1796 4739 1837 4784 es
1852 4721 1933 4799 parte

1150 4822 1261 4881 vestra
1286 4819 1348 4881 fuit
1377 4820 1581 4896 propositum
1605 4835 1716 4880 coram
1743 4821 1839 4881 nobis
1861 4817 1934 4880 cella

1150 4917 1345 4978 monialium
1360 4917 1400 4977 de
1415 4916 1594 4988 Keleburn,
1606 4915 1848 4978 londoniensis
1863 4915 1934 4975 dio-

1150 5015 1247 5086 cesis,
1260 5015 1301 5076 ad
1312 5031 1370 5076 vos
1378 5015 1543 5091 pertineat
1552 5015 1648 5090 pleno
1656 5017 1815 5091 jure,n0s
1827 5011 1933 5074 vestris

1150 5112 1305 5189 precibus
1329 5111 1480 5171 inclinati
1505 5111 1622 5172 cellam
1643 5111 1750 5188 ipsam
1767 5105 1932 5172 cumomni

1145 5210 1380 5288 Jurisdictione
1396 5223 1494 5286 quam
1517 5208 1647 5271 habetis
1668 5210 1703 5269 in
1719 5209 1779 5270 illa
1807 5210 1887 5270 sicut
1900 5221 1932 5266 ea

1145 5309 1247 5384 juste,
1265 5306 1424 5368 canonice
1446 5322 1486 5368 ac
1510 5307 1647 5384 pacifice
1661 5307 1829 5378 obtinetis,
1853 5303 1933 5366 vobis
2008 5357 2009 5366 ,

1149 5405 1347 5466 auctoritate
1363 5404 1552 5481 apostolica
1568 5405 1802 5466 confirmamus
1820 5406 1851 5465 et
1863 5417 1934 5480 prae·
2008 5455 2009 5488 ,

1150 5504 1252 5565 sentis
1265 5503 1380 5580 scripti
1393 5503 1578 5580 patrocinio
1589 5503 1840 5564 communimus.
1853 5497 1933 5561 Nulli

1150 5617 1240 5678 erge,
1254 5602 1315 5662 etc.
1334 5603 1451 5662 Datum
1469 5600 1601 5672 Tibure,
1614 5600 1723 5661 idibus
1734 5599 1824 5671 maii,
1837 5596 1934 5676 ponti·

1155 5700 1271 5762 ficatus
1288 5699 1394 5762 nostri
1409 5713 1499 5760 auno
1516 5682 1635 5760 nono.x
