4002 6326
61 406 117 468 ³ae
660 401 890 464 EPISTOLAE.
912 402 990 474 LIB.
1014 399 1085 462 Vll.
1633 393 1693 454 aad

62 565 125 624 mat
144 561 180 624 in
203 561 273 623 suls
294 559 434 624 navibus
453 560 511 623 aut
530 559 636 636 galeis
660 560 695 622 in
718 559 843 624 terram
898 557 1074 622 Rambaldi
1084 571 1202 620 versus
1213 555 1463 626 monasterium,
1476 553 1605 615 scilicet
1614 550 1695 614 bus

61 660 134 722 dicti
171 658 336 723 Theodori
369 658 610 735 transportare,
639 657 843 720 ,mandatum
898 671 976 733 gum
986 653 1159 721 Ansavinl,
1171 652 1355 729 etburgum
1366 650 1493 713 Artaldi
1504 649 1691 723 Michaelis,

62 758 203 818 nostrum
218 755 391 818 executuri
410 755 457 817 ita
473 754 614 816 sollicite
631 770 670 815 ao
687 753 846 831 trequen—
899 752 1014 830 quoda
1025 749 1320 814 dictomonasterio
1328 748 1527 826 possidetur,
1536 747 1693 809 ethoram

61 859 116 928 ter,
145 852 231 930 quod
257 852 457 930 reprehendi
481 851 520 912 de
548 851 751 929 negligentia
777 867 844 913 non
898 848 1073 921 anserini,
1097 847 1254 916 casalini,
1277 845 1427 918 Bassani,
1454 845 1629 922 partesque
1651 842 1693 904 ad

61 952 198 1030 possitis,
226 950 283 1012 sed
310 949 458 1011 debeatis
486 949 526 1011 de
552 949 726 1026 diligentia
754 963 847 1012 com·
901 945 1127 1007 molendinum
1138 944 1179 1006 de
1194 942 1395 1019 Paganellis,
1409 943 1441 1004 et
1453 957 1512 1019 per
1526 941 1693 1003 civitatem

61 1048 215 1110 menderi.
244 1047 364 1110 Datum
389 1047 557 1116 Laterani,
584 1049 631 1109 111
655 1047 730 1110 idus
751 1046 843 1122 maii,
901 1057 1022 1106 novam
1042 1059 1063 1104 a
1082 1041 1179 1104 domo
1201 1039 1361 1103 Gnidonis
1383 1039 1513 1102 Lazarii
1533 1038 1694 1115 usquead

61 1161 141 1208 anno
155 1145 307 1224 septimo.
902 1141 1034 1202 domum
1055 1139 1219 1203 lobannis
1238 1139 1396 1214 Bougatae
1415 1137 1505 1198 recte
1526 1152 1631 1212 usque
1652 1135 1695 1195 ad

901 1237 1025 1298 fiumen
1040 1251 1156 1299 versus
1172 1233 1421 1305 monasterium,
1436 1248 1510 1296 cum
1525 1233 1693 1310 primitiis„

902 1333 1120 1406 testamentis,
1133 1333 1324 1410 sepulturis,
1339 1329 1563 1395 oblationibus
1575 1331 1695 1391 etcum

384 1446 512 1536 (ΜΠ
900 1427 1697 1514 omuibusaliisbeneticiisrivorumatquemorf

901 1529 1046 1602 tuorum,
1065 1543 1149 1605 ¹quos
1167 1527 1263 1590 bonae
1278 1525 1448 1588 memorie
1468 1523 1610 1588 Uberius
1629 1528 1697 1586 Po-

191 1627 245 1686 Ad
258 1624 512 1687 monasterium
524 1625 559 1686 S.
576 1623 705 1698 Reiecit.
903 1626 1065 1706 prulensis
1080 1626 1256 1702 opiscopus
1271 1623 1312 1686 de
1326 1622 1463 1700 capituli
1476 1623 1529 1683 sui
1541 1637 1694 1694 assensu,

331 1756 364 1814 ss
378 1754 475 1828 aprilis
489 1753 570 1818 4223,
902 1723 1013 1786 restro
1029 1723 1231 1784 monasterio
1253 1719 1308 1799 pia
1329 1721 1363 1783 et
1385 1719 1525 1797 provida
1546 1719 1697 1781 liberali-

231 1877 350 1946 ora·
364 1877 439 1930 u,
595 1875 663 1942 a,
902 1818 1549 1990 detritatitillaret
1561 1815 1696 1991 titii

91 2003 253 2062 Ιθῦὓῦῑθῑὶί
268 2003 296 2062 S·
313 2001 414 2061 ΒΟῙΘΙΙῙ
430 1999 610 2074 Ρῡῡΰῑῑθῦῦῑῦ
624 1999 813 2073 liminium
904 2015 1159 2079 instrumentum
1182 2013 1342 2086 vidimus,
1364 2009 1636 2085 auscultavimus,
1663 2011 1697 2074 et

384 2090 512 2162 min·
903 2112 1170 2197 approbavimus,
1183 2114 1261 2189 jure
1274 2109 1404 2188 plenius
1417 2107 1592 2184 contineri,
1610 2108 1698 2170 sicut

96 2207 262 2271 Honorius
271 2207 457 2286 episcopus,
468 2221 585 2270 servus
596 2205 847 2278 serrorumllel,
904 2225 961 2282 eas
976 2211 1078 2294 juste,
1104 2209 1265 2280 canonice
1286 2209 1320 2272 et
1343 2203 1481 2284 pacifice
1506 2205 1694 2283 possidetis,

62 2303 182 2367 dilectis
198 2305 279 2366 tiliis
294 2303 406 2366 abbati
424 2304 457 2366 et
478 2303 657 2366 conventui
676 2305 710 2364 S.
727 2301 849 2364 Rolelli
903 2307 1009 2382 vobis,
1025 2311 1059 2374 et
1079 2321 1139 2388 per
1157 2321 1216 2369 vos
1235 2305 1343 2368 eidem
1363 2303 1565 2366 monasterio
1581 2304 1699 2374 aucto-

62 2402 277 2478 Populiensis,
298 2403 441 2464 salutem
455 2402 489 2463 et
506 2400 729 2478 apostoticam
746 2399 850 2462 beno-
902 2404 1003 2478 ritate
1017 2404 1206 2484 Apostolica
1226 2402 1460 2468 confirmamus
1475 2402 1509 2463 et
1522 2401 1696 2484 presentis

63 2497 244 2588 dictionem.
904 2502 1019 2588 scripti
1046 2499 1233 2582 patrocinio
1259 2497 1512 2562 communimus.
1544 2497 1584 2560 Et
1612 2495 1697 2558 nulli

96 2597 196 2659 iustis
205 2595 389 2674 petentium
398 2594 718 2671 desideriisdignum
729 2595 849 2657 estnos
905 2599 1042 2678 privatae
1068 2613 1220 2675 personae
1244 2595 1492 2671 ecclesiasticae,
1514 2595 1568 2670 pel
1590 2612 1700 2658 saecu-

62 2691 185 2756 tacilem
208 2693 364 2770 praebere
383 2708 592 2766 consensum,
614 2692 647 2753 et
666 2695 756 2766 vota,
777 2707 849 2769 quae
904 2697 969 2780 lari
992 2696 1093 2761 liceat
1118 2694 1285 2758 aedificare
1304 2693 1498 2766 oratorium,
1522 2693 1699 2755 ecclesiam

64 2791 237 2854 arationis
260 2788 394 2853 tramite
415 2806 482 2852 non
506 2789 708 2863 discordant,
730 2789 850 2852 effectu
904 2793 958 2857 vel
967 2792 1176 2870 hospitalein
1187 2791 1355 2869 parochiis
1367 2790 1567 2868 supradictis
1578 2793 1699 2868 praeter

63 2889 276 2967 prosequente
306 2887 482 2964 complere.
513 2889 706 2964 iiapropter,
737 2887 850 2948 dilecti
904 2891 1074 2955 licentiam
1089 2889 1121 2952 et
1135 2888 1338 2952 voluntatem
1354 2887 1494 2962 abbatis,
1511 2889 1545 2950 et
1560 2887 1698 2949 fratrum

65 2985 95 3045 in
120 2987 262 3048 Domino
288 2985 362 3058 lilii,
386 2983 508 3048 vestris
528 2985 628 3062 justis
653 2983 852 3062 postulatio·
903 2987 1069 3071 praelibati
1095 2984 1301 3047 monasterii.
1332 2985 1543 3061 sepulturam
1568 3000 1698 3062 quoque

65 3079 152 3143 nibus
164 3086 264 3160 grato
277 3081 513 3144 concurrentes
525 3097 676 3154 assensu,
691 3096 850 3158 personas
905 3085 1013 3148 eidem
1027 3083 1229 3147 monasterio
1245 3081 1380 3143 omnino
1394 3081 1534 3143 liberem
1553 3098 1627 3144 esse
1642 3082 1702 3143 de-

64 3183 195 3254 restras,
212 3181 248 3244 et
261 3179 382 3250 locum,
399 3179 434 3240 ln
449 3195 514 3257 quo
529 3179 642 3241 divino
657 3180 738 3240 estis
754 3178 853 3240 obse-
906 3181 1084 3254 cernimus,
1109 3182 1142 3244 et
1167 3195 1282 3242 eorum
1307 3194 1458 3256 corpora,
1485 3179 1540 3257 qni
1568 3195 1603 3240 se
1630 3181 1700 3242 illic

65 3279 134 3356 quio
154 3277 348 3356 mancipati,
374 3293 448 3338 cum
473 3277 626 3340 omnibus
646 3275 754 3349 bonis,
778 3293 852 3355 quaa
906 3279 1048 3358 sepelire
1063 3276 1332 3346 deliberaverint,
1347 3276 1401 3340 vel
1417 3293 1543 3349 eorum,
1565 3277 1622 3355 qui
1640 3295 1702 3355 per

65 3377 320 3452 predecessores
345 3373 448 3437 vestri
470 3392 491 3436 a
512 3373 732 3452 qnadraginta
754 3375 852 3436 annis
906 3379 1100 3440 consuetam
1111 3375 1292 3454 parentelae
1302 3375 1360 3448 aut
1370 3375 1578 3452 cognationis
1587 3375 1703 3454 sepul·

64 3474 145 3536 retro
159 3475 334 3552 hucusque
349 3471 578 3549 possederunt,
589 3473 622 3534 et
635 3488 694 3534 vos
711 3471 747 3532 in
761 3487 851 3549 prae·
906 3478 1017 3538 turam
1043 3471 1084 3536 ad
1113 3472 1340 3535 coemeterium
1364 3472 1510 3534 vestrum
1534 3474 1702 3549 pertinere

64 3571 141 3648 senti
155 3570 347 3648 possidetis,
361 3572 419 3631 aut
429 3571 464 3629 in
475 3567 622 3630 staturum
632 3569 852 3646 justismodis
907 3573 1101 3644 noscuntur,
1118 3571 1191 3632 sine
1206 3569 1343 3632 licentia
1354 3569 1466 3630 vestra
1481 3570 1594 3630 nullus
1609 3571 1700 3632 reci·
1810 3629 1812 3634 ,
1844 3551 1851 3562 ’

66 3669 237 3744 praestante
265 3668 405 3730 Domino
434 3666 584 3744 poteritis
612 3665 764 3744 adipisci,
792 3665 852 3728 sub
905 3685 986 3752 pere
1005 3669 1196 3747 prasumat,
1223 3667 1289 3728 nisi
1310 3665 1396 3727 torte
1417 3665 1527 3727 adbuc
1549 3667 1700 3730 viventes

63 3763 144 3827 beati
165 3765 271 3837 Petri,
297 3763 383 3842 quod
403 3763 595 3842 specialiter
613 3765 703 3840 juris
725 3763 850 3836 existit,
904 3766 1113 3846 propositum
1136 3763 1310 3840 religionis
1328 3761 1580 3840 assumpserint.
1598 3767 1701 3838 Quem

67 3861 119 3922 sub
132 3863 238 3941 ipsius
253 3861 408 3923 etnostra
420 3859 623 3938 protectione
636 3861 851 3938 suscipimus;
907 3864 937 3926 si
952 3863 1025 3943 quis
1043 3878 1129 3924 ausu
1143 3861 1322 3926 temerario
1337 3861 1498 3938 recipere,
1517 3861 1571 3923 vel
1587 3863 1701 3939 sepul-

68 3960 253 4034 specialiter
266 3959 376 4021 autem
397 3973 513 4020 omnes
534 3959 704 4032 ecclesias,
719 3975 854 4037 posses·
906 3963 991 4024 tura
1016 3957 1148 4024 tradere
1174 3958 1436 4043 praesumpserit,
1462 3959 1533 4020 sive
1556 3959 1700 4022 clericus

68 4055 180 4130 siones,
207 4057 356 4119 decimas
380 4057 413 4118 et
436 4056 476 4117 de
498 4070 584 4118 novo
610 4071 797 4130 concessas,
822 4057 855 4120 et
908 4059 963 4132 sit,
982 4057 1185 4129 sivelaicus,
1203 4055 1364 4134 usquead
1384 4055 1582 4132 condignam
1597 4057 1702 4120 satis-

68 4155 235 4216 consuetas
253 4149 317 4232 [ac]
333 4151 487 4231 antiquas
505 4151 585 4213 dicti
600 4153 806 4225 monasterii,
822 4155 855 4214 et
908 4155 1085 4221 tectionem
1101 4151 1337 4217 ecclesiastice
1348 4153 1502 4216 vindictae
1516 4155 1686 4232 subjaceat
1689 4179 1701 4253 5

69 4249 203 4312 mammo
222 4251 257 4310 S.
273 4250 367 4312 Petri
385 4249 420 4310 in
439 4250 573 4311 cerreto
588 4249 628 4312 de
648 4250 805 4324 Meldula,
822 4253 855 4312 et
909 4253 1053 4316 decimas
1074 4252 1114 4313 de
1129 4251 1277 4316 Moliano
1290 4253 1322 4314 et
1337 4250 1378 4313 de
1394 4250 1500 4324 Salsa,
1518 4253 1550 4314 et
1567 4252 1607 4314 de
1622 4256 1704 4315 Car-

68 4345 172 4410 Sancti
190 4346 397 4424 Apollinaris
418 4347 454 4407 in
479 4347 621 4420 Gullina,
644 4347 757 4424 plebes
779 4363 854 4410 cum
907 4367 1006 4433 pena,
1032 4352 1065 4412 et
1089 4347 1131 4412 de
1159 4351 1192 4410 S.
1220 4349 1364 4411 Martino
1387 4347 1423 4408 in
1447 4349 1551 4411 strata
1575 4351 1703 4428 integre

70 4444 211 4508 omnibus
237 4442 355 4516 titulis,
376 4443 539 4513 ecclesiis,
563 4445 596 4506 et
614 4446 752 4522 capellis
773 4445 854 4508 illa·
909 4449 982 4510 sine
995 4447 1216 4509 diminutione
1230 4445 1354 4523 aliqua,
1367 4445 1400 4508 et
1413 4446 1485 4507 sine
1498 4446 1610 4524 aliqua
1625 4465 1704 4526 par-

71 4554 135 4600 rum
149 4542 216 4604 tam
239 4541 412 4603 aedificatis
434 4557 533 4618 quam
554 4542 770 4615 aedificandis,
786 4544 856 4606 ter·
909 4547 1026 4610 titione
1041 4561 1101 4622 per
1115 4543 1261 4607 vestrum
1280 4543 1434 4604 nuntium
1448 4543 1653 4618 colligendas
1668 4547 1704 4608 in

71 4637 122 4708 ris,
143 4638 263 4712 vineis,
288 4655 348 4700 seu
369 4637 531 4710 aediliciis,
553 4639 586 4700 et
604 4654 677 4700 cum
703 4641 855 4702 omnibus
909 4644 1121 4724 perpetuum3
1134 4641 1273 4717 insuper
1287 4639 1432 4702 decimas
1446 4639 1610 4703 fructuum
1625 4661 1704 4706 ves-

72 4735 879 4814 earumboniS,tampraesentthus,quamtuturis,,
909 4743 1049 4813 trorum,
1079 4755 1162 4818 quos
1185 4735 1324 4800 ubilibet
1352 4737 1495 4814 propriis
1520 4741 1705 4818 sumptibus

72 4831 131 4892 tarn
147 4833 181 4895 in
194 4831 445 4910 temporanbus,
460 4849 558 4912 quam
572 4835 673 4897 etiam
693 4835 855 4912 spiritua·
877 4816 880 4905 ἱ
900 4837 1146 4914 ,laboribusque
1162 4834 1331 4912 colligitis,
1348 4835 1418 4896 sive
1437 4835 1477 4897 de
1493 4838 1706 4902 nutrimentis

74 4925 160 5000 libus,
181 4947 256 4993 cum
279 4929 505 5006 fidelitatibus,
524 4931 803 5005 institutionibus,
825 4935 858 4996 et
877 4931 881 5010 l
912 4932 1108 4999 animalium
1127 4931 1315 4994 vestrorum
1336 4932 1448 5004 nullus
1471 4935 1604 4996 avobis
1628 4938 1705 5003 exi-

74 5023 343 5100 destitutionibus,
381 5027 653 5100 correctionibus,
686 5029 880 5116 visitatio-'5
911 5048 1002 5112 gere,
1018 5032 1071 5094 vel
1094 5031 1501 5110 extorquere'praesumat.
1522 5035 1627 5106 Quum
1645 5051 1708 5096 au-

74 5123 172 5198 nibus,
196 5125 346 5198 decimis,
367 5125 534 5203 primitiis,
559 5127 778 5200 testamentis,
804 5144 881 5208 se-3
912 5131 978 5194 tem
1018 5127 1175 5206 generale
1214 5127 1427 5190 interdictum
1456 5132 1557 5192 terrae
1594 5130 1705 5206 suerit,

75 5221 218 5294 pulturis,
253 5221 478 5285 functionibus
513 5215 732 5298 intirmorum,
767 5241 881 5288 com-1
913 5229 1013 5292 liceat
1035 5227 1130 5296 robis
1158 5226 1282 5288 clausis
1306 5227 1432 5303 januis,
1465 5227 1611 5288 exclusis
1642 5245 1707 5290 ex-

74 5319 333 5382 mendationibus
358 5321 557 5392 animarum,
585 5321 685 5398 atque
717 5306 880 5386 oblatio·¹
914 5323 1166 5388 communicatis
1192 5325 1225 5386 et
1257 5323 1455 5396 interdictis,
1479 5340 1545 5386 non
1567 5326 1708 5402 pulsatis

76 5414 164 5476 nibus
186 5418 338 5480 rivorum
356 5419 389 5480 et
404 5420 630 5494 mortuorum3
652 5420 857 5497 parochiam,
878 5412 881 5501 ξ
915 5423 1096 5500 campanie,
1114 5437 1291 5502 suppressa
1306 5437 1388 5484 voce
1401 5420 1514 5484 divina
1529 5421 1639 5486 cilicia
1653 5443 1710 5487 ce-

77 5513 331 5588 etparocbianos
346 5513 467 5576 ibidem
479 5517 731 5590 commorantes,
746 5521 805 5582 aut
826 5520 860 5580 in
878 5504 881 5557 ÷
914 5521 1057 5582 labrare.
1070 5520 1163 5580 Nulli
1179 5535 1257 5596 ergo
1271 5519 1406 5580 omnino
1424 5519 1594 5582 bominum
1610 5521 1709 5587 liceat

77 5622 112 5668 eo
134 5613 329 5680 moraturos,
352 5613 451 5689 atque
475 5613 574 5674 etiam
601 5615 789 5691 sepulturas
824 5619 881 5678 in:
915 5618 1172 5695 hancpaginam
1193 5616 1316 5678 nostrae
1331 5616 1557 5694 protectionis,
1579 5620 1612 5680 et
1626 5635 1710 5681 con-

78 5704 203 5768 civitate
216 5710 412 5784 uulgarum
427 5711 499 5787 ejus
514 5710 735 5786 pertinentiis,
752 5717 860 5792 acJus
917 5715 1115 5777 firmationis
1152 5713 1345 5788 intringere,
1381 5713 1444 5775 eto.
1482 5715 1515 5774 Si
1543 5718 1617 5791 quis
1646 5735 1710 5781 au-
