4104 6330
183 401 186 408 ’
270 375 330 438 267

271 535 335 600 hoc
349 535 512 598 attentare
527 533 786 612 presumpserit,
802 531 1065 610 indignationem

272 631 507 710 omnipotentis
520 631 579 694 Ilei
591 633 624 696 et
637 631 810 694 beatorum
821 631 912 694 Petri
922 631 956 693 et
968 629 1065 692 Pauli

273 728 497 806 apostolorum
525 732 596 806 ejus
623 743 658 790 se
684 727 815 791 noverit
840 728 1063 790 incursurum.

273 828 391 890 Datum
400 827 585 900 Alatri,Vll
600 825 732 888 kalend.
741 825 841 904 junii,
853 825 1064 903 pontificatus

273 923 379 994 nostri
393 940 481 986 anno
493 926 601 988 sexto.

600 1163 736 1252 CXCII
835 1171 841 1181 “

311 1319 364 1380 Ad
381 1319 576 1390 episcopam
595 1316 628 1376 et
642 1315 830 1389 capitulum
854 1317 1024 1376 Vtrensas.

449 1513 452 1518 ,
559 1445 594 1504 aa
613 1445 772 1503 matrinas.

308 1569 403 1632 [Fonds
414 1569 523 1628 IIoreau,
535 1569 591 1618 llss.
603 1567 689 1626 latins,
705 1574 724 1617 t.
737 1567 791 1627 leo,
802 1582 827 1632 p.
843 1567 897 1618 les.
906 1566 1029 1620 Biblioth.

591 1639 746 1703 liddensis]
972 1659 976 1668 ·

272 1747 455 1807 Confirmatio
474 1746 636 1805 donationis
659 1746 688 1802 iu
713 1744 841 1802 levorem
870 1744 999 1802 ecclesiae
1013 1743 1064 1802 Vi·

306 1837 400 1894 rensis
411 1836 539 1894 omnium
549 1835 687 1892 bonorum
699 1833 735 1892 ab
747 1832 845 1892 Odone
858 1847 928 1906 rege
939 1831 1066 1891 Francia

306 1923 399 1983 laetae.

310 2042 479 2105 Honorius
490 2041 677 2119 episcopus,
687 2055 803 2102 servus
814 2038 1064 2110 serrorumnei,

270 2139 455 2203 venerabili
476 2137 571 2200 tratri
596 2137 750 2214 epIscopo
772 2138 806 2198 et
828 2135 959 2198 dilectis
975 2133 1065 2206 tiliis,

272 2237 418 2315 capitulo
428 2235 571 2308 Virensi,
585 2233 727 2296 salutem
734 2235 767 2296 et
776 2232 1000 2312 apostolicam
1008 2233 1068 2295 be-

271 2335 504 2400 nediationem.

202 2507 205 2514 Ι
311 2435 330 2496 J
333 2433 417 2495 ustis
432 2431 615 2510 petentium
628 2430 783 2509 precibus
796 2429 931 2508 dignum
945 2430 996 2492 est
1006 2445 1067 2492 nos

271 2530 405 2592 facilem
419 2526 568 2606 prebere·
590 2543 775 2599 assensum,
793 2527 825 2589 et
848 2528 925 2589 rota
950 2542 1024 2603 quae
1047 2543 1064 2588 a

272 2628 413 2690 rationis
428 2625 562 2689 tramite
577 2640 644 2686 nou
655 2623 846 2686 discordant
857 2623 978 2686 ellectu
989 2639 1068 2701 pro-

273 2726 432 2804 sequente
451 2723 628 2801 complere.
652 2725 698 2784 Ea
720 2722 864 2799 propter,
891 2720 1003 2782 dilecti
1031 2721 1067 2782 in

271 2824 411 2886 Domino
426 2821 500 2897 tilii,
520 2821 643 2883 restris
658 2821 759 2898 justis
787 2817 1067 2896 postulationibus

269 2913 365 2999 grato
392 2919 626 2983 concurrentes
659 2933 810 2990 assensu,
837 2916 951 2979 villam
980 2916 1064 2989 Vici,

144 3060 152 3072 ι
271 3021 416 3081 castrum
431 3018 471 3078 de
483 3017 598 3078 Arters
614 3017 647 3076 et
660 3015 727 3076 alia
740 3015 838 3092 bona,
849 3031 923 3092 quaa
933 3015 1066 3092 inclytae

270 3114 512 3178 recordationis
534 3113 619 3184 Ode,
643 3128 705 3178 rex
727 3112 892 3180 Franciae,
916 3111 1066 3172 ecclesiae

271 3214 391 3276 restrae
400 3211 455 3289 pia
463 3209 663 3271 liberalitate
673 3208 817 3280 donarit,
827 3207 914 3270 sicut
924 3224 964 3270 aa
975 3209 1066 3286 iuste

271 3309 418 3388 possidet
437 3309 470 3370 et
484 3308 604 3384 quiete,
622 3307 655 3367 et
677 3305 713 3366 in
740 3305 845 3382 ipsius
873 3305 1066 3368 authentico

270 3403 403 3482 plenius
423 3401 621 3473 continetur,
651 3399 746 3462 robis
770 3401 804 3462 et
829 3416 888 3478 per
915 3415 974 3461 ros
1001 3400 1066 3477 ipst

271 3501 422 3566 ecclesiae
452 3497 649 3561 auctoritate
676 3497 865 3574 Apostolica
887 3497 1065 3560 conflrma-

272 3614 346 3659 mus
362 3597 394 3658 et
408 3595 582 3673 praesentis
598 3591 713 3670 scripti
723 3593 910 3670 patrocinio
919 3609 1067 3655 commu-

272 3695 394 3757 nimus.
411 3691 503 3756 Nulli
518 3707 597 3768 ergo
625 3691 759 3760 omnino
774 3689 946 3752 hominum
967 3689 1067 3752 liceat

271 3787 1067 3869 hanepaginamnostraeconfirmationisinirin·
1137 3840 1142 3850 .

272 3889 429 3967 gere,rel
446 3889 477 3950 ei
506 3903 590 3948 ausu
617 3885 796 3949 temerario
823 3886 1000 3948 contraire.
1032 3887 1067 3948 Si
1137 3937 1143 3948 .

273 3987 472 4066 pulsantem
489 3984 551 4044 lroc
567 3983 730 4045 attentare
740 3984 1000 4060 praesumpserit,
1013 3983 1067 4044 in-

272 4083 498 4161 dignationem
511 4080 746 4156 omnipotentis
760 4080 819 4141 Dei
841 4081 874 4141 et
895 4079 1067 4142 beatorum

272 4182 364 4245 Petri
378 4182 412 4242 et
423 4178 520 4242 Pauli
539 4177 764 4254 apostolorum
790 4179 862 4255 ejus
887 4190 922 4237 se
937 4179 1068 4240 noverit

271 4281 495 4341 incursurum.
526 4275 645 4336 Datum
679 4271 795 4346 Alatri,
817 4275 877 4335 Vll
906 4273 1066 4337 kalendas

268 4377 369 4457 junii,
386 4373 598 4454 pontificatus
613 4371 719 4432 nostri
733 4387 822 4432 anno
835 4372 941 4433 sexto.
1067 4457 1070 4462 Ι

592 4629 750 4716 CXCIII

271 4791 324 4854 Ad
339 4789 495 4863 priorem
508 4785 549 4843 de
563 4781 679 4842 Monate
691 4783 934 4854 Leproaorum,
951 4781 984 4844 ct
1007 4797 1069 4842 or-

281 4877 286 4884 ’
312 4883 548 4946 eitdiooooum
585 4891 646 4938 oc.
666 4877 843 4938 certiorem
879 4879 1067 4940 Rotltoma-

312 4991 446 5060 penses.

565 5049 600 5109 26
614 5049 683 5108 maii
698 5049 776 5108 liii.

306 5185 427 5252 [nonest.
437 5177 483 5252 lib.
495 5177 538 5235 lli,
550 5173 625 5240 epist.
634 5171 688 5224 tei.
698 5173 756 5224 llas.
768 5173 887 5225 LaPorte
899 5173 1035 5242 darnoli]

273 5299 427 5364 tlandatut
440 5292 583 5353 sententia
597 5291 901 5350 excommunicationis
910 5294 940 5350 in
952 5308 1067 5353 monas·

308 5379 1067 5462 teriumCadomeu.observaturusqueadcondignam

309 5474 533 5536 satisfactionem
561 5483 632 5544 erga
659 5467 826 5543 epIsoopum
851 5469 997 5543 Baiocen,
1018 5474 1067 5546 qui

310 5580 375 5625 eam
387 5561 458 5631 tulit.

314 5679 492 5752 Honorius,
521 5677 596 5748 ete,
622 5675 751 5738 dilectis
778 5676 857 5738 tiliis
884 5676 989 5754 priori
1025 5679 1066 5740 de

889 371 1065 434 HONORII
1086 369 1133 432 111
1154 371 1304 432 OPERA.

1858 369 1918 432 168

1119 531 1230 594 Monte
1247 532 1478 606 leprosorum,
1491 528 1730 592 archidiacono
1741 531 1774 591 et
1785 529 1917 592 cantui

1120 628 1361 704 Rothomagen.

1160 727 1240 785 curn
1252 725 1332 786 olim
1347 723 1635 786 innovarissemus
1644 723 1805 801 quoddam
1816 725 1919 801 priri-

1120 822 1243 897 legium
1271 821 1465 884 monasterii
1494 819 1671 882 cadomen.
1709 822 1745 882 in
1773 821 1919 897 regestis
2047 851 2048 860 .

1120 917 1228 980 felicis
1242 919 1412 980 memoriae
1430 918 1612 980 Alexandri
1624 935 1718 995 papea
1729 919 1920 996 praedeces-

1120 1015 1205 1078 soris
1241 1016 1348 1078 nostri
1374 1017 1559 1093 repertum,
1595 1015 1780 1078 venerabili
1817 1015 1917 1078 tratri

1120 1113 1271 1175 nosco...
1291 1115 1447 1190 Baioceu.
1470 1113 1636 1190 episcopo,
1653 1114 1689 1173 in
1710 1113 1808 1191 cujus
1832 1113 1919 1174 dite·-

1120 1211 1189 1272 cesi
1203 1211 1441 1272 monasterium
1462 1211 1570 1287 ipsum
1595 1211 1757 1282 consistit,
1781 1211 1920 1287 propter

1120 1308 1183 1369 hoo
1197 1309 1232 1368 in
1248 1309 1360 1370 nostra
1379 1308 1556 1385 praesentia
1572 1308 1761 1380 constituto,
1773 1323 1834 1369 nos
1847 1323 1917 1369 au-

1120 1405 1199 1466 ditis
1225 1421 1298 1482 quae
1333 1421 1433 1482 super
1461 1405 1525 1466 hoc
1566 1405 1696 1468 curarit
1726 1419 1916 1481 proponere

1121 1517 1234 1564 coram
1261 1502 1370 1575 nobis,
1398 1501 1654 1574 declaravimus,
1682 1502 1767 1580 quod
1792 1503 1920 1564 nostra

1120 1599 1317 1662 intentionis
1341 1615 1407 1660 non
1423 1599 1532 1662 iuerat
1572 1615 1634 1676 per
1666 1601 1918 1662 innovationem

1121 1697 1253 1774 praelati
1287 1697 1459 1775 privilegii
1483 1699 1645 1774 derogare
1670 1698 1740 1775 juri
1768 1697 1919 1776 episcopi

1121 1794 1312 1870 memorati;
1326 1794 1384 1856 sed
1398 1795 1592 1857 volebamus
1608 1790 1718 1858 omnia
1735 1795 1769 1856 in
1784 1810 1824 1856 eo
1842 1795 1918 1856 sta-

1120 1893 1157 1954 tu
1187 1907 1331 1964 manere,
1361 1893 1397 1953 in
1420 1907 1485 1969 quo
1509 1895 1607 1954 erant
1629 1892 1761 1970 quando
1789 1891 1918 1954 dictum

1121 1988 1332 2066 privilegium
1367 1989 1478 2051 extitIt
1513 1991 1719 2063 innovatum,
1754 2003 1918 2067 expresso

1121 2087 1207 2164 quod
1221 2103 1280 2164 per
1304 2086 1367 2149 hoc
1385 2101 1451 2148 non
1465 2087 1719 2150 intendebamus
1734 2089 1805 2165 juri
1830 2087 1920 2149 alias

1122 2183 1229 2246 eidem
1242 2183 1444 2246 monasterio
1460 2185 1660 2262 competenti
1685 2185 1916 2262 prejudicium

1121 2281 1286 2359 generari.
1317 2283 1432 2358 Nuper
1454 2283 1566 2344 autern
1592 2283 1761 2359 querelam
1787 2281 1919 2359 prmiati

1121 2379 1267 2456 episcopi
1279 2380 1464 2456 recepimus
1479 2381 1715 2452 continentem,
1732 2380 1820 2457 quod
1840 2395 1918 2441 oum

1122 2477 1193 2554 ipse
1219 2477 1260 2538 ad
1285 2476 1459 2554 praefatum
1489 2477 1727 2539 monasterium
1748 2477 1919 2538 accessis-

1123 2575 1209 2636 set...
1226 2574 1318 2652 prior
1341 2576 1374 2636 et
1391 2576 1587 2648 conventus,
1613 2591 1690 2637 ac...
1717 2577 1919 2652 procurator

1122 2670 1249 2734 ahbatIs
1262 2671 1410 2749 ejusdem
1425 2672 1490 2734 loci
1501 2687 1578 2734 eum
1591 2673 1771 2736 uoluerunt
1790 2673 1825 2734 in
1843 2687 1922 2733 mo-

1121 2770 1268 2832 nasterio
1282 2771 1355 2846 ipso
1367 2771 1528 2847 recipere,
1544 2785 1606 2832 uec
1626 2771 1659 2833 ei
1669 2772 1827 2833 consueta
1849 2770 1917 2832 olr-

1121 2867 1235 2946 sequia
1247 2867 1418 2938 exhibere,
1429 2870 1564 2944 propter
1578 2869 1664 2945 quod
1673 2869 1708 2929 in
1719 2883 1919 2930 eosexcom-

1121 2965 1918 3042 municationIssententiampromulgavit,quam

1120 3062 1309 3138 apostolico
1323 3062 1419 3138 petiit
1433 3062 1616 3124 munimine
1632 3062 1802 3125 roborare.
1816 3063 1918 3126 ldeo-

1121 3173 1184 3236 que
1198 3159 1519 3221 ulscretionlrestrae
1528 3160 1781 3237 parapostouea
1792 3161 1918 3236 scripta

1121 3255 1334 3327 mandamus,
1368 3258 1530 3333 quatenus
1571 3257 1770 3319 sententiam
1808 3257 1918 3334 ipsam

1056 3399 1063 3412 .
1121 3355 1207 3415 sicut
1232 3352 1476 3415 rationabiliter
1500 3357 1551 3416 est
1575 3357 1721 3431 prolata,
1754 3355 1917 3416 iacientes

1121 3464 1225 3526 usque
1238 3447 1279 3510 ad
1290 3446 1551 3511 satisfactionem
1566 3449 1777 3526 condignam,
1793 3449 1915 3526 appal-

1121 3546 1244 3608 latione
1265 3547 1393 3608 remota
1418 3545 1559 3607 firmiter
1583 3545 1766 3618 observari,
1790 3547 1918 3610 dictum

1121 3643 1311 3720 episcopum
1326 3642 1530 3706 conservetis
1545 3645 1579 3706 in
1593 3645 1816 3722 statumque
1830 3646 1920 3706 tem-

1121 3757 1200 3818 pore
1213 3741 1399 3818 saepedictae
1409 3739 1634 3803 innovationis
1646 3743 1795 3805 noscitur
1806 3743 1917 3804 eusti-

1120 3839 1212 3908 trsse,
1220 3838 1479 3901 contradictores
1490 3853 1732 3916 percensuram
1742 3841 1919 3902 ecclesias-

1121 3938 1220 3998 nram
1233 3935 1456 4013 appellatione
1470 3936 1653 4012 postposita
1663 3937 1915 4015 compascendo,

1122 4033 1249 4096 nullum
1264 4049 1323 4111 per
1335 4033 1399 4094 lroc
1412 4033 1494 4112 juri,
1510 4034 1596 4094 alias
1610 4035 1698 4096 dicto
1712 4035 1918 4096 monasterio

1122 4131 1332 4207 competenti,
1347 4131 1578 4208 praejudicium
1602 4131 1803 4206 generando.
1822 4133 1917 4203 Quod

1122 4228 1151 4289 si
1163 4243 1230 4290 non
1245 4243 1370 4300 omnes,
1380 4229 1446 4290 etc.
1460 4230 1578 4291 Datum
1588 4229 1706 4302 Alatri‚
1720 4231 1780 4292 Vll
1790 4228 1916 4290 kalen-

1122 4326 1182 4388 das
1188 4325 1291 4404 junii,
1309 4325 1518 4402 pontificatus
1534 4326 1640 4388 nostri
1655 4342 1743 4389 anno
1758 4329 1863 4390 sexto.

1446 4649 1597 4736 CXCIV

1122 4803 1175 4862 Ad
1195 4799 1423 4883 prepositum
1452 4801 1571 4865 Sancti
1592 4803 1738 4864 Jonas-o
1755 4805 1919 4880 Aeneia-

1162 4901 1248 4960 cteo.
1271 4897 1306 4958 et
1325 4898 1664 4972 archipresbyterum
1678 4914 1719 4960 oc
1736 4901 1919 4964 conteram

1161 4996 1371 5058 samaraeo.
1386 4997 1553 5056 eiecere.

1410 5125 1446 5183 27
1460 5123 1528 5182 mail
1545 5123 1624 5183 1222.

1145 5249 1264 5316 magea,
1276 5247 1322 5299 ue.
1335 5249 1375 5307 vr,
1386 5248 1461 5313 epist.
1476 5247 1531 5320 rra:
1545 5249 1600 5300 uss.
1616 5251 1653 5302 na
1664 5251 1738 5302 rorte
1750 5250 1786 5302 au
1798 5251 1892 5318 meur

1122 5375 1236 5435 Mandat
1257 5383 1288 5434 ut
1301 5374 1428 5434 damnus
1442 5376 1639 5448 Eugolismen.
1659 5377 1707 5450 qui
1733 5387 1919 5439 recusaverat

1156 5466 1284 5540 recipere
1298 5464 1406 5522 litteras
1420 5465 1599 5536 Apostolicas
1611 5467 1714 5524 citetur
1736 5466 1773 5524 ad
1788 5481 1915 5539 presen-

1156 5557 1225 5613 tiam
1238 5553 1379 5628 pontilicis
1392 5553 1523 5612 Romani.

1161 5681 1341 5751 Honorius,
1373 5679 1449 5752 etc,
1480 5679 1609 5743 dilectis
1637 5680 1717 5742 tiliis
1735 5682 1917 5759 praeposito
