4002 6326
92 354 143 418 389
668 349 896 410 EPISTOLAE.
919 350 997 410 LIB.
1021 349 1090 411 vll.
1642 349 1702 411 390

92 511 236 590 eplscopis
250 511 281 572 ct
295 505 425 572 dilectis
449 507 528 570 lillis
544 508 620 570 aliis
641 509 857 572 ecclesiarum
912 509 992 570 lium
1006 508 1234 586 eleemosynas
1249 507 1290 570 ad
1310 524 1392 586 opus
1416 524 1597 588 pauperum
1610 508 1701 572 beati

92 608 221 688 prelatis
240 606 278 667 ad
299 621 380 683 quos
402 605 521 668 litterae
546 607 618 668 Istae
634 607 856 685 pervenerint,
911 607 1047 668 Antonii
1061 623 1135 668 cum
1151 606 1339 668 bumilitate
1354 621 1393 667 ac
1408 606 1548 668 veritate
1563 607 1700 688 petenti·

95 706 220 768 salutem
234 703 778 784 etApostolicambenedictionem.
912 702 984 775 bus,
1010 703 1083 780 pius
1108 703 1257 766 faveret
1284 701 1458 764 caritativa
1483 705 1617 780 propter
1637 703 1701 764 boc

122 807 219 864 Grave
232 801 378 876 gerimus
404 801 437 862 et
455 799 629 876 indignum
651 800 749 879 quod,
773 798 859 862 sicut
913 800 1058 862 subsidia
1081 797 1328 862 subtrahantur.
1350 802 1397 861 Ea
1419 815 1510 872 vero,
1538 816 1611 877 quae
1634 817 1699 862 no-

90 899 172 962 nobis
186 898 323 960 relatum
340 899 401 970 est,
417 897 585 960 multoties
609 913 628 960 a
648 897 856 969 multissimo,
911 898 1001 960 mine
1013 901 1049 960 B.
1063 898 1198 960 Antonii
1214 899 1373 959 noveritis
1388 914 1461 959 esse
1474 898 1605 971 collata,
1620 913 1702 958 con-

88 997 161 1059 sicut
179 997 246 1072 lam
272 1010 356 1071 pene
391 994 591 1056 universalis
615 995 763 1057 Ecclesia
790 1010 857 1055 non
913 995 1040 1071 signari
1053 999 1126 1072 ejus
1141 995 1302 1063 ecclesiae,
1314 997 1411 1072 prout
1421 995 1585 1064 convenit,
1602 994 1702 1058 lacia-

87 1093 214 1172 ignorat
230 1093 392 1170 praetentu
403 1092 566 1154 simulatae
577 1091 762 1169 religionis
777 1092 857 1169 quin
912 1091 966 1165 tis,
983 1092 1244 1154 contradictores
1256 1106 1501 1170 percensuram
1518 1092 1700 1154 ecclesias-

88 1191 185 1270 potius
203 1187 399 1250 damnandae
413 1187 604 1267 cupiditatis
619 1187 763 1262 obtentu,
785 1189 860 1266 qul·
911 1189 1022 1262 ticam,
1036 1189 1166 1252 sublato
1177 1189 1700 1267 appellationisobstaculo,com-

87 1287 151 1349 dam
165 1287 296 1348 nomine
312 1286 418 1348 sancti
430 1286 565 1348 Antonii
581 1286 739 1364 quasdam
753 1286 860 1362 regio·
912 1287 1095 1362 pascentes.
1133 1289 1252 1348 Datum
1284 1287 1417 1362 Signiae,
1448 1289 1478 1347 11
1510 1287 1585 1348 idus
1609 1286 1699 1365 julii.

86 1399 137 1446 nes
158 1384 363 1462 percurrunt,
391 1381 448 1460 qui
470 1383 695 1445 mendicantes
712 1381 753 1443 ad
776 1397 858 1459 opus
912 1382 1123 1460 pontificatus
1137 1383 1242 1447 nostri
1255 1399 1343 1446 anno
1356 1383 1506 1462 septimo.

86 1496 253 1559 pauperum
291 1481 532 1559 eleemosynas,
569 1495 628 1543 seu
666 1479 778 1543 verius
817 1478 858 1541 ad

85 1579 187 1639 luxum
212 1577 382 1656 proprium
419 1579 664 1657 extorquentes,
697 1577 860 1654 praevari-

86 1674 177 1738 cando
190 1675 338 1750 graviter
352 1676 437 1752 quod
453 1673 563 1736 oblata
578 1673 774 1752 suscipiunt,
800 1673 857 1736 sed

85 1772 206 1849 marius
221 1771 418 1834 offendendo
431 1789 491 1850 per
502 1787 632 1844 causas,
645 1772 762 1850 quibus
778 1771 860 1833 sim·
1230 1757 1384 1844 CLXIV

84 1869 176 1947 plices
188 1869 228 1930 ad
244 1867 450 1933 offerendum
472 1869 643 1944 inducunt,
671 1869 749 1930 dum
773 1869 858 1930 ialsa

84 1965 288 2042 contingendo
310 1967 484 2039 miracula,
507 1967 541 2029 et
568 1966 682 2044 ignota
706 1979 781 2028 ossa
798 1982 858 2043 pro

84 2063 194 2126 sanctis
222 2063 374 2141 reliquiis
409 2063 623 2136 ostendendo,
652 2079 728 2126 cum
764 2061 858 2124 falsis
1201 2065 1235 2124 lt
1254 2064 1317 2140 iulii
1336 2067 1414 2124 lala.

85 2160 266 2223 litterisnon
278 2159 855 2240 solummodomagnatumetregum
1080 2205 1188 2274 [ughelli
1210 2205 1284 2258 ltalia
1304 2207 1379 2260 sacra
1399 2207 1435 2259 111
1458 2205 1527 2272 lla]

82 2258 297 2321 verumetiam
317 2258 526 2337 apostolicis,
543 2257 731 2321 otaliorum
745 2259 856 2320 eccle·
1190 2244 1197 2266 ’
1380 2245 1387 2266 '
1437 2245 1444 2267 '
1508 2248 1513 2260 '

83 2356 132 2416 gjae
153 2356 376 2433 praeMorum,
405 2373 479 2419 5030
511 2357 547 2418 in
568 2357 688 2419 ,stratis
716 2355 857 2435 publicis
911 2345 968 2401 EOS
981 2357 1046 2401 cum
1068 2341 1201 2400 Omnibus
1220 2341 1303 2400 bonis
1324 2341 1377 2398 sub
1398 2342 1474 2402 beati
1497 2342 1572 2400 Petri
1596 2349 1624 2400 et
1648 2358 1699 2402 sua

83 2451 229 2530 objiciunt
242 2455 441 2536 peregrinis,
456 2455 489 2517 et
503 2454 611 2516 locum
626 2455 662 2516 in
675 2469 738 2532 quo
753 2470 856 2516 sanc·
1149 2431 1323 2503 Pf⁰¹⁰⁰²¹⁰fle
1336 2431 1463 2503 suscipit.

82 2551 142 2610 tum
154 2550 332 2612 Antonium
357 2552 512 2613 asserunt
532 2551 742 2628 requiescere
762 2551 857 2612 inac-
951 2557 1120 2620 Honorius
1128 2557 1617 2636 episcopos,servusserv0rum
1629 2558 1699 2630 Dei,

84 2647 254 2710 cessibilem
278 2663 337 2726 pro
358 2647 525 2711 latronum
542 2647 679 2710 ‘insidiis
701 2663 774 2710 esse
799 2647 855 2710 di·
910 2654 1040 2716 dilectis
1068 2653 1147 2715 filiis
1174 2654 1280 2731 priori
1307 2653 1458 2716 ecclesiae
1490 2657 1701 2730 Pisanorum,

83 2745 189 2818 centes,
205 2745 404 2824 praeripiunt
418 2745 601 2808 oblationes
623 2761 747 2819 eorum,
774 2761 855 2825 quos
910 2752 1050 2814 salutem
1064 2751 1329 2827 etApostolicam
1343 2751 1619 2814 benedictionem.

47 2849 50 2854 '
82 2841 254 2920 deceptoria
268 2843 515 2919 sufliagiorum,
530 2844 563 2905 et
577 2843 762 2906 orationum
773 2859 855 2921 pro·
950 2848 1169 2911 sacrosancta
1193 2850 1342 2910 Romana
1371 2848 1519 2910 Ecclesia
1550 2849 1699 2924 devotos,

82 2939 224 3003 missione
236 2941 400 3002 solantur.
416 2941 509 3017 Saepe
523 2954 602 3002 vero
615 2956 763 3002 mensam
785 2941 854 3002 lin·
909 2947 942 3008 et
956 2945 1099 3006 humiles
1111 2945 1199 3007 illios
1214 2960 1258 3006 ex
1271 2945 1412 3006 assuetae
1435 2945 1568 3022 pietatis
1588 2946 1700 3011 cilicio

82 3031 125 3094 teo
136 3037 320 3111 coopertam
335 3034 515 3111 exponunt,
532 3036 566 3096 et
576 3034 741 3111 impositis
756 3049 856 3111 super
909 3042 1105 3120 propensius
1118 3041 1257 3120 diligere
1271 3043 1453 3114 consuevit,
1470 3043 1503 3105 et
1517 3059 1559 3105 ne
1573 3061 1699 3120 pravo-

82 3143 114 3190 ea
134 3130 247 3193 luridis
275 3129 427 3192 manibus
453 3146 513 3193 seu
534 3131 672 3208 pedibus
692 3132 856 3194 cremato-
909 3156 982 3202 rum
998 3139 1167 3201 hominum
1182 3139 1343 3201 molestiis
1359 3140 1702 3215 agitentur,eostam-

80 3241 141 3286 ΝΗ]
154 3227 193 3288 ad
206 3228 414 3290 offerendum
436 3227 470 3288 in
492 3242 543 3301 0³,
565 3229 733 3306 umquam
761 3230 796 3290 in
817 3244 855 3290 re
909 3253 1007 3315 quam
1022 3237 1078 3314 pia
1089 3238 1195 3299 mater
1207 3253 1276 3297 suaa
1291 3237 1506 3312 protectionis
1517 3241 1700 3302 munimine

81 3322 177 3401 aliqua
199 3325 395 3398 venerabili,
412 3325 620 3388 devotionem
644 3325 853 3388 credulorum
908 3333 1097 3396 confovere.
1124 3333 1317 3412 Eapropter,
1351 3335 1471 3397 dilecte
1498 3335 1532 3396 in
1561 3339 1700 3400 Domino

80 3419 223 3496 alliciunt,
243 3423 492 3485 misericordias
508 3423 567 3484 Dei
591 3423 712 3485 multas
727 3440 771 3486 ex
790 3425 854 3486 boo
907 3432 968 3505 fili,
995 3432 1062 3494 tuis
1086 3431 1188 3508 justis
1215 3430 1494 3508 postulationibus
1509 3435 1603 3509 grato
1619 3451 1701 3496 oon-

80 3516 140 3594 ipso
152 3521 322 3592 testantes,
338 3519 424 3597 quod
441 3521 626 3598 consumpti
642 3521 804 3593 nonsunt,
821 3521 854 3583 et
908 3530 1080 3591 currentes
1090 3519 1241 3599 assensu,
1262 3529 1438 3591 ecclesiam
1453 3546 1528 3590 oum
1547 3531 1699 3594 omnibus

80 3615 255 3690 Patientiam
280 3621 355 3695 ejus
383 3633 537 3693 magnam
563 3632 637 3679 esse
662 3617 851 3694 limantes,
907 3625 1016 3698 bonis,
1029 3641 1103 3703 quas
1127 3626 1162 3686 in
1184 3626 1441 3702 praesontiarum
1457 3626 1700 3692 rationabiliter

960 1917 1177 1992 eupatorem
1189 1917 1223 1979 et
1237 1917 1414 1979 ecclesiam
1429 1919 1650 1982 P‘tsooorum.

80 3713 152 3786 quod
166 3714 203 3776 de
218 3714 377 3777 crematis
399 3715 588 3791 hujusmodi
618 3715 741 3776 divinae
768 3715 851 3776 illu·
907 3723 1064 3801 possidet,
1088 3738 1128 3784 ao
1141 3722 1175 3783 in
1188 3721 1335 3784 futurum
1343 3723 1445 3800 justis
1458 3723 1574 3796 modis,
1588 3741 1697 3802 praes·
1775 3803 1777 3810 Ι

80 3806 171 3872 dendo
184 3811 312 3884 virtuti,
329 3811 394 3889 ipsi
417 3811 552 3874 ultionis
572 3815 644 3888 eJus
673 3812 785 3874 divino
796 3815 854 3890 ju·
906 3821 997 3882 tante
1021 3821 1172 3888 Domino,
1197 3819 1320 3896 poterit
1343 3820 1494 3896 adipisci,
1521 3821 1581 3882 sub
1609 3822 1698 3885 beati

81 3903 153 3968 dicio
167 3925 231 3970 non
243 3911 446 3978 cremantur,
461 3910 496 3972 ut
517 3910 558 3971 do
572 3908 649 3970 aliis
675 3909 851 3972 abomina-
907 3915 1008 3986 Petri,
1036 3917 1070 3977 et
1096 3915 1210 3976 nostra
1242 3915 1448 3991 protectione
1486 3917 1695 3994 suscipimus,

79 4001 207 4067 tionibus
219 4008 383 4079 taceatur,
400 4021 483 4084 quas
510 4007 599 4068 circa
623 4007 851 4085 praescriptam
906 4011 1095 4089 specialiter
1109 4012 1218 4074 autem
1234 4011 1398 4084 redditus,
1416 4015 1448 4074 et
1468 4015 1697 4089 possessiones

80 4101 234 4164 materiam
272 4103 479 4166 committere
524 4105 724 4166 reseruntur.
768 4105 851 4178 Quia
904 4109 1013 4172 eidem
1027 4107 1210 4170 ecclesiaea
1226 4108 1346 4182 dilecto
1359 4109 1428 4172 illio
1443 4111 1556 4174 nostro
1567 4113 1597 4174 J.
1608 4114 1697 4176 tituli

78 4195 625 4277 igiturabusionistantaeflagitium
638 4203 851 4264 attentorum
907 4207 1035 4269 Sanctae
1046 4205 1208 4268 Praxedis
1223 4205 1417 4284 presbytero
1432 4207 1605 4281 cardinali,
1617 4211 1696 4272 tunc

79 4291 263 4370 flagitiorum
280 4297 421 4359 abusum
442 4313 505 4360 nec
518 4299 681 4372 volumus,
706 4316 768 4362 nec
793 4301 853 4362 de·
905 4303 1101 4382 Apostolicae
1119 4303 1213 4366 Sedis
1228 4303 1351 4379 legato,
1368 4304 1422 4380 pia
1438 4305 1472 4366 et
1491 4306 1628 4382 provida
1647 4309 1693 4368 li-

78 4387 176 4454 bemus
190 4395 333 4458 ulterius
348 4395 528 4471 sustinere;
548 4397 757 4460 universitati
770 4413 850 4460 ves·
904 4402 1079 4464 beralitate
1099 4401 1250 4474 collatas,
1277 4403 1376 4478 prout
1393 4401 1429 4462 in
1443 4401 1549 4478 ipsius
1575 4404 1694 4466 litteris

78 4485 127 4549 trae
147 4507 203 4566 per
227 4493 419 4570 apostolica
449 4493 571 4570 scripta
597 4493 792 4555 mandamus
819 4495 852 4557 et
905 4499 1025 4560 dicitur
1048 4497 1180 4576 plenius
1206 4497 1384 4570 contineri,
1410 4499 1497 4560 sicut
1522 4515 1562 4560 ea
1582 4502 1694 4562 omnia

78 4581 209 4650 districte
233 4589 457 4666 praecipimus,
480 4589 642 4669 quatenus
667 4608 727 4668 per
752 4608 851 4669 paro-
901 4597 1001 4674 juste,
1031 4596 1190 4658 canonica
1216 4610 1255 4656 ac
1281 4593 1419 4672 pacifice
1443 4596 1603 4672 possides,
1619 4599 1691 4668 tibi,

78 4679 157 4744 abias
169 4688 301 4747 vestras
316 4685 512 4750 denuntiare
526 4687 718 4750 solemniter
735 4703 851 4766 procu·
905 4694 938 4756 et
952 4709 1011 4771 per
1021 4693 1055 4754 te
1070 4693 1133 4770 ipsi
1149 4691 1299 4753 ecclesiae
1323 4692 1519 4756 auctoritate
1548 4699 1691 4772 Aposto-

78 4779 154 4854 retis,
168 4798 210 4845 ne
225 4783 446 4862 quaestoribus
461 4785 691 4863 hujuscemodi
704 4787 760 4864 qui
772 4803 851 4862 pro-
905 4791 969 4852 lica
984 4789 1227 4859 confirmamus,
1251 4789 1284 4850 et
1298 4789 1474 4866 praesentis
1498 4793 1612 4870 scripti
1627 4810 1691 4870 pa-

78 4882 187 4948 ponunt
199 4881 293 4954 talia,
305 4881 357 4943 vel
371 4883 557 4954 ostendunt,
573 4899 634 4944 nec
652 4883 849 4960 impertian·
904 4887 1046 4950 trocinio
1062 4886 1313 4949 communimus.
1335 4887 1429 4949 Nulli
1455 4903 1534 4966 ergo
1558 4891 1692 4954 omnino

77 4971 122 5032 tur
145 4975 302 5050 auditum,
332 4991 394 5038 nec
420 4975 616 5039 beneficium
652 4978 848 5055 largiantur,
905 4985 1074 5046 bominum
1089 4983 1188 5045 liceat
1206 4982 1293 5044 banc
1308 4984 1464 5061 paginam
1485 4989 1607 5049 nostrae
1620 5005 1694 5065 pro·

78 5067 144 5142 quin
162 5074 270 5149 potius
296 5089 353 5134 eos
372 5073 459 5137 sicut
479 5073 569 5136 iures
595 5075 628 5137 et
659 5075 850 5154 deceptores
903 5077 1067 5150 tectionis,
1092 5079 1126 5140 et
1149 5077 1409 5141 confirmationis
1431 5079 1623 5156 intringere,
1639 5083 1693 5144 vel

77 5167 241 5245 sacrilegos
257 5171 290 5231 et
303 5170 514 5247 blasphemos
527 5169 728 5235 confundant
741 5175 774 5235 et
784 5173 850 5234 bu·
904 5176 935 5237 ei
950 5191 1034 5236 ausu
1048 5175 1227 5238 temerario
1240 5175 1418 5238 contraire.
1443 5177 1476 5237 Si
1493 5177 1566 5254 quis
1581 5181 1692 5241 autem

78 5261 191 5327 milient
217 5267 378 5328 universi.
407 5269 544 5329 Proviso
582 5269 771 5346 prudenter,
795 5286 848 5344 ne,
904 5272 967 5334 boc
979 5272 1142 5334 attentare
1157 5273 1414 5350 praesumpserit,
1431 5272 1691 5350 indignationem

79 5353 144 5419 dum
170 5363 234 5424 viri
259 5363 306 5426 sic
332 5363 480 5440 pestiferi
508 5365 726 5442 repelluntur,
761 5368 849 5429 veris
905 5370 1138 5446 omnipotentis
1151 5370 1210 5430 Dei
1221 5371 1253 5431 et
1263 5369 1433 5432 beatorum
1447 5372 1535 5431 Petri
1547 5374 1580 5434 et
1594 5376 1691 5436 Pauli

78 5458 283 5529 cusatoribus
298 5461 431 5538 pietatis
446 5461 574 5524 viscera
591 5463 847 5539 praecludantur.
905 5466 1128 5543 apostolorum
1157 5468 1228 5543 eJ’us
1251 5483 1286 5527 se
1314 5466 1443 5527 noverit
1466 5469 1689 5532 incursurum.
1743 5490 1744 5493 ¹

79 5551 148 5619 Quia
162 5556 209 5617 sic
233 5556 387 5624 volumus
404 5558 453 5620 eis
473 5559 632 5632 auditum,
648 5561 701 5622 vel
724 5559 851 5622 beneti-
904 5565 1022 5626 Datum
1037 5563 1169 5639 Signiae,
1180 5561 1377 5640 idibusjulii‚
1389 5564 1597 5639 pontificatus
1611 5585 1690 5630 nos·

80 5646 154 5710 cium
168 5653 335 5729 denegari,
353 5671 394 5716 ne
415 5654 497 5718 viris
511 5655 747 5719 misericordiae
765 5657 848 5720 flde-
903 5661 946 5722 tri
962 5675 1050 5721 anno
1065 5660 1213 5736 septimo.
