4104 6330
284 336 344 397 175
898 340 1075 404 HONORII
1097 343 1142 402 ΙΙΙ
1163 343 1311 404 OPERA.
1873 343 1932 404 tto

285 495 393 556 mensi
417 495 451 558 et
477 496 662 560 senonensi
686 497 944 572 archidiaconis,
968 499 1082 562 etma-
1135 516 1278 570 cessum,
1294 501 1401 579 ipsum
1422 500 1483 564 iub
1504 504 1596 564 certa
1621 501 1727 564 forma
1741 499 1932 564 venerabili

285 593 392 669 gistro
419 592 549 672 P(etro)
584 595 625 660 de
658 595 872 666 collemedto,
908 598 1081 675 capellano
1136 599 1232 660 fratri
1249 600 1362 660 nostro
1374 600 1638 662 cenomannensi
1651 599 1808 677 episcopo
1823 597 1872 677 (7)
1897 599 1934 662 et

286 691 411 762 nostro,
427 691 578 752 Parisius
593 693 823 766 commoranti,
848 693 1001 767 salutem,
1017 697 1079 758 etc.
1136 697 1207 758 suis
1215 695 1445 773 conjudicibus
1462 697 1704 759 committentes
1721 695 1780 775 (8).
1792 699 1931 764 Verum,
2042 773 2043 776 Ἴ

326 788 466 850 Inimico
496 789 640 862 homine,
669 791 726 868 qui
746 791 898 853 incentor
917 793 1081 854 malorum
1136 794 1214 871 quia
1228 795 1262 854 iii
1273 795 1524 856 universitatem
1537 795 1771 870 magistrorum
1786 795 1935 856 etecho-

286 887 348 952 est.
365 887 504 963 atquem
518 887 595 948 odia
609 889 642 948 et
656 889 811 950 scissurae
826 889 992 952 delectant
1006 890 1081 952 dis·-
1138 892 1259 952 larium
1285 891 1472 968 generales,
1496 892 1532 952 in
1558 891 1717 969 quosdam
1738 907 1819 955 vero
1839 893 1936 968 ipso-

287 983 491 1056 sensionum,
516 987 802 1061 superseminante
837 988 966 1050 zizania
993 988 1082 1050 inter
1136 1005 1222 1061 runi,
1254 990 1429 1052 occasione
1456 989 1556 1067 liujus
1584 988 1726 1061 dissidii,
1767 989 1935 1066 speciales
2042 983 2043 1008 ¹

287 1081 512 1142 venerabilem
526 1079 664 1143 fratrem
677 1084 1081 1166 nostrumepiscopum(l)
1138 1087 1491 1150 excommunicationis
1514 1086 1654 1164 prolatae
1668 1087 1843 1150 sententiae
1872 1086 1933 1147 di-

287 1180 321 1242 et
334 1179 512 1240 officialem
526 1179 644 1258 ipsius,
661 1181 694 1242 et
708 1182 947 1243 cancellarium
958 1181 1006 1262 (2)
1022 1186 1084 1245 pa·
1137 1184 1307 1257 rebantur,
1322 1199 1382 1246 nos
1395 1185 1431 1246 in
1445 1184 1603 1262 praedicto
1617 1184 1749 1260 negotio
1764 1183 1805 1246 de
1818 1183 1936 1261 provi-

286 1276 475 1350 risiensem,
491 1292 535 1339 ex
559 1279 652 1355 parte
674 1295 752 1351 una,
775 1275 808 1341 et
831 1280 1082 1342 universitatem
1138 1282 1250 1344 dentia
1265 1297 1363 1360 quani
1376 1281 1481 1358 exigit
1495 1280 1725 1358 procedentes,
1743 1295 1801 1343 eas
1816 1297 1936 1343 omnes

287 1375 522 1450 magistrorum
551 1376 754 1438 scholarium
781 1378 1017 1451 parisiensem,
1039 1393 1083 1440 ex
1138 1379 1364 1440 relaxavimus
1387 1379 1429 1440 ad
1458 1378 1634 1450 cautelam,
1651 1383 1684 1440 et
1701 1378 1936 1439 revocavimus

286 1471 405 1544 altera,
421 1473 534 1548 gravis
545 1473 741 1548 jamdudum
756 1474 924 1538 discordia
934 1477 985 1538 cst
999 1475 1083 1536 sub·
1138 1479 1173 1538 in
1185 1477 1317 1540 irritum
1332 1473 1500 1555 quicquid,
1515 1476 1690 1554 postquam
1704 1473 1835 1553 praefati
1859 1491 1937 1536 ma-

289 1568 511 1648 orta(3).Nos
521 1585 612 1641 vero,
624 1570 832 1634 detrimentis
841 1588 884 1633 ex
894 1572 1082 1650 hujusmodi
1138 1575 1233 1652 gistri
1243 1577 1277 1637 at
1291 1574 1460 1636 scholares
1487 1574 1551 1636 iter
1573 1572 1788 1651 arripuerunt
1807 1572 1850 1634 ad
1869 1575 1937 1634 Se-

287 1666 476 1729 turbatione
484 1668 609 1745 paratis
621 1684 798 1732 occurrere
808 1671 992 1748 cupientes,
1008 1685 1084 1732 cau·
1138 1673 1212 1733 dem
1223 1672 1445 1748 apostolicam
1460 1670 1627 1744 veniendi,
1644 1670 1697 1732 est
1708 1669 1750 1732 ab
1763 1670 1934 1748 episcopo,
2042 1659 2043 1662 ’

287 1780 359 1824 sam
379 1780 481 1842 super
503 1765 603 1826 certis
632 1767 795 1840 articulis,
824 1767 866 1829 ad
890 1768 1083 1844 petitionem
1139 1769 1340 1832 cancellario
1353 1769 1386 1832 et
1398 1768 1534 1830 officiali
1549 1767 1730 1845 praedictis,
1746 1766 1800 1830 vel
1814 1782 1835 1829 a
1850 1783 1938 1844 quo-

287 1863 436 1940 ejusdem
459 1863 620 1940 episcopi,
647 1863 894 1926 venerabilibus
924 1863 1084 1927 fratribus
1139 1883 1237 1945 quani
1247 1867 1548 1944 ipsorumnomine,
1565 1865 1771 1936 innovatum,
1784 1862 1938 1926 volentes

287 1960 411 2041 nostris
439 1961 693 2039 archiepiscopo
720 1961 955 2024 cantuariensi
974 1961 1034 2041 (4),
1052 1962 1086 2022 et
1140 1966 1176 2026 ut
1194 1963 1328 2027 interim
1342 1963 1494 2040 magistri
1508 1964 1544 2024 in
1559 1978 1620 2024 sua
1636 1961 1786 2040 plenaria
1806 1977 1939 2038 posses·

287 2057 446 2119 Trecensi
462 2055 509 2138 (5)
536 2073 576 2120 ac
605 2059 805 2120 Lexoviensi
830 2057 877 2138 (6)
901 2059 1081 2136 episcopis,
1141 2061 1236 2122 sione
1262 2060 1315 2122 vel
1340 2061 1435 2138 quasi
1458 2059 1644 2132 serventur,
1667 2074 1730 2121 nec
1755 2059 1939 2138 innovetur

289 2153 351 2214 sub
373 2155 464 2216 certa
479 2154 584 2216 fornia
613 2155 770 2218 duximus
795 2157 1080 2228 committendam,
1140 2157 1266 2236 aliquid
1282 2157 1323 2218 ab
1338 2157 1475 2220 eisdem.

288 2251 378 2314 inter
391 2252 458 2312 alia
473 2253 686 2330 injungentes
700 2254 825 2317 eisdem
841 2255 876 2315 ui
890 2254 1084 2318 laborarent
1181 2257 1210 2316 1.
1226 2257 1301 2318 Non
1323 2255 1500 2332 capiantur
1526 2255 1701 2318 occasione
1725 2253 1931 2332 delinquen-

289 2349 332 2410 ad
353 2349 599 2412 reformandam
620 2351 709 2412 inter
723 2354 836 2428 partes
856 2352 1082 2425 concordiam,
1139 2351 1222 2414 tium
1248 2353 1462 2428 innocentes;
1491 2351 1560 2425 sed,
1591 2352 1621 2413 si
1649 2353 1765 2414 contra
1789 2351 1938 2430 aliquem

289 2461 355 2522 qua
370 2448 475 2523 magis
488 2464 586 2526 quam
604 2449 807 2530 judiciorum
827 2449 967 2527 strepitu
981 2465 1087 2527 expo-
1141 2450 1287 2527 suspicio
1308 2449 1472 2520 habeatur
1494 2449 1688 2526 probabilis,
1713 2448 1852 2510 honeste
1878 2449 1940 2510 de-

287 2543 374 2608 direi
394 2547 562 2622 negotium
578 2547 769 2619 terminari;
795 2547 853 2608 sed
869 2547 910 2608 ad
934 2547 1018 2621 haec,
1035 2547 1087 2610 fa·
1141 2547 1262 2620 tentus,
1288 2548 1442 2609 cautione
1466 2547 1626 2624 praestita,
1642 2546 1841 2608 dimittatur.
1864 2547 1938 2608 Nec

291 2645 401 2708 ciente
416 2645 474 2706 illo
489 2644 545 2722 qui
572 2660 645 2722 quae
670 2643 821 2706 caritatis
846 2647 879 2707 et
896 2646 988 2722 pacis
1009 2647 1087 2708 sunt
1142 2645 1316 2722 episcopus
1331 2646 1389 2706 aut
1414 2643 1569 2706 officialis
1593 2645 1699 2721 ipsius
1720 2643 1829 2704 medio
1850 2643 1941 2705 tem-

290 2742 371 2814 odit,
393 2757 459 2804 non
484 2742 591 2818 potuit
618 2742 803 2818 pervenire.
835 2742 938 2805 Iidem
957 2759 1086 2820 quoque
1141 2757 1222 2820 pore
1235 2741 1276 2802 ad
1290 2741 1435 2805 defuncti
1451 2741 1615 2803 scholaris
1631 2741 1718 2802 bona
1737 2756 1857 2802 manus
1876 2757 1941 2803 ex-

286 2841 430 2919 judices,
458 2840 593 2917 propter
618 2840 779 2917 quasdam
808 2841 1022 2917 exceptiones
1045 2840 1086 2902 ab
1142 2839 1265 2911 tendat,
1280 2855 1388 2916 neque
1406 2841 1583 2916 praedictus
1598 2839 1786 2915 episcopus,
1803 2839 1837 2900 et
1860 2839 1940 2899 offl-

288 2938 435 3000 adversa
460 2939 554 3015 parte
572 2938 770 3016 propositas,
787 2938 866 3001 licet
880 2937 1088 3001 inhibuerint
1142 2935 1237 2998 cialis
1260 2953 1299 2998 ac
1317 2936 1549 3008 cancellarius
1572 2953 1592 2997 a
1616 2934 1828 2998 licentiandis
1840 2937 1941 3012 jiira-

288 3053 348 3108 ·ne,
366 3038 424 3099 lite
441 3036 615 3114 pendente,
630 3036 755 3114 aliquid
768 3037 923 3099 innovari
938 3037 1083 3108 deberet,
1142 3036 1290 3097 mentum
1305 3037 1362 3096 aut
1374 3034 1594 3096 obedientiam
1612 3033 1750 3109 exigant
1768 3033 1821 3094 vel
1834 3033 1940 3092 aliam

294 3135 331 3195 in
348 3134 440 3195 nullo
465 3149 565 3211 super
578 3133 756 3210 principali
767 3135 900 3210 negotio
913 3150 1085 3211 processe·
1142 3133 1341 3204 cautionem,
1358 3132 1463 3194 donec
1478 3147 1538 3208 per
1562 3146 1624 3192 nos
1635 3131 1805 3207 negotium
1822 3131 1941 3192 termi-

292 3232 371 3293 runt
386 3247 449 3292 :ex
471 3247 536 3308 quo
561 3231 684 3293 factum
712 3231 859 3308 estquod
873 3234 1086 3308 exaggeratas
1143 3233 1250 3294 netur.

292 3331 370 3391 sunt
386 3329 593 3405 postmodum
610 3329 812 3406 questiones
837 3330 870 3391 et
894 3329 971 3392 lites
986 3331 1086 3392 etiam
1180 3331 1211 3388 2.
1226 3328 1431 3390 Demoliatur
1447 3329 1585 3406 praecise
1601 3344 1749 3390 carcera
1763 3328 1940 3390 cancella-

289 3427 495 3499 instauratae,
511 3425 720 3504 studiumque
735 3441 945 3499 concussum,
961 3429 999 3489 ut
1015 3430 1087 3506 jam
1142 3427 1193 3488 rio
1208 3427 1281 3504 ipso
1298 3428 1527 3502 constructus;
1545 3443 1606 3490 nec
1621 3426 1767 3504 aliquem
1782 3426 1941 3487 incarce-

290 3524 444 3586 videatur
454 3523 682 3586 dissolutionis
697 3523 846 3602 periculo
859 3523 1045 3601 subjacere.
1142 3523 1231 3587 rabit
1244 3523 1466 3586 cancellarius
1478 3525 1680 3586 memoratus
1698 3545 1705 3584 :
1723 3522 1780 3584 sed
1805 3523 1942 3600 episco-

333 3625 413 3684 Gum
428 3624 540 3684 autem
554 3622 688 3700 quidam
708 3638 750 3684 ex
771 3621 939 3698 praedietis
957 3622 1086 3698 magis·
1143 3638 1215 3698 pus,
1232 3621 1261 3681 si
1276 3621 1543 3683 incarceratione
1558 3637 1640 3698 opus
1657 3621 1718 3693 est,
1736 3619 1940 3698 culpabilem

291 3719 354 3782 tris
371 3735 446 3781 cum
461 3719 674 3782 multitudine
694 3719 898 3782 scholarium
918 3734 978 3797 pro
1000 3734 1036 3782 se
1049 3735 1088 3782 ac
1142 3719 1280 3781 honeste
1293 3719 1328 3780 in
1344 3735 1478 3780 carcere
1494 3718 1665 3781 detinebit.

292 3816 381 3888 aliis,
398 3831 528 3878 necnon
543 3817 576 3878 et
589 3820 788 3894 procurator
805 3815 911 3895 ipsius
924 3815 1085 3894 episcopi,
1182 3819 1212 3878 3.
1229 3817 1364 3878 Interim
1381 3832 1510 3895 quoque
1530 3833 1592 3878 nec
1606 3817 1794 3894 episcopus,
1812 3830 1875 3878 neo
1888 3815 1943 3877 of-

294 3914 336 3975 ad
363 3914 513 3975 nostram
548 3914 763 3992 praesentiam
789 3914 1022 3987 accessissent,
1053 3917 1087 3976 et
1143 3915 1272 3988 ficialiS,
1291 3931 1352 3976 nec
1367 3913 1598 3986 cancellarius,
1610 3913 1841 3990 pecuniariam
1865 3929 1941 3990 poe-

293 4010 382 4072 idem
395 4012 571 4086 episcopus
584 4011 793 4073 revocaverit
811 4011 852 4071 ab
874 4011 990 4074 eodem
1009 4027 1089 4088 pro·
1143 4028 1219 4073 nam
1234 4029 1253 4074 a
1268 4011 1439 4088 magistris
1452 4011 1505 4073 vel
1519 4010 1729 4072 scholaribus
1742 4011 1856 4086 exiget
1878 4026 1940 4086 pro

294 4109 449 4170 curatore
462 4097 665 4180 mandatum,
683 4108 779 4170 nobis
804 4109 981 4170 insinuans
1002 4110 1087 4185 quod
1142 4109 1495 4172 excommunicationis
1521 4109 1671 4170 emenda.
1702 4109 1783 4169 Nec·
1800 4109 1939 4185 episco-
2042 4163 2043 4166 ,

293 4205 452 4284 prosequi
467 4220 602 4266 causam
618 4206 726 4282 ipsam
742 4205 776 4266 in
792 4207 928 4282 propria
945 4221 1087 4283 persona
1143 4223 1214 4285 pus
1234 4209 1267 4268 et
1288 4206 1441 4268 officialis
1456 4221 1496 4267 ac
1511 4205 1732 4266 cancellarius
1757 4203 1938 4265 memorati
2042 4191 2043 4198 '

294 4303 438 4376 volebat,
463 4303 598 4365 tandem
633 4304 844 4380 exspectatus
871 4304 995 4366 diutius
1022 4321 1087 4366 non
1142 4302 1331 4366 licentiatos
1360 4303 1402 4363 ab
1434 4302 1553 4364 abbate
1580 4303 1710 4364 Sanctae
1741 4300 1937 4373 Genovefae,

294 4401 458 4465 accessit:
474 4402 529 4464 cui
545 4417 605 4462 nos
629 4401 758 4463 deferre
784 4401 944 4473 volentes,
973 4402 1087 4464 nolui-

292 4515 377 4574 mus,
395 4501 467 4578 ipsc
491 4499 639 4572 absente,
656 4499 693 4560 in
708 4499 841 4576 negotio
856 4499 981 4562 hahere
1004 4516 1086 4577 pro·

331 4677 372 4752 (l)
388 4680 569 4738 Guillelmum
585 4679 620 4737 de
636 4679 790 4738 silliniaco.

330 4753 371 4825 (Ξ)
389 4751 550 4822 Philippum
578 4749 612 4806 de
633 4753 732 4808 Graves
745 4751 923 4819 arbitramur,
938 4749 996 4822 qui,
1014 4765 1085 4822 prae·

292 4823 476 4898 decessorum
498 4837 626 4888 suorum,
652 4823 809 4892 praesertim
835 4821 955 4878 loannis
969 4820 1005 4878 de
1019 4823 1089 4879 Can·

293 4895 376 4963 dalis,
394 4892 523 4964 vestigiis
535 4893 678 4959 insistens,
689 4907 739 4948 siia
752 4891 902 4949 inscholas
911 4891 1088 4949 parisienses

295 4963 488 5024 ‘urisdictione
503 4963 629 5036 graviter
653 4961 830 5032 abutebatur,
849 4977 882 5019 ca
902 4963 1012 5019 scilicet
1027 4977 1087 5018 mo-

290 4983 388 5096 ffendo
403 5049 467 5107 qus
482 5041 577 5090 vetant
606 5033 716 5090 articuli
740 5032 811 5090 infra
831 5032 956 5106 legendi.
977 5034 1037 5101 Qua
1053 5033 1088 5090 de

291 5124 324 5166 re
339 5107 405 5166 vide
420 5105 573 5179 Egassium
602 5103 640 5161 dii
666 5104 781 5176 ltoulay,
804 5105 853 5172 111,
872 5105 924 5162 404
945 5111 974 5161 et
990 5119 1087 5176 seqq.;

291 5183 317 5241 J.
333 5183 365 5238 B.
382 5176 453 5237 Lud.
470 5176 594 5243 Crevier,
616 5177 638 5232 Ι.
658 5175 791 5232 itti-²92.

330 5250 369 5325 (3)
384 5245 598 5309 Recurrendum
627 5253 671 5302 est
686 5260 771 5316 supra
792 5245 825 5301 ad
843 5245 960 5302 Honorii
979 5261 995 5302 e
1018 5245 1085 5304 isto-

292 5323 350 5382 lam
365 5322 417 5378 tlt
429 5320 492 5376 libri
507 5318 592 5386 tertii,
606 5317 770 5387 annolhltl,
787 5318 865 5386 tlll,
882 5317 936 5374 col.
953 5261 1015 5374 22AE

330 5391 372 5538 P
389 5390 545 5464 Stephano.

344 5465 374 5534 d)
391 5467 513 5520 llarveo.

328 5537 368 5608 (tt)
386 5532 535 5592 Giiillelmo
550 5528 589 5588 de
601 5527 796 5588 pontearohae.

330 5610 372 5681 (7)
389 5603 536 5665 llauricio.

294 5727 297 5735 .
327 5683 369 5754 (8)
386 5675 511 5751 Egregie
527 5689 541 5730 a
556 5673 705 5732 Goillelmo
720 5670 756 5730 de
771 5671 914 5730 silliniaco
934 5669 1086 5730 parisiensi

1143 4401 1235 4478 quin,
1252 4400 1307 4461 ubi
1320 4400 1565 4472 consueverint,
1583 4398 1688 4461 libere
1702 4398 1859 4460 incedere
1874 4413 1938 4460 va·

1144 4498 1246 4572 leant,
1262 4496 1494 4560 molestabunt.

1143 4673 1940 4830 sitivistisnatisnatistitltltsttlt

1143 4826 1187 4874 tor
1210 4819 1341 4874 Historiae
1363 4817 1651 4876 autissiodorensium
1676 4833 1692 4872 e
1715 4830 1888 4889 iscoporum.
1903 4843 1941 4858 -

1144 4888 1268 4962 (fletu-eit
1279 4890 1325 4944 det
1341 4889 1573 4957 list.‚r.llv111,
1592 4905 1618 4960 p.
1636 4832 1712 4959 7403

1178 4961 1201 5016 E
1225 4959 1368 5016 contrario
1393 4973 1462 5015 vero
1487 4959 1652 5016 Guilelmus
1676 4961 1753 5015 Brito
1772 4957 1940 5014 Armoriciis

1143 5029 1239 5086 scribit
1250 5037 1270 5085 t.
1284 5029 1373 5098 XVll,
1384 5043 1411 5100 p.
1429 5031 1489 5097 774,
1507 5030 1551 5086 liis
1566 5029 1661 5085 verbis
1676 5045 1683 5086 :
1700 5030 1819 5097 «Anno,
1833 5029 1863 5084 in
1885 5029 1939 5100 uit,

1144 5101 1222 5160 titii.
1236 5099 1482 5157 Altissiodorensis
1496 5102 1647 5172 episcopus
1662 5098 1832 5156 transfertur
1842 5043 1883 5156 43
1894 5113 1941 5155 ca-

1143 5169 1272 5227 tliedram
1294 5171 1463 5228 parisiensis
1494 5171 1633 5238 ecclesias,
1667 5169 1783 5227 odiosus
1807 5169 1940 5242 Philippo

1143 5243 1204 5314 regi
1219 5249 1247 5298 ct
1262 5242 1438 5298 universitati
1453 5240 1636 5307 scholarium,
1653 5241 1734 5312 cujus
1758 5241 1941 5312 improbitate

1143 5321 1237 5368 actum
1249 5321 1292 5368 est
1305 5318 1336 5369 ut
1350 5325 1450 5369 omnes
1464 5312 1595 5385 magistri
1609 5310 1762 5384 theologis
1774 5319 1803 5367 et
1818 5311 1940 5367 aliarum

1143 5383 1317 5452 facultatum,
1330 5384 1376 5454 qui
1394 5382 1520 5440 parisius
1533 5382 1683 5448 docebant,
1697 5381 1910 5454 suspenderent
1924 5397 1939 5439 a

1142 5453 1275 5527 legendo,
1293 5452 1414 5510 amedia
1425 5452 1643 5526 quadragesima
1661 5451 1797 5525 usquead
1812 5451 1940 5509 medium

1143 5526 1257 5597 augusti
1280 5522 1388 5597 [lii-ill,
1402 5532 1517 5596 propter
1536 5522 1610 5596 quod
1626 5531 1682 5579 tam
1697 5539 1712 5580 a
1728 5524 1806 5580 clero
1822 5536 1939 5594 quanio

1143 5597 1246 5668 populo
1258 5603 1286 5652 et
1299 5595 1434 5651 militibus
1445 5595 1512 5654 odio
1520 5595 1686 5652 habebatur.
1698 5593 1938 5667 (Bouquet,-ibid.,

1142 5676 1211 5725 toni.
1228 5667 1316 5737 XVll,
1332 5683 1358 5738 p.
1377 5665 1452 5739 774.)
