4108 6328
243 299 301 402 001

243 497 393 565 Domini,
422 511 504 572 quos
528 496 569 556 ad
597 495 862 557 Christianorum
891 495 1038 556 omnium

245 596 380 656 salubre
391 594 561 655 servitium
573 593 762 668 apostolica
774 593 875 653 Sedes
887 593 1036 660 assumit,

244 691 424 754 crudeliter
436 692 650 766 impetuntur,
669 691 748 750 dare
762 691 971 765 negligentia
987 690 1038 750 vi-

245 791 395 860 deamur,
416 804 482 849 non
507 791 663 865 tanquam
689 774 887 865 injuriarum
913 788 1037 848 ultores

245 889 448 957 nostrarum,
466 886 523 946 sed
546 887 681 946 lionoris
706 902 836 962 sponsae
861 886 983 945 Clirisii
1006 889 1038 946 ot

244 985 463 1045 immunitatis
486 985 602 1044 domus
636 983 767 1044 Domini
795 983 968 1052 zelatores,
997 982 1037 1041 de

244 1083 411 1142 communi
427 1081 567 1141 fratrum
590 1081 778 1142 nostrorum
799 1079 949 1150 consilio,
977 1079 1038 1139 bac

245 1180 492 1255 inperpetuum
509 1178 653 1239 valitura
672 1179 915 1257 Constitutione
928 1179 1040 1238 sauci-

245 1293 328 1348 mus,
344 1278 379 1338 ut
390 1278 418 1336 si
430 1277 503 1352 quis
520 1277 631 1336 1111100
648 1275 815 1350 sacrilegii
831 1291 935 1350 genus
948 1275 1037 1335 irre-

245 1375 361 1450 pserit,
375 1374 461 1450 quod
478 1377 510 1434 S.
523 1377 562 1434 R.
577 1377 612 1433 E.
630 1373 831 1434 cardinalem
846 1373 946 1432 fuerit
960 1373 1039 1432 1100-

243 1471 347 1533 1111101
361 1472 543 1538 insecutus,
561 1472 614 1532 vel
634 1471 847 1547 percusserit,
864 1471 921 1532 aut
941 1485 1040 1546 cepe-

243 1569 298 1640 rit,
314 1569 366 1630 vel
381 1570 491 1630 socius
505 1569 607 1628 fuerit
617 1567 779 1638 facientis,
791 1568 849 1629 aut
859 1568 929 1628 fieri
944 1584 1039 1627 man-

243 1666 382 1736 daverit,
411 1665 463 1727 vel
493 1665 617 1726 facturn
646 1668 755 1726 ratum
783 1664 951 1736 habuerit,
983 1665 1040 1725 aut

243 1763 422 1824 consilium
445 1763 573 1824 dederit
594 1763 647 1823 vel
672 1762 831 1834 favorem,
855 1763 912 1823 aut
926 1764 1039 1838 postea

245 1861 467 1937 receptaverit
479 1861 531 1921 vel
547 1859 770 1921 defensaverit
785 1861 929 1921 scienter
941 1876 1037 1920 eum-

243 1959 330 2030 dem,
355 1959 441 2020 sicut
459 1975 537 2019 reus
562 1959 650 2019 laesae
680 1959 830 2019 criminis
855 1958 1038 2034 majestatis

245 2058 404 2133 perpetuo
420 2057 463 2116 sit
476 2057 622 2126 infamis,
640 2056 808 2116 diffidatus
822 2055 1038 2116 nihilominus

245 2155 278 2216 et
298 2154 463 2225 banditen,
486 2154 531 2214 sit
554 2153 765 2224 intestabilis
791 2153 825 2214 ut
851 2169 912 2213 nec
938 2155 1039 2214 testa-

243 2251 346 2311 menti
374 2251 513 2311 liberam
539 2251 661 2312 habeat
689 2249 877 2322 factionem,
906 2267 966 2311 nec
996 2251 1036 2311 ad

245 2349 389 2425 alicujus
408 2348 494 2408 bona
514 2365 556 2408 ex
572 2349 781 2420 testamento,
802 2349 856 2410 vel
875 2347 916 2408 ab
934 2348 1039 2409 intes-

244 2446 313 2506 tato
329 2449 475 2518 vocetur,
494 2448 655 2523 quatenus
668 2447 709 2507 ab
721 2446 810 2507 omni
827 2446 1038 2506 successione

246 2543 411 2620 repulsus,
428 2542 623 2620 publicaque
639 2545 772 2621 repulsa
788 2543 956 2614 confusus
976 2543 1039 2602 mi-

247 2657 310 2701 nus
338 2641 489 2702 inveniat
526 2656 595 2702 suae
629 2641 765 2702 malitiae
798 2655 1036 2702 successorem.

242 2739 341 2799 Fiant
363 2738 586 2804 habitationes
602 2742 672 2816 ejus
690 2739 841 2809 desertae,
864 2739 897 2800 et
916 2739 952 2800 ut
973 2754 1038 2798 non

247 2836 289 2897 sit
305 2837 360 2914 qui
380 2853 437 2898 eas
457 2837 632 2909 inhabitet,
651 2837 770 2898 dentur
792 2837 911 2898 cuncta
933 2836 1038 2913 ipsius

246 2932 387 2994 aedificia
407 2934 442 2993 in
463 2934 607 3006 ruinam,
630 2936 662 2994 et
682 2935 717 2996 ut
738 2935 904 3011 perpetuae
927 2934 1038 2994 notam

243 3030 391 3092 infamiae
403 3033 561 3108 perpetua
572 3033 670 3093 ruina
682 3032 833 3102 testetur,
851 3031 942 3091 nullo
955 3035 1039 3092 tern-

242 3145 321 3204 pore
337 3130 546 3206 reparentur.
569 3130 689 3190 Nullus
709 3131 740 3190 ei
761 3129 870 3190 debita
887 3129 1035 3199 reddere,

242 3225 354 3286 'nullus
369 3228 569 3303 respondere
585 3227 753 3304 injudicio
767 3228 930 3288 teneatur.
942 3227 1039 3298 Quid·

245 3323 323 3400 quid
339 3324 489 3384 etiamid
511 3323 607 3384 bonis
626 3323 815 3385 invenietur
831 3324 947 3400 ipsiuS,
965 3323 1037 3384 fisci

241 3422 296 3482 vel
322 3420 515 3497 reipublicae
544 3420 690 3482 dominio
714 3421 908 3496 applicetur,
935 3422 972 3482 ut
997 3438 1039 3481 ex

242 3518 310 3578 illis
325 3518 373 3580 nil
395 3519 598 3580 transmittat
620 3519 660 3578 ad
677 3519 838 3595 posteros,
856 3518 911 3579 sed
928 3520 1037 3596 potius

243 3633 316 3677 oum
332 3617 404 3698 ipso
428 3616 668 3694 quodammodo
694 3617 893 3678 damnentur
911 3618 943 3679 et
965 3633 1035 3678 sua.

244 3715 357 3792 Siqua
376 3731 455 3776 vero
472 3714 580 3786 feuda,
601 3713 795 3788 locationes
813 3715 969 3786 officium,
984 3715 1037 3776 vel

241 3811 439 3873 beneficium
454 3813 640 3890 spirituale,
657 3813 710 3874 vel
725 3813 906 3889 temporale
917 3813 957 3872 ab
973 3812 1038 3872 ali-

244 3909 363 3986 quibus
394 3910 546 3970 ecclesiis
571 3909 707 3982 obtinet,
732 3911 775 3971 sit
796 3911 845 3970 eis
869 3911 941 3986 ipso
961 3913 1037 3987 jure

241 4007 413 4082 privatus;
435 4025 508 4084 quae
531 4009 579 4068 sic
600 4007 706 4068 libera
727 4008 768 4068 ad
796 4007 956 4071 ecclesias
979 4023 1036 4067 re-

242 4104 425 4176 vertantur,
457 4105 543 4180 quod
573 4105 790 4165 ecclesiarum
823 4106 968 4166 rectores
998 4104 1037 4165 de

242 4201 326 4277 ipsis
351 4217 411 4278 pro
433 4217 493 4262 sua
508 4202 677 4262 voluntate
693 4201 880 4277 disponant.
898 4202 988 4272 Quod
1009 4201 1037 4260 si

243 4300 348 4360 filium
360 4297 460 4360 babet
472 4299 641 4369 clericum,
659 4314 724 4358 non
738 4298 922 4374 praelatnm,
936 4299 1039 4358 eccle-

244 4397 417 4458 siasticum
441 4395 638 4456 beneficium
659 4394 873 4467 obtinentem,
894 4395 952 4455 illo
968 4396 1038 4471 pri-

241 4497 338 4557 vetur
356 4511 413 4573 spe
436 4493 625 4556 collationis
641 4493 780 4555 alterius
800 4492 935 4553 omnino
959 4490 1038 4552 sub-

243 4591 322 4655 lata.

281 4691 407 4750 «Nulli
436 4691 599 4766 praeterea
624 4689 741 4750 talium
768 4689 914 4749 filiorum
939 4687 1037 4762 atquo

241 4788 409 4864 nepotum,
431 4803 474 4847 ex
492 4787 583 4848 virili
608 4803 690 4848 sexu
712 4787 982 4848 descendentium
996 4784 1036 4844 ab

241 4886 376 4956 eisdem,
393 4885 534 4959 alicujus
556 4885 726 4960 aperiatur
737 4889 841 4962 janua
865 4881 1037 4958 dignitatis

240 4985 298 5045 aut
314 4982 452 5043 honoris
476 4981 706 5052 ecclesiastici,
722 4981 774 5041 vel
798 4979 967 5040 mundani.
988 4979 1035 5039 Ad

241 5081 383 5158 alicujus
408 5079 474 5140 loci
498 5077 646 5153 regimen
671 5093 737 5137 non
761 5078 907 5139 accedat.
933 5077 982 5137 sit
1006 5075 1035 5136 01

242 5177 431 5256 postulandi
460 5177 578 5252 negata
608 5175 748 5235 facultas
778 5197 784 5235 :
816 5174 1035 5246 sit,notariae,

237 5277 418 5354 Judicatus,
443 5276 476 5336 et
497 5273 667 5350 quodlibet
687 5273 776 5332 aliud
791 5271 951 5342 officium,
979 5287 1037 5330 seu

242 5373 464 5434 ministerium
481 5372 648 5449 publicum
663 5369 886 5430 interdictum.
902 5371 937 5429 In
945 5368 1039 5445 judi-

241 5472 305 5533 ciis
334 5473 406 5547 ejus
436 5470 576 5530 assertio
610 5467 725 5530 contra
757 5483 919 5543 quemque
954 5465 1037 5526 nibil

243 5569 332 5641 fidei,
349 5567 435 5627 nibil
458 5567 664 5628 credulitatis
683 5565 842 5636 inveniat,
858 5566 895 5625 ut
913 5563 953 5623 ad
972 5563 1039 5624 tes-

241 5665 416 5728 timonium
435 5679 572 5742 prorsus
587 5664 745 5724 reddatur
760 5661 927 5736 indignus.
946 5659 996 5720 Sit
1007 5659 1039 5718 ei

861 335 1036 396 HONORII
1058 336 1103 398 ΙΙΙ
1125 337 1271 398 OPERA.

1828 345 1888 403 952

1092 496 1133 556 ad
1147 497 1279 558 ordines
1292 513 1451 560 ascensus
1466 499 1627 563 inhibitus
1644 523 1651 560 :
1669 502 1712 562 sit
1726 501 1769 562 ad
1783 501 1889 563 bene-

1092 593 1203 654 ficium
1219 595 1271 656 vel
1290 594 1435 656 officium
1456 599 1722 659 Ecclesiasticum
1745 601 1884 674 negatus

1092 707 1264 765 accessus3
1283 694 1315 753 et
1334 694 1368 754 ut
1384 696 1488 770 magis
1506 696 1630 755 famosa
1648 695 1690 757 sit
1703 699 1775 772 ejus
1795 695 1846 756 inf
1866 730 1884 742 -

1093 789 1169 860 mia,
1196 789 1236 848 ad
1266 791 1359 850 actus
1385 791 1551 865 legitimos
1581 793 1690 852 nullus
1717 794 1749 853 01
1777 797 1888 870 pateat

1092 887 1211 956 aditus,
1230 888 1320 947 nulla
1346 889 1440 964 porta
1465 889 1628 965 pandatur
1652 891 1760 950 eidem
1787 907 1887 967 super

1092 983 1203 1059 aliquo
1228 985 1487 1059 praemissorum,
1513 988 1600 1047 omni
1626 1003 1683 1062 spe
1710 987 1886 1063 dispensa-

1091 1081 1192 1141 tionis
1217 1081 1380 1158 adempta.
1407 1085 1567 1144 Praesenti
1593 1084 1887 1145 nibilominusad-

1088 1177 1222 1254 jicimus
1246 1180 1421 1251 sanctioni,
1449 1182 1484 1241 ut
1506 1197 1548 1241 ex
1572 1181 1779 1244 insecutione
1794 1199 1886 1260 prae-

1092 1275 1191 1346 dicta,
1209 1277 1295 1337 sicut
1310 1293 1352 1336 en
1374 1278 1552 1353 injectione
1567 1295 1723 1339 manuum
1736 1280 1887 1343 violenta

1093 1373 1165 1448 ipso
1194 1373 1280 1434 facto
1307 1376 1660 1437 excommunicationis
1687 1379 1889 1439 sententiam

1093 1469 1167 1545 quis
1181 1471 1340 1542 incurrat,
1365 1473 1397 1533 et
1420 1473 1486 1534 tarn
1511 1475 1690 1546 insecutor,
1708 1491 1807 1551 quam
1827 1475 1889 1536 alii

1094 1569 1275 1643 supradicti
1288 1570 1370 1631 tanti
1387 1570 1466 1630 mali
1480 1573 1668 1648 participes,
1682 1572 1840 1648 quamdiu
1853 1573 1891 1633 in

1094 1680 1154 1724 sua
1166 1665 1372 1727 contumacia
1385 1667 1606 1744 perdurarint,
1618 1669 1759 1744 singulis
1770 1669 1889 1730 diebus

1094 1763 1275 1823 Dominicis
1293 1765 1324 1825 01
1344 1765 1482 1838 festivis
1505 1767 1643 1842 pulsatis
1665 1769 1836 1843 campanis
1855 1768 1891 1828 et

1094 1859 1240 1920 candelis
1258 1863 1420 1934 accensis
1435 1879 1494 1939 per
1507 1879 1620 1923 ornnes
1635 1863 1726 1922 illius
1744 1863 1808 1923 loci
1826 1865 1892 1924 Ec-

1093 1957 1224 2030 clesias,
1241 1958 1276 2018 in
1293 1975 1355 2035 quo
1371 1960 1498 2020 tantum
1512 1961 1611 2021 fuerit
1628 1960 1756 2020 facinus
1772 1961 1888 2022 atten-

1093 2054 1209 2126 tatum,
1227 2071 1368 2116 necnon
1390 2056 1561 2118 civitatum
1586 2060 1619 2119 01
1640 2057 1817 2118 dioecesum
1831 2057 1890 2118 vi-

1093 2153 1888 2232 cinerumexcommunicatipublicenuntientur,

1093 2266 1153 2310 nec
1175 2250 1216 2310 ab
1236 2251 1303 2312 alio
1328 2269 1425 2329 quarn
1450 2269 1469 2312 a
1492 2255 1585 2314 Rom.
1612 2253 1783 2324 Pontifice,
1810 2269 1889 2313 cum

1093 2346 1231 2409 fratrum
1247 2365 1382 2410 suorurn
1394 2351 1426 2410 et
1436 2351 1592 2426 injuriam
1605 2351 1694 2426 passi
1707 2367 1888 2422 consensu,

1093 2447 1222 2521 possint
1252 2447 1472 2509 absolutionis
1496 2447 1692 2508 beneficium
1723 2447 1889 2521 obtinere,

1093 2543 1157 2603 nisi
1174 2544 1335 2605 duntaxat
1355 2545 1388 2604 in
1409 2545 1524 2606 mortis
1544 2545 1685 2605 articulo
1701 2546 1888 2607 constituti.

1132 2657 1150 2700 <c
1173 2644 1252 2700 Cum
1275 2645 1385 2702 autern
1402 2642 1524 2703 fuerint
1545 2642 1754 2714 absolvendi,
1779 2643 1890 2719 primo

1093 2737 1298 2798 sufficienter
1315 2741 1347 2800 et
1361 2739 1480 2799 idonee
1505 2741 1654 2807 caveant,
1680 2739 1766 2818 quod
1794 2740 1846 2800 inf
1866 2772 1888 2785 -

1093 2835 1890 2912 rendacpoenaeparebunt,etauxilianteDomino

1092 2935 1322 3008 poenitentiam
1334 2936 1495 3010 peragent
1506 2935 1752 3012 injungendam.
1762 2935 1892 2997 Deinde

1093 3047 1152 3107 per
1176 3047 1290 3092 omnes
1310 3032 1401 3091 illius
1421 3033 1486 3092 loci
1507 3032 1666 3092 ecclesias
1686 3032 1892 3109 principales

1093 3129 1346 3206 vicinorumque
1377 3130 1539 3202 locorum,
1566 3128 1681 3190 diebus
1705 3130 1892 3191 Dominicis

1093 3227 1126 3286 et
1141 3227 1355 3299 solemnibus,
1370 3227 1526 3288 incedant
1536 3227 1615 3287 nudi
1628 3242 1739 3288 coram
1753 3229 1889 3305 popu10‚

1093 3323 1280 3384 foemoralia
1304 3324 1431 3384 tantum
1453 3323 1623 3396 habentes,
1646 3326 1678 3385 01
1701 3324 1814 3400 virgas
1839 3324 1893 3386 fe-

1091 3422 1203 3482 rentes
1218 3421 1430 3492 inmanibus
1448 3437 1521 3482 cum
1544 3421 1663 3499 quibus
1678 3438 1737 3498 per
1752 3423 1890 3483 easdem

1092 3519 1259 3579 Ecclesias
1275 3519 1405 3596 publice
1419 3519 1629 3594 fustigentur,
1647 3520 1726 3580 ituri
1740 3521 1892 3596 postmo-

1092 3615 1168 3676 dum
1185 3616 1269 3676 ultra
1283 3631 1385 3688 mare,
1403 3617 1435 3676 et
1449 3615 1570 3676 ibidem
1591 3617 1697 3677 acturi
1711 3618 1892 3693 poeniten-

1091 3715 1171 3774 tiam
1187 3730 1247 3790 per
1260 3715 1327 3775 tres
1343 3729 1449 3776 annos
1470 3714 1510 3774 ad
1533 3714 1660 3788 minus;
1681 3729 1743 3776 nec
1766 3715 1890 3777 exinde

1092 3811 1298 3887 postmodum
1315 3811 1482 3872 reversuri
1496 3809 1619 3887 absque
1636 3811 1729 3872 Sedis
1745 3814 1891 3889 Aposto-

1091 3909 1166 3969 licae
1193 3909 1328 3969 licentia
1357 3909 1505 3984 speciali.
1533 3911 1656 3969 Verum
1692 3925 1765 3970 curn
1801 3911 1889 3972 tales

1093 4005 1235 4080 gratiam
1260 4005 1543 4067 reconciliationis
1567 4007 1759 4079 meruerint,
1782 4005 1890 4069 bene-

1094 4101 1167 4162 ficio
1197 4102 1416 4163 absolutionis
1440 4103 1573 4165 obtento
1599 4104 1812 4180 indulgeatur
1839 4107 1889 4166 eis

1093 4199 1242 4269 licentia,
1259 4198 1296 4259 ut
1310 4215 1403 4259 suam
1420 4216 1621 4277 suorumque
1635 4201 1793 4278 injuriam
1810 4219 1891 4278 pro-

1093 4296 1296 4374 sequantur;
1312 4297 1344 4357 et
1359 4297 1542 4358 debitorum
1558 4297 1702 4371 illorum,
1718 4315 1791 4375 quae
1805 4315 1888 4360 con-

1092 4395 1198 4455 tracta
1215 4393 1349 4466 fuerint,
1367 4395 1407 4455 de
1422 4396 1627 4472 postmodum
1644 4397 1815 4474 acquisitis
1832 4411 1889 4458 re-

1092 4491 1888 4568 petitiononnegetur.llludautemnonduximus

1092 4589 1326 4660 omittendum,
1353 4590 1438 4665 quod
1465 4592 1493 4651 si
1518 4591 1593 4667 quis
1615 4590 1716 4652 fuerit
1739 4591 1773 4652 in
1798 4609 1889 4668 11110-

1092 4685 1213 4752 missis,
1237 4686 1325 4746 nudo
1352 4687 1504 4759 consilio,
1528 4689 1580 4749 vel
1605 4689 1748 4765 simplici
1771 4688 1888 4751 favore

1092 4783 1276 4860 culpabilis
1291 4784 1395 4860 judex
1413 4783 1448 4844 in
1469 4785 1570 4846 talem
1585 4803 1717 4862 poenam
1730 4787 1889 4848 metiatur

1093 4899 1135 4941 ex
1148 4879 1256 4956 culpa,
1279 4882 1314 4941 ut
1336 4882 1515 4941 secundum
1532 4884 1618 4960 quod
1634 4899 1791 4944 excessus
1805 4901 1888 4945 exe-

1092 4977 1187 5053 gerit,
1213 4975 1359 5036 vindicta
1384 4978 1552 5051 procedat.
1574 4979 1761 5040 Prmmissis
1784 4982 1887 5041 eiiam

1092 5075 1227 5148 dignum
1266 5073 1454 5133 censuimus
1490 5076 1747 5152 annectendum,
1786 5079 1821 5138 ut
1856 5079 1887 5138 si

1093 5171 1265 5247 quisquam
1290 5169 1402 5246 aliquo
1429 5171 1663 5247 predictorum
1689 5189 1886 5235 excessuum

1093 5282 1287 5345 quemquam
1304 5266 1343 5327 de
1357 5267 1487 5328 clericis
1502 5270 1555 5329 vel
1571 5270 1739 5346 religiosis
1761 5275 1886 5334 nostrae

1092 5365 1237 5435 familiae,
1253 5365 1305 5425 vel
1321 5365 1540 5425 cardinalium
1554 5366 1687 5427 alflcere
1703 5369 1787 5429 forte
1804 5385 1888 5446 prae·

1093 5462 1287 5538 sumpserit,
1323 5461 1593 5537 proportionetur
1627 5481 1724 5540 poena
1750 5465 1884 5538 delicte,

1092 5561 1138 5620 ita
1161 5560 1245 5635 quod
1275 5559 1421 5619 vindicta
1447 5575 1489 5619 011
1513 5576 1608 5636 aequo
1631 5563 1886 5624 0100111111οε-

1093 5656 1275 5733 pondente;
1313 5655 1354 5716 ab
1390 5655 1533 5718 offensa
1559 5659 1750 5722 nostrorum
1786 5661 1886 5722 cobi-
