4018 6320
734 321 964 382 EPISTOLAE.
987 317 1067 382 ΜΒ.
1090 321 1146 382 ΙΧ.

646 859 893 1008 LIBER
958 885 1236 1012 NONUS

505 1466 524 1553 Ι
683 1481 690 1502 ι
968 1457 1142 1522 Luhiensis
1155 1461 1319 1538 dioecesis,
1331 1465 1366 1526 in
1377 1467 1552 1540 mandatis,
1567 1472 1614 1543 ut,
1628 1467 1658 1531 si
1672 1483 1758 1532 eon·

967 1557 1089 1634 tempto
1128 1563 1293 1637 praecepto
1322 1565 1435 1626 nostro
1463 1564 1609 1627 indebite
1632 1582 1757 1642 grava-

966 1655 1055 1715 veris
1068 1671 1206 1730 regnum
1219 1660 1275 1720 aut
1286 1660 1436 1722 comitem
1453 1662 1675 1739 saepedictum,
1691 1661 1757 1740 ipsi

414 1745 447 1802 31
463 1745 524 1818 julii
540 1745 619 1804 1224.
966 1751 1117 1827 partibus
1136 1756 1327 1816 convocatis
1356 1757 1502 1831 audiant,
1533 1775 1606 1835 quaa
1634 1757 1759 1820 fuerint

244 1864 425 1931 [peneum
438 1867 564 1926 Uriona,
582 1869 603 1928 1,
613 1867 669 1926 293,
683 1881 708 1916 n.
719 1865 787 1933 ιω]
950 1917 952 1920 ,
967 1847 1045 1909 hino
1060 1849 1136 1910 inde
1151 1853 1321 1927 proposita
1340 1855 1373 1915 et
1387 1855 1472 1930 quod
1496 1855 1623 1931 justum
1645 1853 1755 1925 suerit,

111 1989 147 2044 Ei
161 1988 318 2062 opprobrat
329 1991 508 2049 invasionem
521 2005 571 2064 per
584 1989 798 2049 waldemarum
809 1989 910 2048 nesan·
967 1946 1189 2022 appellatione
1214 1949 1351 2058 femom’
1373 1949 1565 2061 deffemant'
1584 1951 1756 2058 saeienteff'

149 2075 191 2133 du
192 2091 222 2134 m
246 2092 261 2134 8
264 2085 404 2149 postam
425 2081 434 2136 i
436 2094 454 2136 n
473 2093 595 2152 regnum
621 2078 796 2138 waldemari
835 2081 913 2152 regis
967 2041 1498 2119 quoddecrever1nt,auctor1tate
1521 2048 1635 2109 nostra
1652 2047 1758 2107 firmi-

150 2165 387 2236 Dfflaedaemm·
803 2120 811 2148 ’
926 2174 930 2184 ·
965 2128 1017 2200 'ter
1032 2139 1213 2202 observari.
1233 2145 1351 2206 Datum
1374 2145 1540 2216 Laterani,
1561 2147 1592 2205 11
1613 2142 1681 2205 kal.
1697 2157 1759 2204 au·
1816 2175 1824 2196 ·

966 2237 1066 2312 gusti,
1080 2253 1278 2302 anno-nono.

111 1613 911 1690 AdGerordumarchiepiscopumBremmzscm.

152 2285 910 2368 Honoriusepiseopus,serviisservorumoei,

112 2385 371 2465 archiepiscopo
383 2391 565 2462 Bremensi‚
576 2388 715 2451 salntem
731 2391 763 2450 et
778 2391 912 2466 aposto

111 2482 218 2543 licam
230 2483 504 2548 benedictionem.

154 2583 266 2642 Grave
279 2582 425 2657 gerimus
451 2584 484 2645 et
497 2582 682 2659 indignum,
711 2583 808 2660 quod,
837 2599 912 2646 cum
1342 2535 1383 2620 Π

111 2675 179 2737 tibi
192 2677 382 2740 dederimus
392 2680 427 2740 in
440 2679 616 2748 mandatis,
629 2696 670 2740 ue
680 2679 912 2742 liberationem
1073 2685 1125 2743 Ad
1157 2685 1360 2754 Arrzaldum,
1389 2686 1652 2746 Narbonensem

112 2775 284 2835 carissimi
307 2776 343 2836 in
359 2775 489 2838 Christo
508 2775 569 2837 tilii
588 2778 693 2838 nostri
708 2777 910 2846 valdemari,
1209 2784 1514 2854 archiepiscopum.

112 2871 232 2952 Daciae
246 2872 336 2946 regis
357 2871 510 2945 illustris,
526 2873 559 2934 et
571 2873 632 2933 lilii
651 2877 723 2951 ejus
750 2873 911 2950 impedire

111 2969 324 3043 autregnum
344 2971 416 3045 ejus
431 2969 590 3030 infestare
614 2985 845 3046 praesumeres,
861 2972 908 3042 tu,

111 3063 204 3125 sicut
212 3066 411 3141 accepimus,
420 3067 575 3130 nrandato
585 3068 699 3128 nostro
712 3067 908 3144 contempte,

112 3160 277 3237 quosdam
293 3162 455 3223 vassallos
478 3164 553 3224 tuos
578 3165 610 3224 et
629 3163 713 3224 alios
735 3165 800 3226 tuae
823 3164 909 3227 dioe—
967 3165 1081 3225 Mandat
1104 3165 1248 3224 Honorius
1269 3165 1405 3238 arnaldo,
1427 3175 1458 3225 ut
1491 3167 1569 3224 omni
1595 3181 1649 3240 ope
1676 3173 1762 3239 atque

112 3259 203 3318 cesis
216 3259 439 3331 Waldemaro,
452 3259 595 3321 nefando
609 3261 779 3336 apostatae,
790 3262 912 3322 socias·
1001 3267 1088 3327 ⁰i⁶f³
1110 3255 1242 3324 enitatur,
1269 3261 1301 3312 1¹¹
1326 3255 1451 3311 maxime
1478 3254 1607 3326 lir⁰s¹⁰ifl¹
1632 3254 1761 3311 efflliiiae

111 3355 151 3427 ti,
167 3371 243 3416 cum
257 3356 375 3432 quibus
391 3355 557 3417 hostiliter
570 3371 709 3432 regnum
725 3357 832 3434 ipsum
851 3358 908 3417 in·
1002 3342 1174 3414 ⁰⁰¹¹⁰il1¹i¹1m
1198 3341 1274 3414 qnod
1297 3341 1333 3400 fid
1364 3342 1675 3415 M0¹¹10¹1¹i⁰¹³11¹⁸fl¹¹¹11
1686 3341 1762 3442 ,Βθῑζ

111 3451 431 3524 vadens‚destruot0
443 3453 476 3513 in
491 3469 531 3514 00
545 3453 803 3531 quodamcastm
817 3470 912 3531 quos,
1001 3430 1100 3488 mundi
1126 3433 1178 3490 llll
1200 3431 1333 3532 l'olosani
1356 3445 1422 3489 eum
1441 3431 1562 3488 ecelesia
1590 3428 1762 3488 conciliandi

111 3549 192 3610 dam
202 3549 353 3610 homines
362 3550 700 3626 ipsiusregnioccidit
710 3551 742 3612 et
751 3551 910 3627 quosdam
1002 3533 1088 3576 ΝΜ
1108 3518 1267 3577 mmm*

113 3645 247 3707 carceri
262 3646 475 3722 mancipavit.
501 3648 540 3709 ut
555 3647 632 3723 quia
647 3646 769 3708 nobilis
783 3647 837 3708 vir
849 3663 908 3708 co·
1006 3646 1173 3706 Honorius
1199 3646 1424 3722 episcopus...‚
1452 3644 1637 3708 venerabili
1663 3644 1761 3706 fratri

112 3759 186 3804 mes
217 3742 381 3815 libertus,
412 3744 466 3804 cui
497 3745 547 3806 est
571 3743 675 3804 tutela
705 3739 785 3804 dicti
813 3743 911 3820 regni
966 3743 1217 3819 archiepiscopo
1232 3743 1453 3813 Narbonensi,
1472 3742 1624 3814 salutem,
1641 3743 1703 3803 etc.

112 3841 304 3912 commissa,
333 3840 461 3916 punivit
486 3840 657 3916 quosdam,
685 3856 746 3916 per
769 3855 909 3918 quorum
1006 3840 1203 3914 Recepimus
1218 3839 1347 3900 litteras
1363 3853 1444 3915 quas
1456 3839 1513 3900 tua
1529 3838 1624 3899 nobis
1637 3837 1760 3899 irater-

1144 2917 1227 2978 Aono
1240 2919 1318 2988 litt,
1330 2919 1405 2976 eirca
1419 2925 1583 2992 augrrstum.

1107 3042 1240 3106 [bouquet
1259 3043 1317 3093 Rae.
1331 3041 1375 3092 des
1387 3041 1461 3101 illst,
1475 3043 1543 3102 xlx,
1553 3041 1621 3107 lot]

111 3936 337 4014 proditionem
355 3937 499 3997 castrum
510 3938 618 4014 ipsum
634 3937 743 3998 extitit
762 3953 909 4013 ‹tccnpa-
966 3933 1053 3996 nitas
1082 3935 1272 4006 destinavit,
1301 3951 1402 4012 super
1429 3935 1646 4012 responsione
1662 3950 1760 4012 quam

110 4035 195 4104 tum,
223 4035 260 4096 tu
280 4033 454 4094 occasione
473 4033 663 4110 hujusmodi
690 4034 777 4095 dicto
797 4035 910 4095 comiti
964 4031 1024 4093 tibi
1036 4031 1114 4094 fecit
1125 4031 1247 4093 nobilis
1259 4031 1312 4092 vir
1324 4034 1364 4094 R.
1380 4031 1427 4112 (1)
1440 4032 1527 4093 lilius
1540 4031 1704 4109 quondam
1720 4034 1759 4093 R.

111 4131 276 4208 gravissi
294 4130 452 4191 molestus
477 4131 604 4202 existis,
621 4130 852 4192 comminando
876 4135 911 4202 te
966 4128 1096 4190 comitis
1111 4129 1279 4201 Tolosani,
1294 4145 1422 4191 necnon
1435 4129 1611 4206 quamdam
1624 4129 1762 4213 scriptu-

112 4229 260 4290 laturum
285 4226 482 4290 sententiam
502 4228 856 4289 excommunicationis
874 4229 909 4288 in
965 4241 1036 4316 ram
1048 4225 1151 4302 sigilli
1175 4229 1247 4302 ejus
1268 4227 1300 4288 et
1313 4227 1683 4305 quorumdamaliorum
1698 4242 1761 4304 ap-

113 4327 236 4402 ipsum.
251 4327 423 4386 Monemus
440 4325 544 4400 igitur
563 4325 803 4387 fraternitatem
817 4325 909 4386 tuam
942 4334 945 4344 ’
964 4324 1125 4400 pensione
1136 4325 1309 4398 munitam,
1319 4325 1354 4385 in
1363 4341 1427 4403 qua
1436 4341 1475 4386 ea
1486 4325 1677 4400 expressius
1686 4338 1763 4384 con·

112 4425 145 4486 et
160 4438 222 4498 per
235 4422 424 4499 Apostolica
439 4421 503 4482 tibi
523 4420 647 4498 scripta
668 4421 808 4482 tirmiter
822 4437 911 4498 prae·
965 4420 1112 4482 tinentur
1123 4437 1195 4498 quae
1211 4437 1322 4484 coram
1337 4424 1370 4485 te
1386 4421 1503 4484 obtulit
1524 4437 1559 4482 se
1574 4420 1758 4493 iacturum

112 4517 269 4596 cipiendo
286 4518 493 4590 mandamus,
510 4517 674 4594 quatenus
698 4516 739 4578 ab
764 4517 910 4580 indebita
965 4519 1019 4579 cui
1035 4518 1120 4579 nihil
1136 4519 1291 4580 duximus
1313 4518 1503 4596 huJ‘usmodi
1519 4518 1692 4595 scripturae
1704 4532 1762 4579 oc-

111 4615 338 4694 ipsiusregni‚
354 4615 386 4676 et
401 4615 591 4691 specialiter
601 4614 680 4676 dicti
696 4615 826 4677 comitis
839 4632 911 4676 mo·
965 4617 1100 4677 casione
1116 4615 1337 4676 scribendum.
1355 4617 1434 4677 Cum
1450 4617 1560 4676 autem
1581 4616 1618 4675 in
1634 4615 1760 4677 octaris

112 4712 291 4776 lestatione
304 4712 456 4784 desistas,
472 4727 534 4773 nec
558 4711 617 4773 sub
633 4711 820 4775 velamento
846 4713 911 4774 hu·
963 4713 1208 4789 assumptionis
1230 4715 1266 4774 Β.
1283 4713 1400 4775 Mariae
1411 4713 1457 4784 sit
1468 4712 1643 4789 superbiis
1655 4712 1761 4774 collo-

109 4809 260 4888 jusmodi
273 4809 380 4886 ipsum
395 4824 534 4886 regnum
547 4810 606 4871 aut
619 4825 742 4885 regem,
754 4826 813 4872 seu
829 4825 914 4886 prae·¹
965 4811 1078 4887 quium
1087 4809 1290 4883 ordinatum,
1298 4809 1466 4887 postquod
1476 4810 1760 4871 solemnesnuncii

112 4907 220 4969 iatum
240 4906 403 4978 comitem,
421 4907 648 4984 persequaris,
672 4907 728 4968 sed
754 4907 783 4970 si
807 4906 909 4968 habes
964 4907 1005 4968 ad
1017 4910 1165 4968 nostram
1178 4906 1298 4968 debent
1310 4907 1703 4983 destinaripraesentiam,
1719 4905 1763 4966 si-

113 5006 274 5068 adversus
298 5019 355 5065 eos
368 5003 493 5080 aliquid
509 5003 713 5080 quaestionis,
731 5020 827 5066 cures
842 5021 909 5066 non
964 5004 1126 5067 eutnobis
1141 5005 1206 5065 iuis
1222 5004 1343 5066 litteris
1364 5005 1537 5078 intimasti,
1554 5003 1614 5066 tibi
1629 5003 1763 5079 aposto-

111 5101 294 5173 riolentiis,
322 5099 379 5161 sed
406 5100 592 5162 actionibus
614 5101 773 5178 experiri,
795 5118 907 5179 quum,
964 5102 1029 5163 lica
1051 5101 1251 5164 auctoritate
1281 5101 1488 5168 mandamus,
1517 5103 1679 5179 quatenus
1704 5099 1761 5159 des

113 5199 300 5260 sicutalias
315 5198 489 5274 scripsisse
513 5197 573 5259 tibi
595 5198 788 5274 recolimus„
801 5199 909 5276 parati
964 5214 1099 5276 operam
1121 5199 1300 5271 efficacem,
1326 5199 1362 5260 ut
1385 5199 1482 5260 dictis
1509 5196 1642 5268 nobilis,
1669 5199 1702 5258 et
1721 5212 1760 5258 ea

113 5296 218 5356 simus
231 5294 341 5357 iacere
356 5294 416 5355 tibi
430 5295 590 5356 exhibere
600 5296 740 5372 iustitiae
756 5297 907 5373 comple-
963 5313 1037 5373 quae
1048 5296 1176 5366 obtulit,
1189 5298 1222 5358 et
1236 5296 1303 5357 alia
1315 5313 1387 5372 quae
1396 5294 1546 5358 iacienda
1559 5293 1692 5367 fuerint,
1710 5294 1759 5355 sic

113 5393 272 5454 mentum.
296 5393 366 5454 Nos
381 5391 468 5452 enim
485 5392 637 5453 damus...
662 5392 773 5455 abbati
799 5395 831 5454 S.
845 5397 908 5456 Jo·
963 5393 1094 5455 studeat
1115 5392 1309 5470 adimplere,
1332 5392 1417 5470 quod
1438 5391 1599 5453 adventus
1623 5391 1761 5452 nuncio-

113 5491 236 5552 hannis
249 5489 289 5550 de
309 5488 441 5551 Lubecb
457 5491 525 5556 et...
539 5489 716 5567 praeposito
732 5490 772 5551 de
792 5493 906 5562 Poros,
963 5506 1036 5551 rum
1052 5493 1125 5568 ejus
1153 5491 1258 5566 possit
1276 5489 1420 5551 existere
1443 5488 1652 5550 fructuosus:
1669 5487 1764 5550 veri-

151 5628 190 5704 (l)
212 5628 389 5688 liaimuudus
407 5597 470 5688 vu.
