4080 6328
308 303 367 366 899
925 303 1100 366 HONORII
1121 305 1168 366 111
1189 305 1337 368 orbita.
1628 316 1634 330 '
1884 307 1932 370 9oe

308 461 533 522 consecrationis
547 459 671 518 basilica
685 461 779 520 Sancti
799 462 885 520 Petri.
901 461 1013 519 Sensim
1026 461 1098 520 alio·

308 565 371 608 rum
387 551 526 608 scelerum
538 551 579 608 rei
594 550 737 622 paritario
753 549 853 606 iisdem
866 549 966 608 diebus
977 549 1097 608 anathe-

309 647 385 698 mato
400 639 527 712 percussi
542 637 630 708 luere,
650 646 678 696 et
692 653 783 710 usque
803 637 838 694 ad
859 639 1009 712 praeseutia
1025 645 1097 696 tam·

309 742 378 800 pora
402 729 595 800 perseveravit
617 727 645 784 in
668 727 788 784 solemni
807 727 854 784 die
877 728 971 786 Coenoe
986 727 1100 784 bomini

310 832 372 874 mos
387 815 587 889 pronuntiandi
606 816 798 872 anathemata.

344 907 413 964 Cum
428 903 577 962 Frederico
592 905 762 976 imperatore
778 905 911 962 nonnulla
927 906 988 976 egit
1002 905 1098 962 liono-

308 995 378 1062 rius,
391 993 437 1050 cui
452 991 641 1065 exprobrabat
661 993 771 1050 urbium
786 999 815 1049 et
826 993 932 1065 jurium
947 993 1099 1050 ecclesias·

1154 459 1246 519 solum
1256 461 1415 531 sanctitate,
1431 459 1932 536 mdanimtrtrmtamaganimttate,
2011 429 2012 458 ³

1154 557 1183 608 st
1196 549 1300 608 indolis
1313 557 1342 606 ct
1356 557 1465 608 nanum
1478 549 1592 607 dotibus
1608 551 1790 622 conspicuus.

1192 639 1315 696 Venerat
1333 638 1418 694 etism
1430 637 1500 694 hora
1518 653 1651 710 suprema
1664 639 1782 694 lionorii
1797 640 1837 696 lll
1853 641 1879 697 P.
1890 643 1932 714 tl,
2011 651 2012 668 ¹

1154 727 1203 800 qui
1221 727 1265 784 sui
1277 725 1449 784 desiderium
1465 727 1577 798 reliquit
1588 725 1662 799 apud
1677 726 1780 785 Christi
1796 725 1894 798 lideles,
1907 739 1931 788 et

1155 815 1229 888 apud
1242 821 1359 872 cunctos
1379 815 1455 872 uiros
1469 813 1570 872 honos.
1582 817 1620 884 la,
1631 829 1720 886 usquc
1730 829 1816 883 nunc,
1832 831 1882 873 noo
1892 817 1933 875 luit

1155 903 1364 960 satislaudatus
1376 903 1412 960 ab
1432 902 1558 960 historie
1570 905 1765 976 scriptoribus,
1782 919 1870 976 oeque
1882 907 1934 978 ejus

1154 1007 1241 1064 opera
1254 992 1283 1048 in
1298 992 1442 1064 publicum
1454 991 1594 1064 prodiere,
1611 1001 1729 1066 excepta
1745 994 1851 1060 Quinto
1865 996 1933 1050 Gon·

309 1084 428 1140 ticorum
448 1082 637 1144 invasionem.
664 1082 764 1140 Eidem
788 1089 886 1154 postea
915 1079 1101 1138 nihilominus
1152 1081 1290 1150 pilatiorra
1315 1080 1509 1139 decretalium.
1532 1082 1691 1138 innocentii
1708 1083 1749 1139 lll
1772 1081 1846 1138 lama
1863 1083 1935 1154 prad

308 1171 471 1230 conciliavit
492 1169 696 1242 Langobardos
715 1177 743 1226 et
761 1169 942 1226 concordiam
962 1170 1036 1227 luter
1048 1170 1101 1226 hos
1155 1183 1259 1226 nocere
1273 1169 1334 1224 visa
1347 1177 1390 1226 est
1402 1169 1429 1225 ei
1445 1170 1492 1240 qui
1508 1169 1707 1226 Pontillcatum
1722 1168 1759 1226 ab
1770 1170 1818 1227 illo
1829 1173 1934 1242 accepit,

309 1269 337 1318 ct
351 1261 429 1318 illum
444 1259 589 1328 stabilivit,
605 1273 640 1316 ca
660 1266 755 1316 mente
772 1267 802 1316 ut
822 1259 989 1316 Fredericus
1012 1274 1098 1331 cxpe-
1154 1265 1183 1313 et
1197 1257 1271 1313 inter
1287 1257 1505 1329 jurisconsultos
1521 1273 1625 1315 nomen
1638 1259 1770 1332 Gregorii
1785 1258 1823 1316 tx
1838 1273 1934 1331 preru-

309 1349 445 1406 ditionem
470 1349 563 1404 Terrae
588 1349 699 1405 Sancta
729 1347 843 1404 tandem
872 1355 1099 1419 persequeretur.
1154 1345 1206 1402 luit
1233 1346 1430 1417 prenomine
1456 1346 1573 1402 Honori
1594 1349 1645 1404 lll.
1670 1348 1707 1404 At
1730 1361 1788 1403 oon
1815 1347 1937 1420 indignos

309 1434 364 1494 Sed
379 1449 436 1492 nou
446 1435 473 1491 ei
487 1431 585 1490 datum
598 1441 641 1491 est
655 1440 685 1492 ut
700 1433 808 1492 videret
820 1434 1022 1506 imperatorem
1035 1448 1101 1490 cum
1156 1432 1207 1491 luit
1220 1433 1363 1490 Honorius
1382 1435 1422 1491 lll
1431 1433 1479 1506 qui
1494 1435 1567 1490 inter
1581 1435 1780 1492 innocentium
1790 1435 1830 1492 lli
1840 1443 1868 1492 et
1877 1435 1936 1492 Grc

308 1524 433 1582 exercitu
452 1521 679 1594 proticiscentem
698 1528 729 1579 ut
750 1529 847 1580 votum
871 1523 1012 1595 impleret,
1026 1521 1102 1593 quod
1155 1523 1268 1594 gorium
1283 1521 1322 1579 lll
1335 1521 1432 1578 mem
1448 1529 1609 1594 occuparet.
1623 1523 1697 1580 Nam
1713 1523 1806 1580 extitit
1826 1524 1867 1580 vir
1879 1531 1937 1580 stre

310 1626 366 1672 oon
380 1611 433 1668 nisi
445 1607 621 1668 frustratorie
633 1617 730 1684 postea
741 1611 880 1684 Gregorio
889 1612 930 1668 lx
942 1610 1101 1668 Ecclesiam
1156 1623 1239 1678 auus,
1255 1608 1382 1683 pontifex
1395 1611 1520 1682 vigilans
1534 1616 1562 1666 et
1573 1607 1744 1676 indefessus,
1760 1611 1934 1685 jurisconsul-

310 1699 488 1774 gubernante
504 1697 659 1772 adimplerc
673 1699 780 1756 statuit.
1155 1705 1201 1755 tus
1221 1713 1280 1755 uon
1305 1699 1465 1767 mcdloorls,
1490 1697 1570 1754 verbi
1591 1698 1681 1756 divini
1703 1698 1869 1771 predicator
1886 1707 1936 1756 tam

343 1791 454 1848 Interea
476 1801 526 1844 rex
544 1789 718 1844 Francorum
738 1785 897 1846 bodonicus
911 1789 978 1848 lllll
996 1786 1102 1844 bellum
1157 1787 1324 1860 ingeniosus
1338 1801 1423 1858 quam
1447 1785 1603 1844 vehemens
1616 1794 1646 1844 et
1663 1794 1794 1857 ornatus,
1814 1787 1937 1845 libertatis

309 1883 438 1934 moverat
451 1875 779 1948 adversushlbigeusea,
800 1891 865 1934 cum
881 1875 1101 1934 exercituinnu·
1156 1874 1291 1932 melesio
1305 1873 1448 1942 defensor,
1464 1889 1565 1947 regum
1587 1873 1692 1932 arbiter
1710 1877 1863 1948 saplenaet
1881 1891 1933 1932 mo·
2012 1921 2013 1934 r

309 1963 448 2032 merabili,
464 1969 494 2020 ut
508 1965 548 2020 sit
562 1963 733 2032 heruardus,
749 1963 778 2020 in
793 1964 909 2031 chron,
924 1963 1100 2021 unacumle·
1156 1963 1279 2032 derator,
1316 1963 1513 2021 hereticorum
1545 1963 1722 2036 profligator,
1758 1964 1938 2020 instauranda

310 2061 378 2126 gato
404 2053 542 2110 nomano.
573 2051 625 2119 Qui
651 2052 831 2108 hveolonem
857 2052 943 2124 cepit,
970 2065 1021 2124 per
1046 2058 1103 2108 tras
1156 2051 1313 2124 disciplinae
1339 2053 1486 2124 magister,
1511 2053 1694 2124 Evangelice
1713 2051 1850 2109 doctrine
1874 2051 1937 2124 apud

311 2155 427 2198 menses
447 2138 605 2206 obsessam,
621 2139 837 2206 carcassonam,
859 2140 1001 2209 Biterrim,
1016 2139 1103 2196 slias-
1158 2139 1287 2198 inddeles
1299 2147 1472 2213 propagator
1486 2138 1628 2208 assiduus,
1641 2141 1825 2198 scientiarum
1834 2156 1936 2215 marga·
2012 2125 2013 2148 ¹

310 2243 367 2302 que
380 2228 510 2286 civitates
523 2233 551 2284 et
566 2226 681 2284 castolla
695 2226 782 2284 multa
802 2228 875 2285 ultro
892 2227 996 2296 dedita,
1013 2228 1042 2284 in
1059 2226 1101 2284 di·
1159 2229 1219 2285 rite
1233 2229 1374 2300 pretiose,
1397 2227 1464 2286 talla
1485 2235 1551 2286 suut
1564 2229 1641 2286 anim
1653 2229 1743 2301 ipsius
1757 2229 1856 2297 verba,
1869 2243 1938 2286 ama·

311 2317 418 2376 tionem
443 2329 525 2372 suam
551 2315 667 2386 recepit.
692 2315 766 2373 Obiit
784 2329 852 2373 vero
871 2316 946 2390 opud
961 2319 1102 2374 Montem-
1158 2324 1201 2375 tor
1215 2324 1243 2374 et
1259 2316 1397 2386 laudator,
1414 2323 1452 2385 et,
1467 2322 1498 2374 ut
1510 2331 1568 2374 uno
1581 2317 1670 2374 verbo
1683 2316 1804 2386 dicatur,
1823 2319 1885 2374 talis
1896 2319 1938 2390 qui

311 2404 529 2472 Panserianum,
547 2416 667 2476 regnum
689 2418 773 2462 suum
792 2403 850 2462 lilio
867 2405 1041 2477 relinquens,
1056 2405 1105 2477 qui
1158 2412 1235 2462 certe
1251 2405 1355 2462 meruit
1375 2405 1404 2462 in
1420 2405 1557 2462 memoria
1572 2405 1711 2474 omnium,
1738 2412 1768 2463 ct
1795 2407 1939 2479 presertim

312 2491 414 2551 deinde
433 2490 593 2550 Ludovicus
618 2497 734 2550 sanctus
757 2489 817 2562 luit,
842 2493 916 2552 iuter
941 2507 1026 2567 reges
1046 2508 1104 2552 nou
1159 2492 1387 2551 christifidelium
1402 2493 1519 2562 etoleri,
1533 2493 1627 2551 locum
1642 2499 1895 2567 tencremagnum.

796 3113 1043 3238 LIBER
1107 3113 1473 3242 DECIMUS

699 3658 719 3744 Ι
1163 3653 1543 3718 monstratensisnostris
1555 3659 1606 3720 est
1616 3656 1755 3720 auribus
1765 3657 1939 3719 intimatum
2013 3625 2014 3648 ¹

1162 3753 1247 3829 quod
1261 3752 1378 3814 licelin
1397 3769 1512 3816 corum
1526 3755 1713 3830 privilegiis
1721 3754 1897 3816 inhibitum
1905 3752 1941 3812 sit

1162 3865 1330 3926 expresse,
1351 3865 1393 3912 ne
1415 3851 1488 3927 quis
1504 3852 1774 3930 archiepiscopus
1789 3852 1843 3912 rel
1858 3851 1940 3926 cpis-

1162 3961 1274 4022 copus,
1290 3945 1354 4006 nisi
1369 3947 1404 4006 in
1419 3945 1593 4009 manifesta
1613 3947 1823 4018 necessitate,
1840 3947 1873 4007 in
1888 3959 1940 4004 eo-

1162 4059 1235 4104 rum
1251 4043 1399 4120 grangiis
1425 4043 1619 4120 hospitetur,
1648 4044 1785 4121 quidam
1805 4048 1940 4104 nestrum

1162 4141 1197 4200 in
1217 4138 1357 4216 singulis
1388 4140 1537 4216 grangiis
1568 4140 1759 4202 eorumdem
1790 4141 1939 4208 fratrum,

1162 4237 1196 4298 in
1208 4237 1277 4298 suis
1288 4237 1486 4298 dioecesibus
1499 4238 1688 4301 constitutis
1700 4237 1940 4315 procurationes

1161 4335 1299 4412 exigunt
1326 4335 1507 4408 annuatim,
1534 4352 1607 4413 quae
1641 4336 1670 4398 si
1697 4337 1745 4396 eis
1771 4331 1939 4412 aliquando

1161 4431 1245 4493 iorta
1258 4433 1432 4508 negantur,
1452 4433 1595 4494 ministri
1609 4449 1723 4494 eorum
1737 4433 1777 4493 de
1794 4428 1940 4494 animali·

1161 4529 1221 4593 bus
1252 4530 1442 4592 eorumdem
1466 4529 1605 4591 fratrum
1633 4529 1764 4606 praedas
1790 4529 1941 4591 violenter

353 4628 520 4688 Honorius
530 4629 719 4705 episcopus,
729 4632 1104 4700 servasservorumilai,
1161 4626 1346 4699 abducunt,
1369 4642 1451 4704 qrraa
1477 4627 1530 4690 rel
1557 4627 1689 4704 pignori
1709 4627 1876 4704 obligant,
1897 4623 1941 4684 rel

317 3817 370 3875 Ad
390 3817 570 3877 arrisersos
591 3819 862 3892 archiepiscopos
874 3818 909 3878 et
922 3821 1105 3894 enmonpoc

357 3914 393 3972 tra
407 3927 554 3984 prtormn
569 3916 769 3976 dtoecesthus
782 3919 941 3991 pronatae
952 3919 1108 3990 fratrum

356 4010 707 4072 Prcorrronslroleusa's
723 4015 856 4073 ordines
870 4013 951 4073 sunt
964 4015 1052 4076 aare.

616 4157 651 4216 su
660 4157 722 4231 turo
739 4157 817 4217 raas.

441 4278 566 4344 [Lepaigc
581 4279 703 4332 einbach.
715 4281 874 4343 Premoust„
887 4243 995 4348 imilla]-

314 4403 405 4462 Nulla
423 4403 587 4460 exactiones
608 4419 658 4461 seu
675 4406 890 4477 procurationes
904 4406 940 4463 ab
956 4407 1107 4466 ordinariis

448 4493 766 4551 praemonstratensibus
782 4493 972 4567 imponantur.

200 4721 203 4732 “
313 4723 479 4785 universis
508 4724 768 4802 archiepiscopis
802 4727 834 4787 el
865 4727 1042 4803 episcopis,
1069 4729 1105 4789 in
1161 4723 1308 4785 alienant
1323 4725 1472 4796 omnino,
1497 4739 1558 4785 nec
1580 4723 1738 4786 iratribus
1758 4725 1842 4801 ipsis
1854 4721 1941 4785 resti-

313 4836 452 4898 quorum
471 4821 670 4882 dioecesibus
685 4823 834 4897 grangiae
852 4821 991 4884 fratrum
1008 4827 1104 4885 Prae-
1160 4821 1276 4893 luunt,
1306 4822 1412 4883 donec
1443 4835 1502 4898 pro
1531 4821 1691 4900 requisita
1719 4821 1941 4897 procuratione

312 4917 566 4980 monstratensis
589 4919 716 4980 ordinis
738 4919 815 4980 srrnl
844 4921 933 4993 sitae,
963 4917 1104 4982 salutem
1161 4919 1250 4980 certa
1263 4920 1404 4997 pecunia
1420 4920 1639 4997 persolvatur.
1653 4919 1714 4992 Qui
1729 4921 1763 4981 ut
1778 4917 1941 4980 avaritiam

311 5017 345 5080 et
360 5017 582 5094 Apostolicam
602 5016 878 5078 benedictionem.
1160 5031 1254 5076 suam
1270 5017 1304 5078 et
1318 5017 1524 5078 exactionem
1540 5016 1712 5088 excusent,
1733 5014 1868 5076 frivolas
1882 5012 1942 5075 exi·

353 5114 388 5175 Si
402 5115 475 5175 reri
490 5114 683 5176 christiana
698 5113 875 5189 religionis
891 5115 1056 5178 amatores
1072 5118 1105 5179 et
1158 5115 1274 5190 gandae
1291 5113 1535 5190 procurationis
1551 5129 1670 5175 causas
1691 5113 1872 5190 assignant,
1893 5107 1939 5170 rel
1978 5160 1983 5176 ,

232 5273 235 5281 ,
312 5210 456 5274 cultores
487 5211 624 5283 essetis,
653 5209 819 5288 religiosis
847 5211 948 5286 viris,
974 5212 1009 5279 iu
1033 5230 1104 5292 per·
1160 5210 1244 5289 quod
1269 5210 1305 5272 in
1329 5212 1479 5288 grangiis
1501 5210 1571 5272 illis
1586 5210 1722 5272 decimae
1738 5210 1937 5286 colligantur,

312 5308 414 5382 sonis,
439 5309 492 5370 vel
513 5308 612 5370 rebus
641 5308 768 5370 nullam
792 5309 977 5372 molestiam
999 5311 1105 5374 infer·
1158 5307 1212 5370 uel
1230 5308 1316 5384 quod
1338 5307 1491 5370 canonici
1513 5309 1568 5385 qui
1591 5306 1815 5384 parochialem
1840 5303 1939 5367 eccle·

240 5470 243 5478 ,
311 5404 403 5472 retis.
414 5421 553 5482 quorum
561 5406 670 5482 potius
680 5406 840 5468 tenemini
853 5409 1105 5484 gravaminibus
1159 5397 1940 5480 siam,invicinislooisobtinerenoscuntur,ali·

227 5523 247 5572 χ
313 5501 462 5570 obviare.
499 5505 621 5565 Verum
664 5505 942 5581 conquerentibus
974 5505 1105 5568 dilectis
1160 5505 1292 5583 quando
1306 5503 1552 5566 commorantur
1570 5503 1606 5563 in
1621 5501 1781 5577 grangiis,
1798 5499 1851 5560 vel
1864 5491 1938 5574 quod

315 5599 392 5662 illlis
419 5599 591 5662 abbatibus
617 5603 650 5664 et
677 5601 833 5664 iratribus
859 5602 988 5664 ordinis
1009 5605 1103 5666 Prae-
1159 5603 1197 5666 in
1221 5602 1271 5664 eis
1293 5601 1475 5664 claustrum
1501 5613 1652 5661 sororum
1673 5596 1853 5667 habeatur,
1875 5605 1939 5670 uua
