4036 6330
282 276 341 340 807
894 258 1069 324 nomenti
1092 258 1137 318 111
1158 247 1306 319 OPERA.

285 435 403 499 merito
432 429 697 496 commendemus
718 423 778 506 (i).
803 423 923 487 Datum
941 419 1073 488 Tibure,

286 533 392 611 pridie
407 545 512 594 nonas
522 526 622 606 junii,
636 539 724 588 anno
737 535 836 586 nono.

1152 578 1203 640 Ad
1218 575 1376 648 Petram,
1393 577 1599 638 meldensem
1613 575 1827 648 episcopum,
1846 567 1915 628 etc.

1422 703 1633 778 reponamus.

1195 825 1399 895 &abacelam
1417 829 1461 880 des
1472 829 1577 887 ilistor„
1594 825 1661 886 XIX,
1674 825 1732 876 768.
1751 825 1874 889 Καμεὶ,

1393 909 1440 960 lib.
1454 909 1498 969 IX,
1509 907 1658 974 epistimi]

1133 1028 1323 1100 impugnante
1336 1023 1441 1082 dudum
1454 1023 1573 1084 lieberto
1586 1023 1621 1081 de
1633 1023 1778 1082 Curtiuaio
1788 1017 1938 1079 Gnidonis

1168 1114 1204 1172 de
1215 1115 1458 1174 castellionecum
1468 1115 1579 1187 agnete
1591 1112 1761 1170 Nircrnensi
1779 1109 1938 1166 comitissa

1168 1203 1390 1271 matrimonium,
1403 1213 1515 1262 rursum
1530 1209 1558 1260 et
1572 1201 1654 1258 tertio
1666 1199 1878 1256 rcircritatem
1891 1209 1936 1251 re·

1170 1293 1254 1364 quirit
1268 1293 1419 1350 Honorius

289 1405 402 1464 mm
419 1399 642 1464 mmmm
659 1405 688 1457 ⁰¹
705 1397 781 1456 Μ’
800 1409 898 1454 emm
918 1393 970 1451 ἰώ
985 1393 1077 1465 '⁴9⁰⁵'
1174 1427 1341 1488 Honorius
1363 1426 1589 1504 episcopus...,
1617 1423 1802 1488 venerabili
1832 1420 1937 1481 fratri

604 773 757 861 CLXXI

289 931 340 994 Ac
353 933 512 1005 priorem
534 925 568 988 ct
586 923 790 986 concentum
812 917 1018 981 monaster-tt
1036 917 1077 977 de

549 1025 823 1084 Wirrcbnccnsen.

589 1150 690 1224 ejunii
706 1149 786 1208 itta.

396 1279 488 1344 [linge
501 1277 593 1328 Annei.
601 1277 766 1350 praemonst„
777 1271 808 1330 ii,
819 1269 892 1336 prob.
902 1268 970 1334 atr]

306 1494 389 1553 telios
404 1491 580 1566 protectione
597 1489 788 1561 urscipiuntur
800 1491 832 1542 et
847 1483 1060 1542 confirmentur.

329 1625 996 1704 Honoriusepiscopus,serrusserrorum
1006 1615 1077 1689 Dei,

290 1725 418 1789 dilectis
432 1723 510 1785 tiliis
524 1721 626 1801 priori
640 1723 673 1782 et
692 1718 868 1781 conventui
886 1714 1079 1777 monasterii

190 1843 202 1864 ‘¹
289 1824 330 1886 de
344 1823 558 1893 Viinchusen,
576 1818 763 1880 salutemet
779 1813 1002 1892 apostolicam
1020 1812 1080 1873 be·

290 1920 524 1984 nedictionem.

330 2020 410 2080 Cum
430 2033 449 2078 a
469 2015 564 2077 nobis
586 2013 709 2091 petitur
726 2009 811 2088 quod
828 2009 954 2087 justum
978 2007 1028 2070 est
1048 2007 1081 2070 et

290 2115 477 2184 honesturn,
497 2113 565 2173 tarn
586 2111 683 2186 rigor
701 2106 866 2184 aequitatis
886 2121 984 2182 quam
999 2105 1080 2166 ordo

291 2211 396 2286 exigit
409 2209 563 2280 rationis,
579 2208 616 2268 ut
629 2207 661 2266 id
677 2220 737 2284 per
758 2202 1015 2264 sollicitudinem
1031 2201 1083 2263 ot-

291 2307 358 2370 ticii
371 2306 476 2368 nostri
489 2306 530 2366 ad
545 2303 690 2366 debitum
703 2302 905 2380 perducatur
915 2299 1078 2362 effectum.

291 2406 484 2483 Eapropter,
507 2402 620 2463 dilecti
643 2402 678 2462 in
700 2399 840 2461 Domino
864 2397 936 2469 fliii,
962 2397 1081 2459 vestris

288 2503 388 2581 justis
414 2498 691 2579 postulationibus
720 2498 814 2574 grato
848 2497 1082 2557 concurrentes

293 2615 444 2671 assensu,
461 2610 620 2675 personas
634 2597 762 2656 restrae
777 2595 810 2654 et
827 2592 946 2665 locum,
969 2593 1003 2653 irr
1018 2609 1082 2670 quo

294 2697 406 2759 divino
423 2696 503 2757 estis
524 2693 682 2770 obsequio
702 2690 892 2767 mancipati,
914 2706 987 2750 cum
1007 2706 1082 2751 om·

293 2795 390 2856 nibus
405 2792 512 2864 botrie,
528 2808 601 2868 quae
619 2791 653 2851 in
667 2789 921 2867 praesentiarum
934 2789 1083 2849 rationa-

291 2893 404 2956 biliter
413 2890 570 2970 possidet,
583 2889 641 2952 aut
655 2889 689 2949 in
700 2887 845 2948 futurum
851 2887 953 2964 iustis
964 2885 1081 2958 modis,

1134 1523 1288 1601 episcopo
1302 1523 1464 1585 Meldensi
1484 1522 1542 1603 (2),
1560 1523 1593 1585 et
1616 1522 1747 1584 dilectis
1771 1519 1859 1580 tiliis
1876 1515 1938 1578 ab·

1134 1620 1202 1684 bati
1223 1621 1447 1682 Ermeriarum
1474 1621 1674 1683 parisiensis
1700 1617 1874 1688 dioecesiS,
1904 1616 1937 1674 et

1134 1718 1261 1782 cantori
1272 1718 1443 1791 Meldensi,
1460 1718 1611 1790 salutern,
1624 1718 1686 1778 etc.

1176 1821 1367 1879 Cumcausa
1388 1815 1593 1878 matrimonii
1608 1815 1695 1877 inter
1716 1811 1850 1874 nobiles
1878 1810 1935 1870 vi-

1135 1932 1208 1977 rum
1217 1913 1428 1994 emmonem)
1438 1914 1478 1975 de
1488 1913 1685 1976 castellione
1694 1907 1934 1990 etdignetem)

1135 2013 1308 2074 mulierem
1324 2011 1485 2074 contracti
1513 2013 1556 2074 sit
1580 2011 1696 2083 ardua,
1723 2011 1794 2070 trrm
1822 2023 1870 2068 ex
1894 2019 1934 2066 eo

1136 2109 1222 2186 quod
1235 2125 1392 2186 maguum
1404 2111 1455 2171 est
1469 2109 1504 2170 in
1519 2107 1667 2170 Ecclesia
1683 2107 1742 2168 Dei
1755 2106 1936 2167 matrimo-

1136 2207 1184 2268 nii
1200 2209 1453 2279 sacramentum,
1469 2208 1539 2268 tum
1564 2205 1665 2269 etiarn
1690 2205 1822 2266 ratione
1850 2217 1933 2264 con-

1136 2304 1338 2379 trahentium
1363 2320 1592 2382 personarum,
1629 2303 1721 2364 decet
1746 2317 1808 2362 nos
1830 2313 1935 2376 super

1137 2403 1220 2480 ipsa,
1236 2401 1366 2465 libratis
1393 2402 1534 2478 singulis
1559 2399 1830 2470 circumstantiis,
1845 2413 1931 2475 pro-

1136 2499 1249 2562 videre
1277 2500 1363 2576 quod
1401 2499 1656 2577 circumspectio
1693 2496 1798 2573 exigit
1835 2493 1933 2556 Sedis

1137 2597 1334 2675 apostolicae
1363 2598 1532 2659 consueta.
1562 2596 1689 2658 Dudum
1719 2610 1800 2670 ergo
1826 2588 1930 2654 nobili

1137 2695 1209 2757 viro
1232 2693 1405 2774 amberto)
1433 2695 1474 2756 de
1498 2694 1685 2765 cortinam,
1713 2693 1770 2770 qui
1798 2691 1931 2768 neptem

1138 2808 1232 2854 suam
1244 2793 1365 2854 asserit
1375 2792 1547 2854 mulierem
1557 2791 1718 2863 eamdem,
1736 2789 1929 2867 praedictum

1139 2890 1384 2952 matrimonium
1399 2889 1588 2962 accusante,
1606 2905 1666 2950 nos
1681 2903 1816 2950 causam
1831 2896 1931 2960 super

292 2991 471 3070 praestante
504 2989 655 3059 Domino,
689 2985 809 3063 poterit
845 2984 995 3062 adipisci,
1023 2983 1082 3046 sub
1138 2987 1201 3050 iroc
1223 2987 1282 3048 sub
1310 2987 1476 3049 communi
1504 2987 1611 3049 torma
1635 2983 1820 3047 venerabili
1834 2979 1930 3043 tratri

292 3088 381 3152 beati
392 3087 525 3148 Petriet
535 3087 648 3146 nostra
659 3082 1081 3160 protectionesnscipimus.
1139 3088 1253 3147 nostro
1269 3085 1505 3147 catalaunensi
1529 3086 1684 3162 episcopo
1703 3083 1736 3144 et
1760 3081 1831 3142 suis
1850 3093 1931 3140 con·
2010 3126 2011 3133 ,

294 3185 490 3263 Specialiter
500 3185 611 3244 autem
625 3180 796 3242 libertates
811 3182 843 3241 et
856 3179 1084 3242 immunitates
1135 3182 1303 3262 judicibus
1326 3183 1481 3244 duximus
1496 3181 1761 3244 committendam
1779 3201 1787 3240 :
1813 3177 1929 3256 quibus

294 3278 510 3344 evenerabili
520 3276 622 3338 fratre
636 3277 750 3336 nostro
762 3273 1012 3352 archiepiscopo
1028 3277 1085 3336 Co
1140 3299 1199 3361 per
1210 3281 1329 3343 iterata
1342 3281 1464 3357 scripta
1478 3281 1696 3357 praecepimus
1715 3280 1753 3339 ur
1765 3278 1801 3339 in
1816 3275 1928 3338 eadem

294 3376 449 3447 willensi,
471 3376 504 3436 Oi
524 3371 823 3450 iraedeiesfflrihus
843 3371 925 3444 suis,
947 3373 1085 3449 capituli
1140 3395 1241 3441 causa
1255 3374 1577 3456 procederentjuxta
1601 3376 1759 3438 traditam
1774 3373 1837 3436 sibi
1858 3372 1927 3433 tor-

295 3475 347 3537 sni
364 3472 541 3536 accedente
557 3485 733 3541 consensu,
756 3469 959 3532 monasterio
975 3470 1085 3531 vestro
1141 3493 1239 3538 mam,
1257 3475 1470 3537 postmodum
1482 3490 1561 3536 varo
1575 3475 1617 3535 aa
1631 3473 1784 3535 abbatem
1794 3475 1929 3534 Aroma-

295 3589 355 3637 sua
383 3569 582 3633 liberalitate
610 3581 797 3638 concessas,
834 3581 874 3628 ac
902 3563 969 3628 alia
998 3561 1085 3628 bona
1141 3590 1271 3636 pensem
1297 3573 1330 3634 et
1351 3573 1497 3648 collegas
1521 3572 1626 3648 ipsius
1639 3570 1822 3648 quaedama
1837 3565 1927 3630 nohis

293 3673 416 3743 restra,
442 3669 529 3730 sicut
549 3683 589 3728 ea
613 3667 724 3728 omnia
745 3666 845 3742 iuste,
872 3665 1032 3726 canonice
1047 3681 1086 3727 ac
1142 3687 1242 3749 super
1255 3671 1318 3732 hoc
1334 3669 1474 3732 obtentae
1490 3671 1567 3731 sunt
1581 3669 1712 3740 litterae,
1728 3683 1796 3730 non
1811 3667 1928 3728 iacien-

294 3769 433 3847 pacitice
447 3765 635 3845 possidetis,
653 3765 685 3826 et
705 3764 740 3825 in
761 3762 881 3824 litteris
896 3761 1087 3826 eorumdem
1142 3770 1191 3832 tes
1219 3771 1259 3831 de
1285 3767 1452 3846 prioribus
1471 3767 1682 3840 mentionem,
1712 3766 1770 3843 qui
1795 3767 1862 3827 turn
1888 3775 1926 3822 es

295 3866 621 3943 archiepiscoporum
644 3861 765 3924 exinde
789 3859 946 3923 coniectis
968 3861 1089 3923 dicitur
1143 3868 1217 3939 hoc,
1231 3868 1301 3928 tum
1325 3867 1481 3943 quoniam
1509 3865 1606 3926 alteri
1630 3863 1717 3941 parti
1739 3863 1832 3924 inere
1858 3876 1927 3922 sus-
2010 3900 2011 3911 r

296 3959 426 4042 plenius
451 3960 625 4032 contineri,
648 3959 742 4021 robis
768 3961 880 4036 etper
901 3959 1088 4021 roscidam

295 4060 498 4124 monasterio
530 4061 642 4119 restro
668 4057 865 4118 auctoritate
899 4056 1088 4133 Apostolica

296 4157 541 4226 confirmamus,
572 4155 605 4214 et
631 4149 806 4228 praesentis
831 4153 947 4230 scripti
976 4155 1090 4230 patro-

297 4257 385 4320 oini‘o
427 4250 679 4315 communimus.
721 4248 814 4310 Nulli
856 4262 935 4326 ergo
974 4249 1089 4312 horni-

297 4363 387 4425 num,
401 4353 463 4414 etc.
477 4351 512 4412 Si
525 4348 599 4428 quis
610 4348 730 4418 autern,
749 4346 811 4408 etc.
823 4348 942 4408 Datum
954 4347 1087 4418 Tibure,

296 4452 341 4514 til
351 4451 426 4512 idus
434 4448 533 4527 junii,
544 4445 755 4525 pontificatus
769 4443 876 4506 nostri
890 4457 978 4508 anno
988 4461 1088 4508 nono.

335 4589 376 4664 (i)
398 4588 498 4662 Legati
519 4587 686 4670 rescriptum
709 4587 808 4642 recitat
822 4584 875 4643 Tb.
892 4585 1006 4659 llymer,
1027 4594 1049 4644 t.
1065 4590 1089 4658 1,

300 4653 880 4812 ¹³³5²533„24pi¹gss¹¹330iffi¹ii¹,·„,„
901 4725 969 4785 dum
990 4735 1091 4787 tenore

299 4807 482 4931 frascanum
504 4798 692 4858 reamandum
712 4798 798 4882 quod,
821 4805 974 4871 antequam
994 4799 1030 4856 ad
1045 4815 1091 4858 ure

310 4874 399 4930 literae
415 4875 516 4925 vestrae
528 4883 599 4952 quas
611 4867 678 4925 milri
692 4871 809 4926 mrsistis
821 4883 872 4940 pro
884 4869 958 4926 iacto
971 4871 1091 4928 Fulcasii

320 4941 508 5006 ervenissent,
543 4937 617 4995 idem
644 4941 673 4995 in
709 4939 873 5011 burgundia
897 4946 998 5012 captus
1020 4948 1090 4999 erat.

325 5014 407 5072 uibus
421 5009 524 5067 devote
551 5009 682 5080 receptis,
703 5015 733 5066 et
752 5025 818 5082 quae
833 5011 1051 5070 continebantur
1063 5013 1091 5068 irr

301 5087 344 5144 cis
359 5081 519 5150 intellectis,
542 5079 636 5138 statim
651 5079 706 5136 illie
727 5080 857 5152 personis
878 5081 1003 5138 scribere
1027 5082 1090 5140 dili·

322 5157 415 5215 entius
431 5151 589 5227 procuravi,
607 5163 657 5221 per
671 5165 743 5222 quas
756 5152 850 5223 ipsum
867 5150 1018 5210 credebam
1040 5153 1090 5210 de·

300 5173 369 5286 §ere
383 5223 493 5282 restitui
506 5221 636 5279 libertati.

339 5295 465 5366 «Recepi
479 5291 659 5366 postmodum
675 5290 782 5348 litteras
794 5293 951 5350 etnunoios
965 5307 999 5350 err
1052 5301 1093 5353 rte

301 5369 380 5453 fagis
394 5365 506 5438 anglise
524 5363 650 5430 illustris,
675 5361 776 5433 ouibus
799 5363 923 5420 intellexi
944 5309 1092 5447 questam

301 5432 1093 5588 laia,tittaiatitiiiitilarinitiarat

301 5585 368 5638 sunt
383 5577 533 5651 plurimum
547 5583 576 5632 et
595 5574 746 5644 commoti3
764 5581 793 5631 et
806 5575 896 5646 ipsius
910 5575 1028 5646 inimici,
1044 5577 1091 5634 de·

1143 3965 1241 4042 pecti,
1254 3964 1386 4039 negotio
1400 3963 1616 4041 supersedere
1630 3962 1790 4024 currerunt
1801 3958 1858 4039 (3).

1183 4063 1297 4137 Nuper
1329 4064 1442 4122 autem
1463 4059 1618 4121 ¹dilectus
1654 4059 1744 4118 illius
1776 4059 1927 4132 magister

1143 4159 1303 4230 Andreas,
1329 4159 1476 4234 ejusdem
1502 4154 1693 4236 G(uidnnis)
1726 4155 1924 4233 procurator,
2010 4207 2011 4240 ,

1144 4272 1255 4318 coram
1271 4255 1367 4316 nobis
1380 4255 1551 4334 proposuit
1562 4254 1661 4332 quod,
1678 4253 1766 4315 sicut
1780 4269 1800 4315 a
1821 4250 1926 4314 multis
2010 4257 2011 4274 ¹

1144 4353 1306 4424 audierat,
1315 4353 1465 4430 praedicti
1487 4351 1621 4432 G(uido)
1637 4353 1670 4414 et
1681 4365 1768 4413 uxor
1780 4348 1926 4428 ipsiusin

1145 4448 1254 4528 quarti
1280 4449 1313 4512 et
1346 4447 1453 4526 quinti
1481 4447 1779 4524 consanguinitatis
1812 4443 1927 4523 gradus
2010 4434 2011 4505 r

1145 4589 1280 4647 risionenr
1293 4589 1355 4662 eius
1369 4589 1398 4646 in
1412 4587 1468 4646 bac
1483 4596 1562 4661 parte
1576 4587 1776 4661 percipientes,
1790 4585 1855 4644 cinti
1868 4587 1927 4642 sust
2010 4587 2011 4632 i

1145 4662 1174 4717 irr
1193 4658 1366 4733 superbiam.
1388 4659 1468 4716 Unde
1480 4659 1591 4717 videtur
1602 4674 1652 4732 per
1668 4657 1731 4727 troo,
1747 4657 1823 4730 quod
1843 4669 1925 4728 nego·
2010 4668 2011 4734 i

1146 4733 1215 4789 tium
1229 4732 1307 4803 pacis
1322 4731 1365 4786 vel
1378 4735 1543 4802 treugarum
1557 4731 1629 4787 inter
1650 4729 1783 4786 eumdem
1795 4735 1823 4784 et
1836 4737 1926 4800 regern

1146 4803 1318 4860 Francorum
1327 4801 1474 4868 illustrem,
1487 4816 1537 4872 pro
1551 4807 1727 4870 auctentum
1744 4799 1833 4870 (Deus
1844 4796 1926 4862 novit)

1146 4871 1282 4940 laboravi,
1298 4885 1355 4928 non
1371 4871 1499 4942 possitis
1511 4869 1644 4928 ellectum
1657 4869 1812 4942 mancipari
1821 4884 1830 4940 3
1840 4875 1869 4926 et
1881 4867 1925 4931 eie,

1146 4957 1197 5014 per
1211 4955 1402 5013 consequens,
1417 4941 1564 4998 nestorium
1579 4941 1778 5014 albigensium
1794 4947 1879 5013 patet,
1892 4936 1925 4993 si·

1146 5011 1357 5081 enteredimus‚
1372 4985 1520 5071 retardari.

1178 5105 1195 5166 ,ι
1212 5085 1281 5142 Cum
1295 5083 1403 5154 itaque,
1418 5082 1519 5140 diebus
1528 5083 1602 5150 istis,
1619 5089 1733 5156 propter
1748 5081 1871 5139 maliace
1881 5079 1924 5161 bo·
2010 5073 2011 5083 ’

1147 5169 1267 5224 mrnum,
1281 5161 1309 5210 et
1323 5169 1423 5227 regum
1439 5160 1468 5210 et
1481 5167 1635 5227 regnorum
1646 5154 1704 5212 sint
1727 5152 1861 5210 scandala
1875 5164 1925 5208 err·
2010 5217 2011 5222 η

1147 5224 1244 5293 tenda,
1260 5238 1325 5282 cunr
1340 5233 1416 5282 totus
1430 5223 1552 5282 mundus
1566 5222 1626 5281 tere
1643 5225 1679 5281 sit
1693 5223 1802 5296 positus
1813 5225 1842 5280 in
1856 5219 1925 5278 mali·
2010 5267 2011 5275 ,

1147 5309 1206 5370 guo
1220 5295 1297 5368 (plns
1310 5295 1399 5352 etiam
1415 5309 1500 5367 quam
1515 5293 1653 5366 creditis),
1669 5295 1693 5350 si
1708 5295 1811 5368 placet,
1827 5291 1925 5351 Sancti·

1147 5376 1191 5424 tas
1206 5375 1298 5424 restra
1323 5365 1470 5439 provideat
1484 5365 1551 5438 qnid
1565 5367 1603 5424 sit
1615 5365 1718 5424 exinde
1735 5363 1925 5424 iaciendum.»
2010 5399 2011 5402 κ

1184 5435 1225 5508 (²)
1241 5439 1324 5495 Petro
1336 5435 1371 5493 rle
1383 5437 1469 5497 Cuizi.

1149 5507 1336 5651 prss)t}}.de
1351 5520 1382 5564 re
1395 5516 1488 5566 actum
1504 5506 1554 5565 init
1572 5521 1669 5581 snpra,
1683 5505 1732 5564 lib.
1742 5507 1822 5575 viii,
1832 5520 1877 5577 ep.
1889 5501 1925 5569 ti,
