4006 6346
44 377 45 386 ³
166 381 223 442 566

764 381 994 444 EPISTOLAE.
1016 383 1095 444 LIB.
1119 382 1206 444 VIII.
1743 380 1804 442 566

41 514 43 606 I
166 555 289 602 merum
308 540 438 602 indulta
462 539 616 602 remissio
631 555 698 602 nou
712 541 863 615 excedat,
879 542 913 604 et
926 543 955 604 si
1050 541 1168 604 Dilecti
1192 541 1252 606 mii
1277 541 1380 602 abbas
1395 542 1428 603 et
1439 541 1623 604 conventus
1638 538 1678 602 de
1692 539 1803 602 monte

41 633 43 654 '
166 637 266 698 abeis
280 637 335 700 vel
361 636 562 715 quibuslibet
584 638 673 710 aliis,
697 639 754 715 qui
776 638 817 700 ad
833 638 954 716 hujus·
1011 640 1141 702 Sanotae
1156 640 1283 710 Mariae,
1303 639 1534 701 Cisterciensis
1549 639 1687 711 ordinis,
1708 637 1805 700 nobis

39 783 40 786 ,
166 735 253 796 modi
287 734 543 796 convocationes
573 737 810 808 convenerint,
845 736 956 814 aliqua
1010 736 1241 814 conquerendo
1254 736 1492 810 monstrarunt,
1514 737 1601 813 quod
1614 735 1736 798 nobilis
1750 735 1804 797 vir

168 831 275 894 oblata
295 831 428 904 tuerint,
447 832 503 894 vel
526 833 612 894 alias
639 833 715 896 datu
734 850 793 910 pro
809 834 956 896 subsidio
1010 834 1230 896 Borsonensis
1266 831 1388 913 (Bors)
1421 835 1455 895 et
1488 835 1622 912 quidam
1643 833 1702 894 alii
1718 836 1805 894 Jau-

166 931 275 990 Terrae
289 933 429 1005 Sanctae,
446 931 505 992 illa
516 930 646 995 faciatis
659 931 802 993 fideliter
820 947 957 994 conser—
1010 931 1155 992 rineusis
1177 930 1342 1004 dioecesis,
1368 947 1468 1008 super
1486 929 1629 1009 quadam
1653 931 1804 1008 pecunia

165 1027 249 1100 vari,
265 1029 302 1089 ut
324 1028 472 1104 tempore
486 1028 633 1106 passagii
647 1028 808 1090 faciamus
825 1029 956 1107 disponi
1011 1045 1149 1099 summa,
1162 1028 1296 1106 praedite
1309 1029 1342 1090 et
1353 1028 1452 1090 rebus
1464 1029 1541 1090 aliis
1552 1029 1593 1089 ad
1603 1043 1716 1090 eorum
1729 1041 1803 1089 mo-

166 1123 206 1184 de
218 1124 296 1196 illis,
310 1129 408 1200 prout
421 1126 525 1202 ipsius
540 1129 651 1188 Terrae
667 1128 797 1188 Sanctae
809 1127 955 1188 subsidio
1010 1126 1194 1188 nasterium
1216 1126 1256 1188 de
1275 1129 1352 1202 jure
1379 1125 1616 1203 spectantibus,
1632 1123 1804 1202 injurian-

164 1220 330 1283 videbitur
348 1223 515 1299 expedire.
538 1225 655 1286 batum
675 1225 843 1298 Laterani,
860 1225 957 1286 nonis
1011 1224 1065 1285 tur
1088 1223 1222 1284 eisdem.
1246 1223 1389 1300 Ideoque
1404 1223 1597 1285 discretioni
1613 1225 1733 1286 vestrae
1746 1235 1806 1298 per

165 1317 288 1390 martii,
302 1318 514 1395 pontificatus
529 1321 637 1383 nostri
651 1335 739 1383 anno
754 1323 882 1384 octavo.

519 1597 601 1684 CLI

265 1750 316 1807 Ad
334 1747 520 1822 capitulum
545 1750 855 1824 Hamdnrqensem.

449 1879 466 1936 9
485 1879 580 1936 martii
593 1877 671 1936 litt.

270 1999 451 2066 [bappenbsrp
466 2001 603 2066 llamburg.
615 2001 671 2060 lib,
686 2002 707 2060 l,
721 2001 777 2060 tlt,
790 2001 857 2064 tls]

378 2115 427 2174 ldis
444 2117 584 2189 postulata
596 2115 737 2174 concedit.

202 2241 876 2319 Honoriusepiscopus,servusservorum
886 2243 956 2316 Dei,

164 2336 381 2398 dilectisiiliis
395 2338 539 2415 capitulo
550 2338 805 2415 Hamburgensi,
818 2340 959 2404 salutem

163 2435 197 2496 et
208 2435 433 2512 Apostolioam
446 2435 719 2498 benedictionem.

203 2535 255 2594 Ex
270 2533 364 2608 parte
378 2534 489 2595 vestra
503 2533 565 2595 luit
583 2533 679 2595 nobis
694 2533 866 2597 humiliter
880 2551 960 2612 sup-

164 2630 336 2708 plicatum,
367 2631 403 2692 ut
412 2631 509 2707 juxta
531 2631 688 2694 Ecclesiae
706 2634 864 2695 Romanae
880 2649 960 2694 oon-

1010 1321 1200 1399 Apostolica
1237 1322 1361 1398 scripta
1398 1321 1606 1392 mandamus,
1643 1319 1806 1397 quatenus

1011 1418 1160 1495 partibus
1189 1419 1398 1491 convocatiS,
1427 1417 1570 1479 audiatis
1600 1433 1745 1489 causam,
1774 1415 1808 1478 et

1012 1515 1235 1593 appellatione
1249 1514 1465 1588 remutatus
1481 1513 1591 1576 debito
1601 1513 1806 1590 terminetis;

1011 1612 1171 1674 iacientes
1193 1613 1279 1690 quod
1306 1611 1520 1676 decreveritis
1545 1626 1807 1688 percensuram

1011 1710 1272 1771 ecclesiasticam
1319 1709 1459 1770 firmiter
1487 1708 1670 1770 observari.
1696 1709 1810 1770 Testes

1012 1808 1133 1878 autem,
1152 1808 1182 1868 si
1196 1807 1252 1884 qui
1263 1806 1388 1868 suerint
1401 1805 1574 1878 nominati,
1591 1806 1620 1865 si
1634 1821 1669 1866 se
1684 1806 1805 1882 gratia,

1012 1904 1099 1976 odio,
1111 1903 1163 1965 vel
1176 1904 1294 1965 timore
1310 1903 1548 1974 subtraxerint,
1561 1917 1620 1978 per
1630 1917 1807 1964 censuram
1925 1959 1931 1971 ,

1012 2001 1177 2074 eamdem,
1191 2001 1412 2078 appellatione
1428 2002 1590 2071 cessante,
1607 1999 1734 2075 cogatis
1749 2014 1810 2060 ve-

1012 2098 1104 2160 ritati
1128 2097 1355 2161 testimonium
1379 2097 1566 2174 perbibere.
1582 2096 1673 2168 Quod
1698 2095 1808 2156 sinon

1013 2211 1127 2258 omnes
1143 2195 1196 2256 his
1206 2195 1427 2273 exsequendis
1439 2194 1613 2272 potueritis
1628 2193 1807 2266 interesse,

1012 2293 1049 2354 tu
1077 2292 1192 2366 irater,
1217 2293 1382 2370 episcope,
1409 2309 1482 2354 cum
1505 2306 1620 2353 eorum
1640 2291 1746 2351 altero
1768 2304 1809 2351 ea

1014 2391 1232 2452 nibilominus
1255 2390 1463 2466 exsequaris.
1492 2392 1611 2451 Datum
1636 2386 1804 2458 Laterani,

1013 2487 1131 2550 Vidus
1146 2487 1270 2560 martii,
1287 2486 1498 2564 pontificatus
1519 2485 1624 2548 nostri
1639 2499 1727 2546 anno
1745 2497 1807 2546 oc-

1014 2587 1103 2648 tavc.

164 2727 417 2800 suetudinema
431 2729 681 2805 septuagesima
695 2745 800 2808 usque
815 2730 855 2791 ad
872 2733 959 2792 Pas·
1061 2799 1064 2808 ,

164 2825 227 2887 oba
243 2826 277 2887 et
292 2824 333 2885 ab
353 2825 504 2886 Adventu
515 2826 646 2887 Domini
661 2826 819 2904 usquead
834 2827 961 2889 Nativi-

164 2923 268 2984 tatem
283 2922 318 2982 in
329 2921 561 2984 festivitatibus
574 2915 692 2987 nove'm
706 2923 897 2997 lectionum,
916 2929 959 2987 Te

166 3024 280 3083 msam
301 3019 475 3082 laudamus
490 3022 523 3083 et
538 3025 656 3082 Gmrta
670 3025 707 3082 to
721 3025 867 3084 eoecetsts
889 3027 959 3084 Deo

165 3117 199 3178 in
214 3117 360 3179 ecclesia
374 3118 484 3178 vestra
506 3119 664 3180 cantandi
677 3118 847 3180 licentiam
865 3119 960 3182 vobis

165 3215 349 3276 concedere
374 3214 598 3290 dignaremur.
626 3218 696 3277 Nos
720 3216 824 3293 igitur
839 3218 960 3279 vestris

165 3312 467 3389 supplicationibus
485 3313 653 3386 inclinati,
666 3315 864 3382 auctoritate
879 3331 962 3392 prae·

164 3409 311 3472 sentium
324 3409 420 3471 vobis
435 3411 647 3474 concedimus
672 3413 848 3489 postulata.
865 3412 961 3474 Nulli

164 3521 246 3582 ergo
257 3507 391 3568 omnino
406 3507 576 3570 homiuum
592 3509 692 3571 liceat
707 3508 793 3571 bano
803 3510 961 3587 paginam

165 3605 291 3665 nostrae
307 3605 531 3666 concessionis
545 3606 741 3682 iufringere,
765 3608 818 3668 vel
832 3607 864 3673 ei
877 3623 961 3670 ausu

165 3701 345 3762 temerario
361 3703 539 3764 contraire.
558 3703 593 3764 si
618 3705 691 3780 quis
706 3706 817 3766 autem
830 3703 893 3766 boo
905 3705 961 3766 at-

165 3799 298 3862 tentare
326 3802 583 3876 praesumpserit,
609 3801 870 3877 indignationem
886 3818 960 3863 om-

166 3896 349 3973 nipotentis
363 3897 422 3957 Dei
437 3913 476 3958 ao
490 3898 663 3960 beatorum
689 3900 781 3961 Petri
807 3901 840 3962 et
864 3898 962 3961 Pauli

165 3994 393 4068 apostolorum
420 3997 492 4072 ejus
518 4012 554 4057 se
578 3997 710 4060 noverit
735 3997 959 4059 incursurum.

164 4092 286 4153 Datum
304 4092 472 4164 Laterani,
488 4096 548 4156 Vll
563 4095 636 4157 idus
652 4095 775 4168 martii,
793 4094 962 4172 pontifice·
993 4119 994 4124 ¹

165 4192 219 4250 tus
236 4188 341 4249 nostri
358 4203 445 4251 anno
461 4190 588 4252 octavo.

514 4474 616 4562 CLII

192 4627 246 4686 Ad
260 4627 465 4699 episcopum,
477 4627 708 4699 praepositum
722 4626 755 4686 ct
768 4627 935 4687 decanum

447 4725 687 4784 Jaaoozeasca.

441 4853 473 4909 ll
489 4851 583 4909 martii
598 4853 677 4910 liii.

313 4974 405 5038 [Fejen
418 4973 479 5026 Ccd.
494 4975 613 5040 diplom,
627 4975 670 5036 ΙΙΙ,
682 4989 701 5035 1,
715 4989 741 5024 n.
758 4973 826 5041 lae]

168 5075 468 5167 injurias'conventui
498 5093 526 5149 S.
549 5091 647 5150 ltariae
670 5091 778 5162 illatas,
807 5091 961 5164 episcopo,

204 5180 355 5255 praeposito
383 5187 411 5236 et
440 5179 549 5238 decano
574 5179 737 5238 taurinensi
765 5179 963 5254 dijudicandas

204 5267 364 5328 committit.

208 5395 376 5457 Honorius
389 5394 573 5472 episcopus,
584 5409 700 5457 servus
711 5410 883 5456 servorum
890 5395 960 5467 Dei,

169 5491 353 5554 venerabili
362 5491 458 5552 fratri
468 5493 634 5570 episcopo,
647 5492 777 5554 dilectis
788 5491 865 5554 illlis
876 5509 964 5570 prae-

171 5591 278 5668 posito
293 5590 325 5652 et
344 5588 469 5652 decano
488 5589 755 5663 taurinensibus,
773 5590 964 5652 salutemet

172 5687 391 5764 Apostolioam
406 5686 680 5749 benedictionem.

994 4743 996 4748 ·
1016 4715 1125 4789 gatus,
1143 4709 1317 4773 attendens
1333 4708 1366 4770 id
1386 4708 1494 4784 ipsum

1353 2875 1477 2969 CLIII

1065 3041 1117 3100 Ad
1126 3041 1421 3115 arclateptsoopum
1435 3039 1709 3112 Leodamantem,
1728 3035 1763 3097 et

1014 3137 1169 3198 abbatem
1179 3139 1370 3208 Bellcoilloe,
1387 3135 1627 3210 Luqduceosis
1641 3134 1809 3198 dtoecests.

1274 3275 1308 3334 ΙΟ
1322 3274 1456 3332 februarii
1470 3273 1548 3332 aaut.

1047 3409 1166 3474 [liaqest.,
1178 3408 1224 3461 lib.
1237 3409 1302 3468 VIII,
1315 3422 1355 3474 ep.
1366 3408 1422 3460 ΙΙΙ).
1436 3409 1494 3462 lisa.
1504 3407 1626 3459 LaPcrta
1636 3405 1672 3456 du
1685 3403 1782 3470 risit]

1014 3533 1185 3602 Mandatut,
1201 3533 1276 3606 quod
1305 3533 1402 3590 statuit
1425 3530 1461 3589 do
1487 3529 1689 3589 archidiacono
1708 3527 1813 3602 majori

1050 3621 1208 3684 Viennensi
1232 3623 1262 3680 C.
1291 3621 1456 3680 Portuensis
1481 3621 1643 3692 episcopus,
1665 3617 1812 3675 observari

1051 3709 1166 3768 iaciant.

1056 3836 1234 3908 Honorius
1261 3835 1336 3907 etc,
1367 3831 1552 3896 venerabili
1576 3830 1672 3892 tratri
1699 3829 1813 3891 archi-

1016 3935 1170 4010 episcopo
1189 3931 1413 4009 Lugdunensi.
1435 3930 1467 3992 et
1481 3930 1601 3990 dilecto
1616 3928 1685 3989 illio
1700 3925 1812 3989 abbati

1015 4027 1628 4104 Bellevillae,Lugdunensisdioeoesis.
1725 4074 1728 4084 .

1058 4128 1265 4204 Significavit
1279 4125 1375 4188 nobis
1397 4126 1538 4187 dilectus
1560 4125 1687 4185 tilius...
1705 4125 1813 4200 major

1016 4220 1812 4301 archidiaconusViennensis,quodcumquidam

1016 4325 1178 4400 negarent
1208 4323 1316 4400 ipsum
1345 4337 1419 4384 esse
1447 4335 1623 4398 personam
1661 4317 1813 4379 ecclesiae

1016 4420 1217 4483 Viennensis
1241 4421 1296 4481 hio
1318 4421 1425 4496 ipsum
1446 4433 1519 4479 esse
1540 4415 1813 4478 archidiaconum

1017 4518 1212 4590 faterentur,
1229 4514 1431 4577 venerabilis
1447 4513 1550 4575 irater
1564 4513 1677 4572 noster
1687 4512 1721 4571 G.
1733 4513 1815 4572 Por·

1016 4616 1144 4679 tuensis
1158 4615 1343 4691 episcopus,
1353 4613 1527 4687 tunclpos
1542 4609 1638 4670 olicae
1651 4608 1746 4670 Sedis
1758 4608 1813 4671 le-

1512 4611 1607 4784 Cissi
1621 4706 1812 4780 ridiculum,

1017 4810 1049 4872 et
1077 4807 1281 4870 contrarium
1311 4805 1545 4868 consuetudini
1571 4804 1737 4882 generali,
1774 4805 1815 4866 de

1017 4906 1158 4970 oonsilio
1171 4904 1498 4982 archiepiscoporum
1519 4906 1551 4967 et
1568 4905 1812 4981 episcoporum,

1016 5005 1225 5081 aliorumque
1233 5003 1459 5080 praelatorum,
1472 5019 1511 5064 ao
1518 5002 1605 5080 jnris
1616 5001 1812 5078 peritorum,

1017 5102 1170 5180 quicum
1194 5117 1234 5162 eo
1259 5100 1301 5162 ad
1325 5101 1501 5162 ecclesiam
1521 5101 1628 5176 ipsam
1641 5113 1812 5160 convene-

1017 5201 1107 5272 rant,
1124 5199 1304 5271 ordinavit,
1327 5200 1360 5261 et
1381 5198 1507 5269 statuit,
1529 5196 1565 5257 ut
1579 5198 1688 5272 major
1700 5195 1815 5257 arehi-

1016 5298 1177 5359 diaconus
1192 5297 1233 5358 de
1248 5299 1368 5358 caetero
1389 5297 1424 5356 in
1445 5294 1561 5356 eadem
1576 5293 1720 5355 ecclesia
1742 5293 1817 5370 post

1016 5395 1233 5474 praepositum
1259 5395 1402 5471 primum
1427 5391 1560 5455 stallum
1595 5392 1631 5452 in
1655 5391 1758 5453 choro
1784 5392 1817 5453 et

1017 5492 1164 5571 capitulo
1187 5491 1311 5554 habeat
1334 5492 1371 5553 ut
1394 5505 1537 5568 persona
1553 5492 1587 5552 et
1608 5491 1643 5550 in
1663 5488 1817 5550 omnibus

1017 5591 1095 5656 aliis
1106 5592 1180 5668 post
1193 5590 1366 5660 decanum,
1383 5587 1596 5666 praepositum
1607 5586 1817 5649 etcantorem

1018 5687 1280 5765 praeminentia
1306 5685 1455 5748 obtineat
1476 5685 1688 5762 dignitatem3
1714 5697 1817 5761 quare
