4104 6330
261 327 319 390 183
872 329 1056 410 λΗΟΝΟΗΙΙ
1078 329 1123 392 111
1144 329 1294 394 OPERA.
1850 335 1910 396 iss

261 487 388 566 scripta
415 488 624 562 mandamus,
663 488 827 567 quatenus
864 488 1054 569 hirjnsmodi
1108 487 1405 554 intercessionibus
1441 505 1501 569 pro
1532 489 1648 555 eodem
1684 492 1803 568 electo,
1845 510 1908 572 per

262 586 446 649 sententias
466 587 502 648 in
516 587 667 648 fraudem
694 587 946 664 privilegiorum
977 603 1057 648 nos·
1110 605 1208 666 quem
1229 589 1339 666 potius
1355 605 1453 666 qnam
1469 605 1529 668 per
1542 591 1646 652 alium
1661 593 1821 670 praedicta
1836 608 1908 670 spe-

259 681 387 746 trorum
398 683 438 745 de
454 684 573 746 caetero
586 699 654 746 non
668 683 796 757 feratis,
813 685 891 764 quia
907 685 936 745 si
956 700 1056 762 super
1109 685 1205 748 ratur
1222 687 1364 750 ecclesia
1380 687 1414 748 in
1428 688 1667 764 temporalibus
1691 689 1724 751 et
1744 691 1908 768 spiritua-

261 779 325 842 hoc
340 779 381 842 ad
396 797 457 842 nos
472 781 580 844 denuc
608 783 733 844 clamor
761 782 961 850 ascenderit,
989 797 1055 842 non
1110 782 1197 844 libas
1212 785 1363 860 recipere
1384 784 1602 852 incrementa,
1627 785 1724 848 nobis
1738 803 1814 850 cum
1835 788 1910 848 ins-

261 879 444 956 poterimus
455 879 708 941 conniventibus
718 879 823 941 oculis
835 879 1053 958 pertransire,
1110 881 1217 943 tantia
1237 882 1478 959 supplicarunt.
1503 885 1573 944 Nos
1598 899 1678 946 vero
1702 883 1906 947 fraternitati

263 975 343 1052 quia
370 976 636 1052 promulgatores
661 976 779 1038 taliam
815 976 1055 1038 sententiarum
1111 978 1177 1040 tuae
1191 979 1227 1039 in
1242 978 1306 1042 hoc
1321 981 1356 1041 et
1373 980 1461 1052 aliis,
1479 982 1639 1058 quantam
1654 997 1729 1042 cnm
1743 985 1812 1044 Deo
1829 997 1909 1060 pos-

262 1072 440 1135 severitate
456 1073 565 1136 debita
581 1073 792 1150 castigemus.
805 1074 924 1136 Datum
936 1073 1054 1147 Alatri,
1112 1091 1237 1149 sumus,
1255 1075 1385 1139 deferre
1396 1077 1557 1150 volentes,
1572 1077 1744 1155 prefatum
1765 1080 1909 1141 electum

264 1161 409 1232 'secundo
424 1186 529 1234 nonas
540 1171 641 1250 junii,
658 1187 746 1235 anno
759 1173 865 1234 sexto.
1112 1173 1154 1234 ad
1170 1173 1202 1236 te
1217 1188 1292 1236 oum
1305 1175 1414 1250 gratia
1429 1176 1545 1238 nostra
1558 1175 1714 1238 duximus
1730 1177 1909 1240 remitten-

1112 1271 1202 1343 dum,
1217 1287 1276 1349 per
1285 1259 1476 1348 apostolica
1489 1273 1550 1335 tibi
1561 1274 1685 1350 scripta
1696 1274 1907 1347 mandantes,

1113 1370 1276 1447 quatenus
1307 1386 1409 1448 qaum
1432 1371 1496 1432 hoc
1528 1371 1699 1434 deferendi
1722 1371 1783 1433 tibi
1805 1387 1911 1434 causa

1113 1465 1290 1530 fecerimus
1309 1481 1390 1544 erga
1405 1467 1548 1530 electum
1561 1469 1682 1546 ipsum,
1707 1469 1738 1529 si
1751 1469 1837 1530 alias
1856 1474 1911 1532 est

593 1563 730 1652 CCVII
1112 1564 1264 1637 idoneus,
1281 1566 1439 1642 praedicta
1450 1566 1581 1628 macula
1590 1581 1657 1627 non
1670 1565 1822 1629 obstante
1833 1568 1909 1628 sine

1114 1659 1320 1734 difficultate,
1330 1663 1429 1739 prout
1438 1663 1479 1724 ad
1492 1663 1584 1725 tuum
1593 1663 1737 1739 pertinet
1745 1663 1907 1736 officinm,

1114 1759 1321 1836 exsequaris.
1339 1760 1459 1822 Datum
1479 1758 1598 1832 alatri,
1626 1761 1672 1820 lll
1686 1775 1791 1821 nonas
1802 1761 1906 1838 junii,

563 1851 665 1924 ijunii
682 1852 760 1910 liii.
1091 1843 1092 1848 ’
1115 1856 1332 1934 pontificatus
1342 1857 1449 1920 nostri
1459 1871 1547 1918 anne
1560 1856 1664 1920 sexto.

408 1983 499 2049 [Fejen
509 1983 571 2036 God.
583 1984 702 2050 diplom..
716 1983 759 2044 lll,
773 1999 791 2043 r,
804 1999 830 2049 p.
846 1983 914 2048 385]

263 1713 316 1774 Ad
334 1714 500 1790 opressum
517 1717 814 1790 archiepiscopum
831 1716 1058 1776 colocensem.

289 2119 334 2189 Ut,
351 2132 409 2176 non
424 2117 556 2174 obstante
574 2118 648 2175 oculi
671 2117 793 2187 macula,
807 2117 929 2176 alecium
944 2117 1036 2177 Ultra·
1531 2185 1532 2188 Ἴ

437 2207 588 2279 sylvanum
602 2207 772 2264 confirmare
787 2207 885 2279 possit.
1431 2179 1588 2268 CCVIII

308 2341 477 2404 Honorius
513 2343 701 2419 episcopus,
740 2358 857 2404 seruus
888 2358 1060 2405 servorum
1194 2332 1247 2391 Ad
1270 2331 1480 2406 magistrum
1501 2331 1535 2392 θΐ
1548 2331 1682 2406 [tillidi
1696 2332 1829 2394 ordinis

268 2439 340 2510 Dei,
357 2439 545 2501 venerabili
560 2439 693 2501 fratri...
721 2439 972 2517 archiepiscopo
998 2441 1062 2501 Co·
1363 2429 1653 2490 Pfaedi'caforum·

269 2536 407 2609 locensi,
423 2536 610 2600 salutemet
629 2537 843 2614 apostolicam
858 2537 1066 2600 benedictio-
1415 2557 1432 2618 ³
1443 2557 1606 2632 junnilii.

268 2649 356 2696 nem.

311 2732 460 2807 Benigne
478 2747 584 2809 nuper
602 2732 789 2809 recepimus
818 2732 951 2795 litteras
972 2733 1060 2802 tuas,

271 2845 354 2907 quas
370 2845 445 2890 cum
465 2829 585 2892 dilecto
608 2829 676 2890 ffljo
696 2832 749 2902 R„
776 2829 954 2907 praeposito
979 2833 1063 2892 ΨΒ,
1116 2807 1273 2866 Ecclesiam
1289 2807 1317 2866 S.
1341 2805 1452 2866 Sabine
1476 2807 1512 2866 ad
1535 2805 1737 2864 celebrandum
1760 2815 1790 2866 et
1809 2806 1913 2866 domos

268 2926 429 3000 radiensi,
437 2927 478 2988 ad
486 2927 661 2989 ecclesiam
668 2928 935 3005 Ultrasylvanam
943 2928 1058 3000 electo,
1094 2963 1099 2970 ·
1258 2894 1523 2954 fflnhffl'i‘andum
1538 2897 1581 2953 εἰς
1595 2894 1735 2954 ⁰⁰⁰⁰³di²·

268 3024 312 3086 ad
326 3025 444 3086 Sedent
455 3025 680 3102 apostolicam
702 3026 931 3088 transmisisti.
958 3027 1063 3089 lntel-
1156 3023 1324 3085 Honorius
1363 3022 1550 3100 episcopus,
1586 3038 1702 3084 servus
1735 3037 1912 3084 servorum

267 3119 922 3198 leximnsautemexpraedictarumserie
935 3122 1062 3185 littera·
1117 3119 1187 3193 De'i,
1215 3119 1345 3182 dilectis
1373 3118 1452 3180 tiliis
1487 3119 1658 3196 magistro,
1689 3120 1722 3182 et
1749 3118 1911 3181 fratribus

267 3232 353 3290 rum,
377 3217 475 3294 quod,
503 3218 737 3295 Ultrasylvana
765 3219 907 3281 ecclesia
932 3220 1063 3282 noviter
1118 3216 1244 3279 ordinis
1268 3217 1540 3289 Praedioatorum,
1558 3216 1699 3279 salutem
1718 3217 1752 3279 et
1769 3216 1915 3294 Aposto-

267 3314 424 3376 destituta
446 3315 589 3392 pastore,
607 3315 713 3392 ipsius
733 3315 799 3378 loci
822 3316 1004 3393 capitulum
1020 3317 1061 3377 ad
1118 3315 1222 3376 licam
1235 3314 1511 3377 benedictionem.

269 3412 467 3475 electionem
496 3413 643 3492 episcopi
667 3413 896 3489 procedentes,
923 3415 1064 3490 praedio·
1158 3413 1242 3485 Quia
1255 3411 1406 3474 omnibus
1426 3427 1469 3474 ex
1487 3411 1735 3485 ofdoionostro,
1752 3411 1831 3474 licet
1845 3409 1913 3474 im-

268 3509 339 3570 tum
352 3509 567 3587 praepositum
580 3525 654 3571 cum
670 3509 833 3572 electione
843 3511 1010 3573 celebrata
1022 3511 1063 3572 de
1118 3509 1240 3582 meriti,
1257 3524 1456 3586 praesumus,
1471 3509 1589 3571 merito
1604 3509 1710 3581 vobis,
1729 3509 1786 3586 qui
1799 3509 1913 3572 vestro

269 3605 342 3684 ipso
366 3607 427 3669 tihi
455 3609 625 3684 tamqnam
646 3609 902 3685 metropolitano
928 3609 1062 3686 proprio
1118 3602 1303 3668 ministerio
1319 3605 1800 3683 proficereoupitisuniversis,
1820 3623 1915 3668 com-

268 3706 525 3782 praesentarunt,
558 3705 750 3767 confirmari
785 3721 859 3767 eam
892 3705 1064 3768 humiliter
1118 3705 1226 3777 moda,
1259 3719 1359 3782 quum
1394 3706 1559 3777 convenit,
1601 3703 1842 3778 ministramus,
1875 3705 1915 3767 ut

268 3802 486 3879 postulantes.
503 3805 553 3864 Tu
567 3803 677 3865 autem
689 3803 731 3864 de
747 3803 913 3865 universis
937 3805 1063 3880 negotii
1119 3805 1166 3864 sio
1195 3801 1341 3864 ministri
1355 3801 1478 3863 Christi
1496 3802 1529 3864 et
1554 3801 1801 3879 dispensatores
1821 3818 1915 3879 mys-

269 3899 530 3962 circumstantiis
544 3901 720 3978 diligenter
730 3901 920 3978 inquirens,
930 3917 1065 3978 compe-
1118 3899 1279 3962 teriorum
1308 3898 1367 3960 Dei
1404 3913 1463 3976 per
1497 3899 1649 3960 nostrum
1686 3899 1913 3962 ministerium

270 3997 345 4058 risti
364 3998 560 4059 electionem
574 3997 724 4058 eamdem
739 3999 899 4060 canonice
915 3997 1066 4060 celebra·
1118 3994 1339 4056 honorentur.
1346 3996 1455 4066 Quum
1465 3993 1567 4070 igitur
1590 3995 1716 4056 certum
1732 3994 1915 4071 hospitium

270 4095 350 4167 tam,
372 4095 646 4157 concurrentibus
674 4095 716 4156 ad
738 4099 809 4172 ejus
838 4096 1065 4158 confirmatio·
1120 4107 1186 4153 non
1208 4091 1377 4153 haberetis
1399 4091 1435 4152 in
1459 4091 1552 4163 urbe,
1569 4090 1626 4152 ubi
1645 4105 1684 4152 eo
1705 4091 1818 4152 forsan
1838 4092 1915 4168 plus

270 4207 346 4253 nem
360 4191 506 4268 ejusdem
527 4192 625 4254 electi
640 4193 839 4269 competenti
862 4193 1062 4264 litteratura,
1119 4189 1276 4266 prodesse
1304 4189 1454 4266 potestis,
1485 4205 1549 4266 quo
1573 4188 1622 4249 ibi
1647 4191 1715 4252 tam
1736 4187 1912 4264 indigenae,

220 4301 228 4309 ·
267 4289 444 4352 honestate
457 4305 585 4350 morum
601 4290 634 4352 et
648 4305 783 4366 genere,
796 4305 836 4352 ao
860 4290 1003 4354 faciente
1022 4291 1063 4352 ad
1119 4303 1218 4364 quam
1255 4287 1408 4350 extranei
1446 4287 1713 4362 congregantur;
1751 4303 1813 4348 nos
1844 4287 1915 4348 tam

269 4388 333 4451 hoc
348 4387 435 4464 quod
461 4387 501 4448 de
528 4388 656 4463 gremio
685 4389 736 4450 est
763 4388 915 4450 ecclesiae
943 4403 1063 4451 memo·
1119 4385 1224 4458 vobis,
1251 4401 1348 4463 quam
1373 4384 1552 4446 multorum
1577 4385 1714 4447 utilitati
1738 4382 1915 4447 consulere

269 4487 351 4548 ratae
366 4508 374 4547 ι
391 4485 448 4548 sed
464 4485 543 4563 quia
565 4485 606 4546 ob
621 4485 685 4549 hoc
699 4484 857 4548 dubitasti
878 4487 1062 4560 dumtaxat,
1120 4483 1303 4559 cupientes,
1329 4481 1507 4544 ecclesiam
1536 4483 1569 4542 S.
1588 4481 1720 4543 Sabinae
1750 4481 1791 4542 ad
1820 4481 1914 4543 cele-

270 4584 357 4662 quod
373 4583 408 4644 in
422 4584 528 4647 altero
544 4599 680 4645 suorum
708 4583 803 4646 oculo
823 4583 974 4660 quedam
990 4601 1064 4646 ma-
1118 4579 1293 4654 hrandnm‚
1321 4580 1355 4642 et
1380 4574 1495 4640 domos
1515 4579 1556 4640 ad
1578 4579 1835 4641 inhabitandum
1862 4579 1915 4639 si-

270 4681 347 4742 cula
369 4679 555 4753 videbatur,
574 4680 705 4756 elegisti
728 4681 836 4757 potius
857 4681 898 4742 ad
925 4697 986 4742 nos
1008 4682 1064 4758 ip·
1120 4678 1169 4740 lut
1192 4677 1370 4739 saeculares
1394 4676 1509 4738 clerici
1528 4675 1727 4748 habuerunt,
1758 4677 1800 4738 de
1829 4692 1915 4738 con·-

271 4793 346 4838 sum
373 4777 626 4854 inspiciendum
644 4779 883 4850 transmittere,
905 4794 1004 4855 quam
1023 4779 1070 4846 ad.
1121 4791 1222 4838 sensu
1251 4775 1392 4839 fratrum
1424 4775 1624 4846 nostrorum,
1658 4775 1691 4836 et
1722 4774 1917 4851 specialiter

271 4875 532 4938 confirmandam
546 4876 744 4938 electionem
768 4875 863 4937 nobis
886 4876 1064 4953 procedere
1120 4874 1233 4935 dilecti
1258 4873 1318 4934 lilii
1342 4872 1448 4933 nostri
1471 4871 1559 4933 tituli
1591 4871 1739 4949 ejusdem
1763 4871 1917 4934 ecclesiae

271 4973 482 5035 inconsultis.
495 4975 619 5034 Verum
630 4973 802 5036 humiliter
811 4974 986 5050 postulasti
1000 4990 1066 5036 ma·
1121 4971 1306 5048 presbyteri
1330 4968 1522 5041 cardinalis,
1548 4969 1642 5030 vobis
1658 4969 1814 5030 duximus
1829 4984 1917 5030 con-

270 5071 376 5148 gistro
389 5072 430 5132 N.
448 5070 655 5143 clericatus,
680 5071 720 5132 ad
737 5072 885 5134 nostram
910 5088 1062 5148 praesen·
1121 5069 1314 5140 cedendam,
1330 5068 1426 5129 domo
1442 5067 1499 5128 ubi
1519 5068 1570 5130 esi
1594 5067 1825 5143 baptisterium
1840 5082 1918 5128 cum

271 5171 352 5232 tiam
368 5169 545 5242 destinato,
563 5169 608 5240 ut,
626 5169 655 5228 si
670 5169 819 5245 eJusdem
842 5170 1068 5232 ecclesiaeve-
1122 5167 1217 5228 horto
1244 5165 1397 5242 proximo
1426 5165 1459 5227 et
1483 5165 1668 5226 reclusorio
1698 5179 1758 5242 pru
1788 5163 1917 5226 duobus

271 5268 314 5330 tis
339 5268 373 5328 in
400 5267 464 5330 hcc
483 5267 643 5328 vellemus
659 5281 819 5337 annuere,
836 5266 1065 5330 confirmatio-
1121 5264 1254 5327 clericis
1267 5263 1447 5336 reservato,
1465 5262 1521 5340 qui
1544 5262 1585 5323 de
1603 5262 1779 5340 parochia,
1792 5264 1826 5324 et
1839 5277 1920 5338 pos-

274 5381 350 5427 nem
400 5365 575 5428 electionis
616 5365 762 5443 ejusdem
805 5364 865 5426 tibi
898 5365 1067 5427 remittere
1122 5361 1327 5424 sessionibus
1342 5361 1448 5439 ipsius
1459 5360 1623 5432 ecclesiae,
1637 5361 1735 5436 prout
1749 5360 1915 5437 expediet,

275 5463 502 5540 dignaremur.
524 5465 686 5526 Caeterum
706 5462 871 5524 carissimi
887 5463 922 5523 in
937 5463 1068 5524 Christo
1122 5475 1238 5521 curam
1260 5460 1387 5535 gerent,
1408 5461 1486 5536 jnre
1506 5457 1687 5520 cardinalis
1711 5458 1747 5518 in
1762 5457 1918 5519 omnibus

272 5561 333 5622 lilii
349 5561 492 5622 nostri...
506 5577 569 5624 rex
592 5563 661 5624 et...
685 5561 805 5638 regina
832 5563 1068 5638 Hungarorum
1122 5559 1251 5633 integre
1266 5555 1474 5619 conservato.
1490 5555 1583 5618 Nulli
1605 5569 1697 5632 ergo,
1713 5555 1776 5617 eto.
1797 5555 1918 5616 Datum

272 5658 432 5731 illustres,
469 5659 698 5736 multiplicatis
727 5659 940 5737 praelatorum
969 5660 1068 5720 terrae
1123 5659 1247 5728 Romae,
1262 5655 1360 5716 nonis
1371 5654 1471 5730 junii,
1483 5655 1573 5731 punt.
1586 5653 1691 5716 nostri
1706 5667 1799 5716 anno
1808 5653 1915 5716 sexto.

1174 2679 1291 2746 [tripolis
1304 2681 1444 2733 Bullatium
1454 2681 1597 2742 Praedicat,
1611 2681 1631 2742 l,
1643 2692 1671 2732 n·
1681 2681 1720 2740 ²9,
1733 2695 1790 2746 pag.
1804 2681 1856 2748 lb]
