4108 6328
741 349 972 453 'celsanum
996 389 1073 450 nin.
1097 387 1137 446 x.

433 589 541 674 vl

212 753 263 810 Ad
277 751 516 811 Eberhardum
530 749 823 820 archiepiscopum

363 847 669 919 salisburgensem.

336 945 356 1021 ἰ
399 975 544 1048 caugusti
560 973 638 1031 lans.

303 1101 416 1165 [hierges.
429 1099 493 1150 illst.
505 1097 652 1162 Sallshnrg,
665 1097 732 1161 aas]

171 1225 355 1297 Privilegium
371 1224 632 1296 snperepiscopatn
647 1222 675 1278 in
687 1221 868 1302 seccoviensi

382 1313 503 1370 ecclesia
526 1317 654 1368 renovat.

161 1441 329 1501 Honorius
340 1440 525 1515 episcopus
539 1453 655 1496 servus
665 1435 912 1505 servoranei,

121 1537 309 1599 venerabili
330 1535 425 1596 iratri
456 1534 646 1596 Eberhardo
669 1532 915 1607 salisburgensi

121 1635 385 1710 archiepiscopo,
403 1631 591 1692 salutemet
616 1629 838 1706 apostolicam
857 1629 917 1689 be-

121 1729 358 1792 bedictionem.

159 1830 232 1888 Tua
246 1827 340 1887 nobis
355 1825 545 1887 fraternitas
569 1824 778 1902 supplicavit,
792 1823 828 1884 ut
841 1839 915 1883 cum

118 1924 334 2002 privilegium
346 1939 445 1998 snper
458 1923 651 2000 episcopatu
661 1923 695 1982 in
706 1921 916 1982 seccoviensi

119 2021 276 2092 ecclesia,
293 2005 449 2083 tunctuae
471 2019 659 2080 dioecesIsa
686 2019 781 2080 tede
804 2018 916 2079 nostra

119 2117 341 2195 permissione
356 2119 479 2188 creato,
496 2117 557 2190 tibi
570 2131 763 2178 concessum
779 2115 915 2186 anobis,

118 2231 180 2292 per
191 2213 394 2276 incautelam
409 2211 452 2274 sit
470 2213 649 2274 amoribus
664 2213 829 2290 lineisque
843 2228 918 2272 cor-

118 2328 248 2383 rosum,
261 2312 307 2372 ita
323 2312 358 2373 ut
370 2310 489 2371 abrosa
508 2325 644 2386 prorsus
656 2310 749 2386 parte
768 2325 834 2369 non
848 2324 919 2369 mo-

119 2409 211 2479 dica,
227 2423 287 2485 per
301 2409 427 2492 partem
449 2407 617 2468 residuam
637 2407 716 2467 sciri
734 2423 799 2468 non
815 2405 919 2482 possit

120 2507 199 2582 quis
215 2503 315 2566 inerit
326 2505 422 2566 teum
436 2507 507 2580 ejus
525 2519 648 2580 :super
658 2503 722 2565 boc
732 2519 807 2564 oum
817 2501 919 2564 luerit

119 2603 156 2663 in
189 2601 323 2677 regesto
346 2601 459 2662 nostro
488 2601 722 2677 conscriptum,
744 2600 918 2676 providero

120 2697 237 2760 debita
253 2697 476 2778 sollicitudine
491 2697 716 2772 dignaremur.
733 2699 802 2757 Nos
817 2697 920 2772 igitur

118 2797 275 2859 tenorem
289 2793 435 2870 ejusdem
452 2794 617 2870 privilegii
631 2794 671 2854 de
693 2795 824 2869 regesto
846 2795 919 2869 ipso

115 2893 268 2954 fideliter
281 2893 458 2968 sumptum,
469 2891 624 2968 praescnti
638 2891 768 2967 paginae
781 2891 919 2951 lecimus

89 2976 92 2980 ’
118 2987 290 3059 annotari,
307 2987 533 3058 decernentes,
552 2987 587 3048 ut
604 2988 724 3063 pagina
739 2987 804 3048 ista
823 3002 918 3047 eam-

120 3087 199 3148 dem
225 3085 294 3146 vim
318 3086 351 3146 et
375 3085 606 3145 auctoritatem
630 3084 788 3155 obtineat,
822 3099 918 3160 quam

121 3181 300 3262 praelatum
328 3181 470 3242 obtinuit
495 3181 718 3258 privilegium,
743 3182 919 3258 antequam

121 3279 213 3342 esset
228 3295 287 3354 per
310 3277 511 3340 incautelam
527 3294 585 3338 seu
601 3293 714 3339 casum
730 3277 921 3356 hujusmodi

120 3377 296 3440 violatum.
314 3377 370 3436 Est
391 3375 493 3452 igitur
507 3375 612 3452 ipsius
635 3374 803 3454 privilegii
825 3377 922 3436 tenor

121 3476 228 3538 talis:

125 3603 129 3609 ·
162 3571 333 3634 Honorius
345 3570 530 3646 episcopus,
542 3571 919 3641 servusservorumliei,

123 3668 312 3732 venerabili
331 3666 427 3729 lratri
449 3667 639 3728 Eberhardo
669 3667 922 3742 salzeburgensi

124 3767 390 3843 archiepiscopo.
419 3765 560 3826 salntem
577 3765 609 3824 et
620 3765 843 3842 apostolicam
858 3765 920 3825 be-

126 3865 361 3926 nedictionem.
808 3857 810 3862 '

155 3961 259 4034 ¹Quod
278 3977 344 4046 non
359 3962 426 4032 tua,
445 3959 501 4020 sed
518 3976 590 4036 quae
605 3959 727 4021 Christi
741 3960 793 4021 vel
810 3959 920 4036 potius

126 4075 201 4135 quae
212 4057 336 4118 Christi
351 4059 384 4118 et
401 4058 458 4119 tna
475 4059 562 4128 sunt,
579 4057 692 4116 sedula
709 4056 921 4117 meditatione

124 4155 290 4232 requiras,
308 4168 410 4230 opera
432 4155 489 4215 tua
506 4154 731 4216 testimoninm
744 4150 922 4230 perhibent

125 4252 309 4320 evidenter,
336 4249 413 4309 dum
440 4251 617 4310 commisso
639 4249 698 4309 tibi
727 4251 820 4324 gregi
845 4265 923 4325 pro-

125 4349 220 4410 desse
236 4347 428 4408 desiderans
442 4348 660 4423 potiusquam
678 4361 833 4422 praeesse,
852 4346 924 4406 ani·

125 4460 255 4505 marum
271 4444 410 4514 lucrum,
435 4444 521 4505 siout
542 4444 635 4504 decet
651 4444 781 4504 Domini
805 4459 921 4504 sacer-

126 4541 248 4614 dotem,
283 4541 419 4617 praelers
449 4540 588 4616 quaestui
624 4541 814 4616 temporali;
843 4541 922 4616 quin

125 4641 238 4710 etiam,
252 4653 293 4698 ne
308 4653 371 4699 non
387 4639 453 4699 tam
466 4653 522 4698 eas
537 4653 687 4714 pascere,
701 4654 799 4716 qnam
809 4638 924 4713 depas-

126 4753 203 4797 cere
217 4735 375 4804 videaris,
389 4733 550 4804 carnalia,
575 4751 647 4812 quae
668 4749 781 4810 posses
798 4737 922 4796 metere

126 4834 163 4894 in
195 4833 330 4904 eisdem,
365 4832 574 4892 voluntarius
603 4831 703 4892 ollers
735 4831 922 4908 spiritualia

128 4927 335 4998 seminando,
352 4927 465 5002 sicque
479 4927 524 4997 lit,
547 4926 784 4986 ut'ministrum
801 4925 922 4988 Christi

128 5007 923 5102 ecdispensatorem'mysteriorumoeirefaciens

129 5123 316 5185 existimari
331 5123 423 5184 tuum
435 5121 578 5182 honores
597 5121 631 5180 in
647 5121 786 5181 Domino
805 5121 924 5180 minis-

130 5221 261 5290 terium,
276 5215 383 5295 teque'
397 5218 516 5280 reddas
530 5217 683 5277 omnibns
692 5218 922 5278 honorandum

37 5325 40 5330 ’
129 5320 162 5380 et
173 5318 322 5379 favorem
337 5317 485 5376 nostrum
501 5331 544 5375 ex
556 5315 598 5375 iis
614 5329 653 5375 eo
672 5313 850 5390 specialius
864 5313 921 5374 tibi

128 5415 369 5490 vindicesque
394 5413 516 5473 nostris
538 5411 757 5488 beneplacitis
781 5427 922 5488 expres-

130 5513 199 5572 sius
213 5513 246 5572 te
257 5511 401 5587 coaptas.
418 5510 603 5571 Prudenter
617 5510 705 5570 enim
719 5510 921 5584 recogitans,

82 5603 84 5607 ’
130 5608 924 5688 quodsalzeburgensisdioeceslsusqueadeoest

131 5703 262 5778 diffusa,
283 5703 367 5781 quod
384 5719 449 5764 non
470 5702 618 5765 suilloias
636 5703 801 5764 universis
823 5701 922 5764 habi-

1625 333 1758 440 vstlte

965 549 1110 611 lantibus
1129 541 1177 608 ‘in
1201 544 1316 606 eadem
1345 541 1506 620 pastorali
1536 539 1759 602 sollicitudine

966 646 1150 716 imminere,
1167 644 1352 718 timensque
1369 656 1410 700 ne
1434 639 1570 710 nonsit,
1597 638 1653 714 qni
1675 651 1757 712 par-

966 743 1063 804 vulus
1094 742 1145 802 lac
1179 739 1337 800 doctrinae
1366 738 1419 798 vel
1452 736 1617 813 provectis
1650 734 1759 795 cibum

966 840 1108 900 solidum
1135 836 1354 907 administret,
1387 835 1446 895 aut
1475 833 1561 910 qnod
1592 831 1758 892 infirmum

967 940 1027 1008 ost,
1043 936 1077 995 in
1090 935 1139 996 eis
1152 933 1345 1002 consolidet,
1361 931 1554 1006 autallige't,
1574 929 1660 1006 quod
1676 943 1759 988 con·
1810 953 1813 958 ·

968 1031 1218 1106 lractnm301im
1234 1045 1294 1106 per
1315 1028 1471 1089 dilectum
1487 1027 1591 1086 lilium
1606 1025 1760 1086 Carolum
1801 1027 1804 1032 '

968 1131 1199 1190 Frisacencem
1222 1126 1434 1203 praepositum
1456 1139 1516 1202 per
1537 1125 1665 1184 litteras
1686 1125 1761 1182 tuas

968 1227 1064 1286 nobis
1086 1224 1258 1285 humiliter
1282 1223 1487 1298 supplicasti,
1515 1221 1552 1282 ut
1578 1221 1612 1280 in
1637 1221 1760 1280 secco-

968 1323 1075 1384 viensi
1102 1321 1244 1382 ecclesia
1269 1322 1335 1381 tuae
1364 1318 1518 1400 dioecesis
1542 1316 1762 1394 episcopalem

969 1420 1078 1479 sedem
1108 1417 1244 1479 creandi
1278 1417 1339 1477 tibi
1375 1416 1543 1476 licentiam
1581 1413 1762 1496 concedere

969 1517 1195 1591 dignaremur,
1213 1515 1329 1591 parato
1344 1513 1384 1572 de
1404 1527 1544 1573 assensn
1561 1511 1697 1587 capituli
1714 1509 1763 1572 tui

969 1615 999 1673 ei
1017 1628 1117 1672 unam
1135 1612 1266 1672 diaetam
1281 1612 1314 1671 et
1328 1610 1498 1670 dimidiam
1520 1609 1554 1668 in
1571 1608 1717 1690 dioecesi¹
1730 1607 1764 1667 et

968 1711 1137 1772 trecentas
1163 1725 1293 1769 marcas
1313 1710 1347 1768 in
1370 1705 1553 1767 redditibus
1577 1705 1760 1780 assignare,

971 1802 1763 1884 itautperomniaipsiusseccoviensisecclesiee

966 1909 1043 1983 jure
1059 1906 1151 1967 salvo
1165 1905 1248 1966 nibil
1274 1903 1314 1964 de
1331 1904 1427 1964 bonis
1448 1903 1553 1979 ipsius
1569 1901 1608 1962 ad
1631 1901 1764 1976 episco-

971 2003 1078 2080 palem
1105 2001 1297 2064 cathedram
1316 2000 1549 2070 transferatur,
1573 2015 1634 2059 nec
1660 1998 1765 2057 ullum

971 2101 1092 2162 exinde
1103 2101 1137 2159 in
1153 2099 1381 2175 dignitatibus,
1391 2097 1612 2168 libertatibus,
1625 2110 1761 2157 consue·

951 2197 1140 2260 .tndinibus
1155 2200 1188 2258 et
1200 2194 1655 2270 rationibussalzeburgensi
1670 2191 1762 2270 oapi-

970 2295 1039 2357 tnlo
1072 2295 1303 2372 praejndicium
1335 2294 1523 2370 generetur.
1562 2293 1654 2353 Unde
1689 2289 1768 2353 licet

971 2393 1084 2454 forsan
1100 2408 1139 2453 eo
1155 2393 1264 2452 minus
1282 2391 1323 2452 ad
1339 2392 1402 2452 boc
1422 2389 1628 2450 insufficiens
1644 2388 1764 2448 debeas

972 2489 1131 2566 reputari,
1158 2505 1223 2564 quo
1244 2485 1515 2549 insufficientiam
1537 2485 1663 2560 allegas
1693 2484 1767 2544 ins-

971 2587 1110 2658 tantius,
1127 2587 1313 2647 nontamen
1328 2586 1421 2647 tuum
1436 2584 1641 2661 propositum
1657 2582 1767 2657 dignis

973 2686 1006 2745 in
1022 2684 1162 2744 Domino
1174 2683 1328 2744 laudibus
1351 2681 1620 2743 commendantes
1641 2679 1673 2740 et
1689 2694 1767 2755 pre-

973 2781 1066 2841 cibus
1088 2781 1156 2842 tuis
1185 2795 1225 2841 eo
1247 2778 1464 2840 favorabilius
1485 2778 1680 2847 annuentes,
1704 2791 1768 2851 quo

974 2880 1083 2939 rarius
1099 2878 1148 2938 eis
1161 2877 1287 2938 similes
1300 2877 1333 2938 et
1348 2877 1538 2952 frequenter
1550 2871 1644 2934 nobis
1665 2872 1769 2933 dissi·
1813 2881 1821 2892 “

974 2975 1068 3036 miles
1085 2975 1145 3036 vel
1171 2975 1280 3051 potius
1296 2974 1473 3035 contrariae
1489 2971 1714 3048 porriguntur,
1731 2971 1769 3032 ut

973 3087 1027 3132 res
1041 3074 1109 3133 tam
1122 3071 1226 3132 ardua
1247 3072 1320 3131 sine
1334 3070 1423 3130 omni
1444 3069 1627 3130 offensione
1651 3083 1770 3143 proce-

974 3170 1076 3240 deret,
1099 3167 1283 3231 venerabili
1312 3166 1409 3229 fratri
1429 3171 1541 3228 nostro
1563 3165 1769 3241 Frisingensi

974 3267 1129 3342 episcopo
1138 3265 1308 3327 etdilectis
1319 3263 1397 3325 filiis
1413 3263 1604 3324 Brixinensi
1621 3263 1726 3324 electo
1737 3263 1771 3324 ot

974 3361 1086 3424 abbati
1100 3361 1317 3423 Admuntensi
1337 3361 1460 3423 nostris
1479 3361 1628 3421 dedimus
1650 3359 1770 3421 litteris

974 3461 1010 3520 in
1025 3460 1201 3530 mandatis,
1220 3459 1255 3520 ut
1268 3457 1457 3536 hujusmodi
1480 3459 1604 3533 negotii
1627 3459 1771 3518 circum-

975 3559 1116 3618 stantias
1128 3557 1269 3618 sollicite
1282 3557 1498 3633 inquirentes,
1516 3557 1549 3616 ct
1564 3555 1768 3631 specialiter,

976 3655 1004 3715 si
1040 3655 1103 3715 hoc
1144 3653 1397 3728 salzeburgensi
1424 3653 1575 3714 ecclesias
1612 3651 1770 3727 expedire

975 3751 1137 3823 viderent,
1153 3753 1185 3812 et
1195 3751 1236 3812 ad
1253 3751 1283 3810 id
1301 3751 1438 3826 capituli
1451 3750 1600 3826 ejusdem
1613 3765 1770 3810 assensus

976 3850 1158 3920 accederet,
1171 3865 1232 3910 neo
1243 3849 1376 3909 nonnisi
1391 3846 1619 3908 seccoviensis
1629 3847 1770 3908 ecclesia

976 3963 1019 4008 ex
1033 3947 1095 4007 hoc
1106 3948 1297 4007 servaretur
1313 3945 1489 4016 indemnis,
1507 3945 1539 4007 et
1558 3945 1667 4006 utrum
1683 3943 1771 4007 esset

977 4043 1146 4105 suilloiens
1159 4045 1191 4104 et
1206 4043 1325 4104 idonea
1339 4043 1442 4104 futuri
1462 4043 1609 4119 episcopi
1623 4043 1771 4119 provisio

978 4143 1161 4218 praetaxata
1188 4140 1380 4216 diligentius
1404 4141 1612 4216 indagantes,
1642 4140 1768 4201 rescri-

976 4239 1092 4300 berent
1120 4237 1215 4302 nobis
1245 4237 1422 4314 superbis
1454 4239 1605 4299 omnibus
1631 4239 1773 4299 fideliter

976 4337 1162 4403 veritatem,
1179 4350 1243 4412 qua
1264 4336 1396 4411 cognita
1412 4335 1452 4394 de
1472 4335 1610 4395 consilio
1633 4335 1770 4396 fratrum

977 4434 1164 4494 nostrorum
1190 4434 1444 4509 procederemus
1472 4433 1606 4492 auctore
1633 4431 1771 4492 Domino

977 4529 1151 4592 inoffense.
1169 4531 1350 4607 Episcopus
1364 4544 1444 4589 vero
1454 4527 1598 4590 etabbas
1610 4527 1769 4603 praedicti,

977 4629 1064 4689 sicut
1091 4629 1160 4688 suis
1191 4627 1284 4694 nobis
1313 4626 1433 4687 litteris
1462 4624 1667 4696 intimarunt,
1694 4625 1770 4702 quia

977 4723 1771 4802 praedictuselectuscrucesiguatusinprooinctu

961 4825 1072 4900 quasi
1092 4821 1370 4899 peregrinationis
1386 4822 1524 4897 positus
1542 4821 1621 4882 huic
1637 4823 1770 4898 negotio

977 4921 1138 4980 interesse
1147 4935 1212 4981 non
1223 4919 1360 4995 poterat,
1369 4919 1408 4978 ad
1419 4919 1712 4994 salzeburgensem
1722 4935 1772 4980 ec·

977 5018 1113 5078 clesiam
1128 5016 1349 5093 personaliter
1362 5016 1556 5078 accedentes
1570 5032 1769 5078 consensum

977 5114 1115 5190 capituli
1127 5115 1169 5175 ad
1182 5115 1245 5175 hoo
1267 5113 1425 5188 invenere
1441 5114 1593 5189 paratum
1617 5115 1650 5174 el
1664 5130 1772 5190 quan-

976 5215 1045 5272 tum
1059 5212 1183 5272 tamibi
1198 5227 1298 5287 quam
1325 5209 1404 5271 alibi
1421 5227 1521 5288 super
1544 5209 1606 5270 hoc
1622 5213 1775 5286 poterant

977 5310 1120 5381 edoceri,
1134 5308 1322 5369 didicerunt
1332 5308 1395 5368 boc
1408 5306 1659 5382 salzeburgensi
1670 5309 1774 5372 eccle·

978 5408 1037 5467 siae
1051 5405 1175 5482 absque
1188 5405 1288 5466 dubio
1304 5397 1472 5480 expedire.

1020 5503 1237 5580 Praepositum
1253 5518 1384 5579 quoque
1399 5504 1431 5563 et
1452 5501 1632 5578 capitulum
1649 5504 1773 5564 secco-

977 5603 1094 5662 viense
1106 5600 1328 5678 personaliter
1342 5599 1478 5661 allocuti
1488 5601 1686 5676 acceperunt
1699 5615 1772 5662 res-

978 5715 1130 5776 ponsum,
1141 5698 1225 5776 quod
1239 5699 1271 5759 et
1281 5697 1509 5760 seccoviensis
1519 5697 1659 5760 ecclesia
1668 5699 1773 5762 illaesa
