4032 6326
1986 65 1992 112 l

309 367 370 430 287
927 359 1104 424 HONORII
1125 361 1171 422 111
1192 361 1340 424 OPERA.
1896 361 1944 424 aba

309 527 421 605 legere
435 522 695 596 contemnentes,
717 537 800 602 quas
815 521 844 583 si
866 521 1033 584 interdum
1048 521 1102 585 le·
1156 521 1245 584 trum
1268 520 1450 599 Hospitalis
1471 521 1601 584 Sanctae
1622 521 1739 584 Marlae
1767 520 1946 582 Theutoni·
1991 521 1992 573 l

310 624 422 703 gerint
435 623 655 700 vilipendunt.
670 620 764 682 Unde
777 619 892 682 clerici
904 619 937 682 et
948 619 1026 680 laici
1041 634 1101 680 su·
1158 635 1272 681 corum
1288 619 1582 696 Hierosolymitani
1596 619 1789 696 Apostollca
1806 633 1869 679 nos
1884 635 1947 680 con
1991 603 1992 664 Ϊ

310 722 438 784 mentes
472 720 646 781 andaciam
675 717 835 780 adversus
867 732 924 777 eos
952 716 1102 777 securius
1157 717 1248 778 venit
1269 716 1493 778 sollicitudine
1517 717 1703 793 providere,
1721 717 1844 778 ettam
1869 716 1946 792 ipsos

307 819 523 889 insolescunt,
540 817 770 892 eleemosynas
792 814 825 876 et
848 813 1009 875 beneficia
1025 812 1103 874 sub-
1157 829 1256 891 quam
1271 829 1386 874 eorum
1404 813 1491 874 bona
1514 815 1608 875 tanto
1629 814 1811 876 sollicitius
1827 815 1947 874 amali-

308 913 445 977 trahunt
457 914 632 988 consueta;
662 913 835 974 invasores
850 925 980 987 quoqne
992 908 1101 970 bono·
1157 926 1297 986 gnorum
1312 911 1501 972 incursibus
1516 914 1548 974 et
1560 911 1688 987 rapinis
1702 911 1864 972 tenemur
1876 927 1947 986 pro·

310 1029 384 1074 rum
402 1012 549 1089 ipsorum
571 1010 711 1072 fratrum
731 1024 797 1070 non
823 1008 977 1082 arguunt,
994 1006 1052 1067 sed
1067 1006 1102 1066 in
1157 1009 1280 1083 tegere,
1297 1009 1420 1084 quanto
1442 1024 1501 1084 pro
1522 1007 1586 1070 lide
1606 1008 1782 1070 christiani
1810 1009 1947 1068 nominis

310 1108 538 1170 familiaritate
561 1123 622 1168 sua
649 1106 829 1182 recipiunt,
863 1103 984 1165 fratres
1012 1103 1102 1179 ipsos
1157 1121 1193 1166 se
1205 1104 1468 1166 diuturnioribus
1482 1107 1655 1182 exponunt
1669 1105 1835 1182 periculis
1850 1109 1884 1166 et
1893 1105 1947 1165 ad-

310 1205 567 1268 intolerabiliter
588 1203 822 1280 deprimentes,
847 1215 928 1277 quos
952 1213 1102 1276 prosuae
1156 1217 1275 1263 versus
1291 1218 1412 1280 pravas
1437 1204 1470 1264 et
1488 1203 1621 1264 exteras
1643 1203 1800 1264 nationes
1824 1201 1948 1263 labores
1991 1269 1993 1294 ἵ

310 1303 482 1378 religionis
495 1303 668 1362 honestate
680 1298 837 1362 deberent
847 1297 1006 1359 attentius
1022 1311 1103 1358 con·
1157 1298 1299 1361 subeunt
1308 1300 1491 1374 graviores.
1502 1299 1582 1360 Inde
1595 1300 1656 1372 est,
1669 1300 1755 1376 quod
1766 1301 1841 1361 tam
1856 1299 1947 1360 fortes
1992 1301 1993 1328 ³

308 1399 434 1462 fovere.
460 1398 565 1471 Unde,
592 1397 748 1475 quoniam
778 1410 959 1472 gravamen
987 1408 1102 1454 eorum
1156 1396 1278 1457 Christi
1295 1397 1437 1458 athletas
1452 1397 1487 1456 in
1503 1412 1563 1457 suo
1575 1398 1690 1458 sancto
1704 1397 1882 1474 proposito
1892 1411 1947 1458 vo·

310 1497 402 1558 tanto
415 1497 525 1556 minus
535 1495 687 1557 volumus
700 1494 736 1555 in
749 1492 910 1570 patientia
921 1490 1099 1561 sustinere,
1156 1493 1263 1556 lentes
1278 1493 1436 1555 attentius
1457 1493 1644 1567 confovere,
1666 1496 1708 1555 ad
1723 1494 1947 1556 defensionem

310 1595 433 1671 quanto
441 1594 578 1669 gravius
582 1592 673 1669 justo
686 1589 881 1668 Deijudicio
890 1587 1101 1665 permittente
1158 1591 1210 1650 sni
1234 1591 1491 1654 sollicitudinem
1515 1593 1661 1654 vestram
1681 1591 1843 1652 duximus
1865 1607 1947 1652 com-

265 1677 268 1684 ⁴
305 1690 434 1768 jugiter
466 1690 555 1767 ipsos
583 1688 712 1750 inimici
747 1686 923 1750 christiani
956 1684 1101 1746 nominis
1157 1688 1365 1760 monendam,
1383 1690 1419 1751 ut
1437 1689 1543 1765 magis
1564 1704 1603 1750 ac
1629 1689 1735 1764 magis
1757 1688 1893 1766 possint
1910 1688 1945 1750 ad

311 1788 566 1866 persequuntur,
579 1784 915 1848 rmiversitativestree
929 1784 1103 1860 perApos-
1157 1785 1417 1862 promovendum
1439 1787 1656 1863 propositum,
1684 1786 1771 1864 qnod
1800 1801 1947 1862 sumpse-

310 1885 411 1948 tolica
426 1885 549 1962 scripta
569 1885 764 1946 mandamns
788 1885 822 1944 et
845 1882 881 1943 in
904 1879 1100 1941 obedientiae
1156 1883 1244 1954 runt,
1260 1882 1445 1948 intendere,
1464 1897 1564 1958 quum
1580 1883 1705 1944 fuerint
1724 1881 1947 1944 sollicitudine

311 1984 435 2046 virtute
447 1982 670 2061 praecipimus,
685 1981 849 2058 quatenus
864 1978 1004 2048 litteras,
1018 1992 1100 2054 quas
1157 1980 1369 2055 praelatorum
1384 1979 1534 2042 ecclesiae
1548 1995 1568 2041 a
1581 1980 1805 2056 malignorum
1820 1979 1947 2056 inquie-
1993 2007 1994 2042 1

309 2095 370 2158 pro
383 2081 443 2141 eis
464 2080 651 2155 dirigimus,
688 2079 759 2139 sive
780 2075 953 2152 generales
977 2074 1101 2136 inerint
1154 2077 1280 2139 tatione
1308 2079 1428 2139 securi.
1448 2079 1619 2139 Monemus
1645 2078 1758 2155 itaque
1781 2077 1946 2139 universi·
1993 2091 1994 2096 ¹

309 2178 380 2239 sive
394 2178 495 2239 etiam
510 2177 683 2253 speciales,
699 2174 870 2252 recipiatis
884 2171 1056 2234 humiliter
1068 2172 1101 2235 et
1153 2174 1254 2235 tatem
1263 2177 1408 2236 vestram
1421 2177 1518 2253 atque
1531 2175 1754 2252 praecipimus,
1768 2177 1943 2252 quatenns,
1993 2159 1994 2164 ’

310 2273 452 2335 fideliter
486 2274 673 2350 exponatis,
701 2271 867 2349 subjectos
898 2269 1027 2330 vestros
1057 2267 1099 2329 ad
1152 2271 1184 2332 si
1199 2272 1329 2348 qnando
1346 2272 1460 2334 clerici
1474 2274 1527 2334 vel
1543 2273 1621 2334 laici
1636 2272 1838 2350 parochiani
1850 2269 1945 2332 vestri

307 2371 536 2448 eleemosynas
551 2359 601 2432 'et
625 2369 787 2431 beneficia
821 2366 919 2429 solita
946 2365 1099 2426 sollicitis
1154 2368 1189 2428 in
1209 2367 1353 2445 aliquem
1372 2369 1606 2446 praedictorum
1625 2369 1765 2432 fratrum
1785 2367 1944 2446 capiendo

308 2468 447 2530 monitis
460 2469 493 2530 et
515 2465 802 2530 exhortationibus
822 2463 1016 2540 diligentius
1043 2463 1100 2523 in·
1154 2465 1206 2526 vel
1222 2465 1263 2527 de
1278 2467 1348 2526 suis
1372 2467 1569 2543 equitaturis
1592 2467 1778 2545 deJiciendo
1790 2469 1855 2528 aut
1868 2465 1944 2526 alias

177 2641 179 2646 ,
304 2563 478 2639 ducentes,
495 2564 615 2628 fratres
629 2563 740 2626 autern
762 2562 905 2637 benigne
929 2558 1100 2637 recipiatis
1155 2561 1329 2624 inhoneste
1355 2564 1527 2626 tractando
1548 2564 1713 2626 violentas
1735 2579 1859 2625 manus
1873 2562 1945 2641 inJi-

308 2663 342 2725 et
355 2663 494 2724 honeste
514 2661 665 2724 tractetis
687 2660 846 2722 attentius
869 2657 1048 2736 provisuri,
1064 2655 1100 2719 ut
1155 2660 1257 2732 ciunt,
1288 2660 1480 2737 huiusmodi
1518 2664 1786 2739 praesumptores,
1821 2659 1944 2722 sublato

307 2759 349 2820 de
361 2758 577 2836 parochianis
591 2757 712 2820 vestris
727 2756 780 2818 vel
795 2754 835 2816 de
850 2753 991 2816 subditis
1009 2753 1097 2825 aliis,
1154 2758 1387 2835 appellationis
1406 2758 1588 2832 obstaculo,
1611 2761 1763 2822 accensis
1786 2758 1942 2828 candelis,
1994 2743 1995 2798 ἶ

307 2856 337 2918 si
361 2856 530 2934 querelam
554 2854 742 2926 detulerint,
765 2853 855 2930 ipsos
876 2851 918 2913 ad
934 2850 1098 2912 exhiben—
1154 2855 1314 2918 dilatione
1342 2859 1375 2918 et
1398 2857 1572 2920 occasione
1597 2857 1790 2934 postposita,
1815 2871 1943 2918 excom·

305 2953 554 3031 damjustitiam
566 2953 655 3014 omni
666 2950 775 3029 gratia
785 2951 819 3012 et
831 2951 951 3012 timore
964 2949 1100 3026 postpo-
1154 2953 1339 3015 muricatos
1363 2952 1494 3030 publice
1515 2954 1676 3016 nuntietis
1697 2955 1730 3016 et
1753 2951 1943 3016 tamdiuia·

306 3050 379 3113 sitis
406 3052 567 3113 canonica
587 3049 765 3112 severitate
791 3047 929 3124 cogatis,
950 3047 996 3107 ita
1013 3045 1098 3122 qnod
1154 3051 1251 3113 ciatls
1265 3051 1799 3114 sicutexcommunicatosarclius
1814 3048 1939 3120 evitari,

303 3147 425 3208 fratres
439 3148 503 3223 ipsi
518 3163 562 3208 ex
575 3147 778 3222 negligentia
793 3145 904 3206 vestra
922 3141 1097 3203 adsedem
1154 3147 1258 3210 ‹lonec
1278 3163 1376 3223 passo
1395 3149 1551 3226 injuriam
1571 3164 1717 3225 congrue
1740 3147 1943 3211 satisfaciant

305 3244 609 3319 Apostolioamnon
630 3242 798 3314 laborent3
823 3240 938 3302 scituri
954 3239 1052 3315 quod,
1070 3239 1099 3298 si
1154 3246 1187 3305 et
1211 3260 1272 3320 pro
1300 3245 1519 3308 absolutionis
1546 3245 1708 3308 beneflcio
1736 3243 1941 3323 impetrando

305 3340 472 3417 praecepto
494 3339 607 3401 nostro
622 3336 902 3415 praesumpseritis
917 3335 1096 3407 contraire,
1152 3341 1343 3418 Apostolico
1358 3359 1394 3403 se
1410 3343 1601 3420 conspectui
1615 3343 1871 3420 repraesentent.
1885 3343 1941 3402 Eos
1995 3393 1996 3396 ,

306 3436 343 3497 in
364 3452 423 3498 vos
455 3437 541 3497 sicut
573 3434 803 3496 inobedientes
829 3431 1098 3494 animadvertere
1153 3453 1244 3510 vero,
1261 3440 1317 3516 qni
1341 3440 1376 3499 in
1402 3441 1578 3517 praedictos
1604 3439 1724 3502 fratres
1747 3455 1869 3501 manus
1885 3451 1942 3498 non
1995 3441 1996 3506 ἲ

305 3535 457 3596 severius
472 3532 720 3610 compellemur.
740 3531 859 3592 Datum
880 3529 1048 3601 Laterani,
1066 3530 1096 3589 il
1152 3534 1309 3611 injiciunt
1330 3536 1506 3608 violentas,
1530 3537 1587 3597 sed
1610 3552 1668 3597 eos
1694 3536 1805 3598 verbis
1830 3536 1942 3598 contu·

304 3631 372 3693 kal.
407 3631 578 3705 februarii,
615 3628 829 3708 pontificatus
869 3626 975 3688 nostri
1010 3641 1097 3688 anno
1153 3632 1301 3693 meliosis
1326 3631 1477 3694 afficiunt
1502 3635 1536 3695 et
1559 3634 1767 3711 equitaturas
1798 3635 1860 3696 aut
1882 3633 1942 3693 alia

305 3729 456 3806 septimo.
1152 3743 1266 3789 eorum
1288 3727 1374 3790 bona
1389 3729 1554 3790 violenter
1574 3728 1747 3806 diripiunt,
1764 3729 1793 3790 si
1816 3745 1838 3790 a
1853 3726 1940 3791 vobis

1152 3825 1344 3888 commoniti
1365 3825 1476 3888 ablata
1500 3825 1550 3886 eis
1573 3826 1752 3887 restituere
1778 3823 1942 3887 noluerint

1152 3924 1186 3984 et
1212 3921 1253 3984 de
1278 3922 1382 3985 illatis
1409 3922 1543 4001 injuriis
1577 3922 1842 3985 satisfactionem
1868 3937 1942 3984 con·

1152 4034 1268 4094 gruum
1290 4019 1461 4092 exhibere,
1483 4019 1618 4082 vinculo
1639 4020 1864 4082 anathematis
1888 4017 1941 4079 ad-

641 4065 764 4152 LXIX
1152 4117 1336 4191 stringens,
1353 4132 1418 4193 quo
1438 4118 1531 4194 ipsos
1552 4133 1658 4196 usque
1683 4119 1724 4179 ad
1747 4118 1941 4194 condignam

303 4221 356 4282 Ao
370 4218 652 4291 archiepiscopos,
665 4217 849 4289 episcopos,
864 4214 941 4283 etc,
957 4215 1097 4286 coquos
1153 4211 1414 4274 satisfactionem
1441 4215 1584 4276 teneatis
1612 4214 1800 4276 adstrictos.
1829 4216 1938 4277 Datum

467 4314 595 4376 litterar
610 4311 689 4372 istae
702 4309 937 4385 pervenerint.
1153 4309 1320 4380 Laterani,
1336 4311 1427 4371 XVII
1450 4310 1613 4372 kalendas
1639 4309 1811 4386 februarii,
1837 4307 1940 4391 ponti-

568 4424 602 4484 it
616 4422 740 4497 januarii
758 4421 854 4479 litt..
1152 4403 1270 4468 ficatns
1283 4406 1388 4467 nostri
1403 4421 1492 4469 anno
1504 4409 1655 4485 septimo.

361 4551 498 4620 [Strehlka
509 4549 613 4602 Tabula
626 4545 682 4598 ord.
695 4545 833 4602 Theuton„
845 4557 870 4608 p.
879 4541 935 4603 ³25,
945 4557 970 4593 n.
979 4541 1046 4608 sla]

305 4677 448 4736 Honorius
462 4669 703 4732 excommunicari
713 4669 803 4744 jubet,
815 4667 985 4740 quicumque
998 4665 1098 4724 fratres
1120 4665 1121 4672 ’

341 4763 448 4822 ordinis
464 4762 630 4819 Theutonici
649 4757 799 4832 capiendo,
816 4755 852 4814 de
865 4755 1032 4828 equitaturis
1047 4754 1096 4811 de·
1495 4726 1598 4814 LXX

337 4847 473 4924 jiciendo,
489 4848 561 4905 alias
582 4845 733 4903 inhoneste
751 4842 898 4902 tractando
917 4842 1096 4900 violaverint.
1199 4876 1251 4935 Ad
1269 4877 1479 4949 „2an3th
1502 4877 1536 4937 et
1555 4877 1690 4950 natm
1708 4879 1897 4952 Hospitalis

345 4981 512 5048 Honorius
523 4979 1015 5056 episcopus,servusservorum
1024 4975 1095 5048 Dei,
1304 4974 1338 5032 S·
1352 4974 1479 5034 Marica
1498 4975 1795 5036 theutonicorum.

304 5077 552 5148 venerabilibus
583 5073 742 5135 fratribus
773 5073 1033 5151 archiepiscopis
1066 5073 1098 5134 et
1418 5101 1579 5160 liebrnarii
1600 5103 1678 5162 itit.

305 5179 470 5260 episcopis
485 5175 518 5237 et
532 5171 663 5234 dilectis
678 5171 757 5230 liliis
771 5169 956 5236 abbatibus,
975 5170 1099 5246 priori-

304 5280 378 5351 bus,
399 5269 656 5339 archidiaconis,
682 5267 817 5329 decanis
836 5267 869 5327 et
891 5267 967 5327 aliis
990 5266 1099 5327 eccle-

306 5377 432 5439 siarum
452 5369 611 5449 praelatis,
632 5365 674 5427 ad
690 5379 772 5442 quos
787 5363 906 5424 litterae
920 5363 993 5425 istae
1016 5378 1097 5438 per.
1152 5344 1295 5402 Honorius
1315 5350 1393 5401 vetat
1411 5344 1513 5403 fratres
1527 5348 1717 5408 Theutonicos
1739 5349 1868 5408 ordinem
1882 5349 1938 5406 sine

305 5471 470 5541 venerint,
493 5465 683 5529 salutemet
702 5459 927 5538 apostolicam
941 5457 1098 5520 benedic-
1321 5433 1453 5506 magistri
1471 5433 1585 5494 licentia
1605 5437 1773 5510 relinquere.

306 5572 442 5634 tionem.
1191 5557 1358 5618 Honorius
1369 5557 1554 5635 episcopus,
1565 5575 1680 5623 servus
1689 5577 1860 5625 servorum
1871 5559 1934 5630 bei,

346 5665 425 5728 Paci
442 5665 475 5726 et
496 5662 600 5740 quieti
615 5658 847 5733 religiosorum
862 5653 1010 5714 virorum
1025 5651 1096 5713 ira-
1150 5653 1281 5716 dilectis
1297 5653 1376 5712 tiliis
1386 5656 1544 5729 magistro
1555 5659 1587 5718 et
1597 5657 1754 5720 fratribus
1763 5656 1935 5737 Hospitalis

1246 5221 1381 5286 [Strenua
1392 5223 1453 5276 ran.
1466 5225 1521 5275 ord.
1529 5225 1666 5288 Theuton.,
1680 5225 1736 5287 327,
1747 5241 1773 5278 n.
1784 5227 1852 5290 385]
