4104 6330
304 340 365 403 223
924 333 1101 400 HONORII
1122 337 1168 400 111
1189 339 1338 402 OPERA.

304 495 450 564 humiles
478 495 567 560 illios
593 509 637 558 311
657 497 799 560 assuetae
825 495 959 575 pietatis
985 495 1096 560 oldcio
1150 496 1197 559 ibl
1213 492 1377 561 offeiretis
1393 497 1532 560 Domino
1545 496 1753 572 holocausta,
1763 499 1797 562 et
1807 499 1893 562 alias
1903 503 1940 562 ad

296 584 506 674 ‘propensius
519 594 659 671 diligere
670 597 855 668 consuevit,
867 597 910 666 et,
928 611 970 657 13
980 610 1098 672 pravo·
1151 595 1299 657 divinum
1313 595 1509 673 obsequium
1533 596 1686 674 exemplo
1701 597 1813 659 vestro
1833 599 1941 660 trabe-

304 709 379 755 rnm
411 691 582 754 hominum
622 693 784 756 molestiis
818 691 997 768 agitentur,
1036 708 1095 754 eos
1150 693 1939 772 1313131113113113131Εο0133133,01131131

304 791 472 878 tamquam
485 791 540 868 pia
552 791 658 852 mater
673 807 741 852 suae
756 791 971 866 protectionis
981 790 1095 850 muni·
1150 791 1257 868 ipsam
1272 791 1365 852 nullo
1378 792 1487 852 medio
1502 792 1656 869 pertinet,
1673 793 1830 854 duximus
1845 795 1938 855 coris·

303 890 394 952 mine
423 889 610 950 contovere.
642 891 729 949 Sane
766 903 866 964 quum
892 886 1096 950 venerabilis
1150 888 1338 951 truendum.
1353 891 1477 951 Verum
1492 890 1762 968 quiapetiistisa
1783 890 1890 964 nobie,
1909 895 1941 955 nt

303 986 408 1048 frater
429 987 543 1047 noster
565 986 727 1047 Ostiensis
750 986 935 1062 episcopus,
963 986 1039 1046 dum
1061 986 1097 1046 in
1150 987 1262 1047 locum
1277 987 1385 1064 ipsum
1401 989 1433 1049 et
1448 1003 1610 1065 personas
1624 988 1670 1048 ibi
1683 989 1823 1050 Domino
1834 989 1940 1050 lamu-

304 1083 454 1162 partibus
468 1085 589 1144 vestris
604 1083 780 1160 legationis
805 1083 915 1144 osticio
946 1082 1100 1158 tungere-
1151 1083 1261 1145 lantes
1276 1087 1391 1146 contra
1406 1085 1627 1160 malignorum
1640 1086 1796 1148 incursus
1810 1089 1939 1164 protec-

303 1184 368 1254 tur,
386 1181 518 1243 anobili
533 1182 606 1243 viro
622 1181 730 1242 Glotto
742 1181 897 1242 Monaldo
910 1181 982 1244 cive
997 1183 1098 1240 Pern-
1151 1181 1251 1244 tionis
1267 1181 1575 1258 sedisapostolicae
1603 1183 1780 1260 privilegio
1799 1185 1943 1247 munire-
2027 1183 2028 1214 l

305 1279 380 1340 sino
402 1278 539 1340 fundum
559 1279 733 1356 quemdam
753 1277 788 1338 in
809 1278 895 1350 loco,
922 1278 979 1355 qui
1002 1292 1097 1338 mons
1151 1293 1274 1351 remus,
1288 1293 1348 1340 nos
1361 1280 1482 1342 vestris
1491 1281 1593 1356 justis
1606 1281 1760 1357 precibus
1777 1281 1939 1355 inclinati,

303 1375 426 1437 Lucius
437 1375 569 1448 dicitur,
579 1376 689 1452 injus,
701 1375 734 1436 et
743 1375 978 1453 proprietatem
988 1375 1098 1436 Eccle·
1152 1375 1274 1438 dictum
1300 1377 1549 1450 monasterium,
1579 1379 1667 1455 quod
1690 1379 1732 1440 ad
1762 1382 1939 1442 Romanam

303 1474 363 1534 siae
378 1475 549 1546 Romanae,
566 1473 665 1549 prout
682 1472 959 1534 mandaveramus
975 1471 1094 1543 eidem,
1151 1473 1334 1536 Ecclesiam
1354 1474 1446 1536 nullo
1461 1476 1605 1552 pertinet
1629 1475 1807 1549 mediante,
1827 1477 1939 1554 inquo

303 1570 417 1631 nostro
433 1571 567 1631 nomine
583 1569 775 1648 recepisset,
790 1571 823 1631 et
842 1570 878 1630 in
893 1569 1096 1632 monasterio

302 1661 1098 1745 13311011110013111010311311311111331131311-

303 1767 414 1842 gionis
429 1767 655 1841 augmentum,
681 1767 714 1828 et
741 1765 890 1828 favorem
912 1767 1016 1828 vestri
1041 1780 1097 1826 or·

303 1863 391 1924 dinis
406 1863 539 1925 duxerit
558 1863 744 1935 statuenda,
761 1879 834 1935 nos,
861 1864 981 1926 vestris
996 1863 1097 1940 justis

302 1958 581 2036 postulationibus
594 1960 790 2032 annuentes,
807 1960 892 2036 quod
917 1959 959 2022 ab
981 1959 1095 2022 eodem

303 2057 459 2133 episcopo
483 2056 607 2118 iactum
632 2059 693 2129 est,
720 2058 828 2118 ratum
869 2055 1031 2118 trabentes
1063 2057 1097 2118 et

302 2157 447 2230 gratum
464 2153 551 2215 lacta
567 2154 703 2216 obtentu
717 2154 890 2230 religionis
914 2156 1034 2216 vestrae
1054 2153 1095 2216 ab

304 2252 458 2329 episcopo
490 2253 628 2330 praelato
656 2252 790 2324 statuta,
816 2253 902 2315 sicut
932 2252 968 2314 in
990 2253 1095 2329 ipsius

302 2349 480 2427 privilegio
505 2350 706 2419 continetur,
731 2350 928 2412 anctoritate
952 2351 1096 2428 Aposto-

302 2447 370 2509 lica
384 2447 629 2520 confirmamus,
647 2449 679 2510 et
698 2449 872 2523 praesentis
894 2449 1011 2524 scripti
1029 2463 1094 2525 pa·-

302 2545 447 2607 trocinio
482 2546 734 2606 communimus.
780 2548 942 2606 Tenerem
983 2547 1095 2607 autem

303 2643 452 2720 eiusdem
468 2643 636 2720 privilegii
651 2643 692 2704 ad
706 2644 867 2719 majorem
890 2645 1046 2714 vestram,
1062 2644 1096 2705 et

302 2740 499 2802 monasterii
513 2741 688 2803 memorati
717 2741 892 2809 cautelam,
920 2741 1096 2818 praesenti-

303 2837 365 2899 bus
380 2838 502 2900 litteris
517 2837 558 2900 de
580 2837 682 2901 verbo
707 2839 749 2900 ad
771 2837 910 2901 verbum
939 2839 1095 2899 duximus

302 2935 527 3008 inserendum,
546 2936 602 3014 qui
617 2936 695 2998 talis
708 2938 769 3008 est,
785 2935 962 2999 videlicet:

342 3037 480 3110 «Ilugo,
497 3034 713 3096 miseratione
734 3034 848 3096 divina
876 3034 1039 3096 Ostiensis
1062 3036 1097 3098 et¹

300 3131 519 3194 velletrensis
534 3133 719 3210 episcopus,
730 3133 928 3208 Apostolicae
936 3133 1032 3218 ¹Sedis
1044 3133 1095 3192 le-

301 3229 410 3306 gatus,
428 3229 557 3292 dilectis
572 3230 607 3290 in
623 3231 753 3292 Christo
769 3230 900 3291 tiliabus
916 3229 1093 3294 abbatissae

301 3327 497 3388 monasterii
518 3328 647 3388 Sanctae
666 3328 782 3388 Mariae
801 3328 841 3389 de
858 3327 969 3390 Monte
991 3329 1093 3390 Lucio

297 3425 334 3487 in
350 3423 520 3486 Perusinae
546 3424 690 3486 civitatis
719 3425 878 3486 suburbio
901 3425 1090 3498 constitute,

300 3525 439 3600 ejusque
463 3521 632 3582 sororibus
648 3521 716 3583 tam
740 3522 971 3598 praesentibus,
995 3539 1093 3599 quam

300 3620 421 3682 tuturis
436 3619 628 3697 religiosam
654 3621 757 3681 vitam
774 3619 935 3697 protessis
952 3621 987 3682 in
1011 3635 1091 3698 per-

299 3719 482 3796 potuum.»

339 3816 600 3878 ‹Prudentibus
628 3817 826 3894 virginibus,
849 3833 922 3895 quae
947 3817 1007 3879 sub
1029 3818 1093 3879 ha-

298 3913 370 3975 bitu
398 3915 570 3990 religionis
604 3916 754 3976 accensis
792 3916 999 3993 lampadibus
1033 3931 1092 3992 per

296 4027 399 4088 opera
418 4012 603 4072 sanctitatis
626 4029 662 4073 se
682 4013 809 4089 jugiter
824 4014 1016 4091 praeparant
1031 4012 1092 4074 ob-

296 4108 387 4172 viam
411 4108 461 4168 ire
476 4124 610 4185 sponso,
627 4109 661 4171 et
683 4126 757 4171 cum
782 4111 854 4186 ipso
870 4110 912 4172 ad
939 4111 1091 4173 ooelestes

298 4207 433 4283 nuptias
447 4205 598 4279 introire,
622 4208 773 4268 nostrum
794 4207 951 4270 debemus
973 4209 1091 4286 praesi-

298 4305 390 4366 dium
404 4304 580 4381 impertiri,
598 4320 639 4366 ne
654 4304 738 4367 sorte
761 4307 939 4383 quulisbet
953 4308 1091 4369 temeri-

296 4403 376 4465 tatis
391 4403 546 4464 incursus
563 4405 622 4464 aut
635 4418 692 4464 eas
713 4419 732 4464 a
750 4405 920 4480 proposito
944 4405 1089 4478 revocet,

298 4501 356 4562 aut
367 4501 481 4574 robur,
498 4500 584 4578 quod
608 4499 705 4573 absit,
727 4517 831 4562 sacrae
846 4502 1021 4578 religionis
1035 4503 1091 4563 in-

299 4597 433 4674 fringat.
469 4600 686 4676 Quapropter,
722 4597 851 4660 dilectae
888 4600 924 4660 in
950 4599 1090 4662 Domino

298 4697 389 4772 tiliae,
412 4697 533 4757 vestris
560 4698 661 4773 justis
688 4696 969 4773 postulationibus
995 4701 1089 4774 grato

298 4794 534 4856 concurrentes
546 4809 697 4866 assensu,
711 4793 860 4867 fundum,
874 4811 971 4871 quem
986 4795 1090 4859 dilec-

298 4894 352 4954 tus
367 4891 455 4952 tilius
480 4890 607 4952 Glottus
631 4892 780 4953 Monaldi
797 4892 919 4954 nobilis
946 4895 1087 4955 Perusi-

1151 1571 1263 1634 divino
1279 1571 1360 1634 estis
1376 1571 1535 1650 obsequio
1555 1573 1764 1650 mancipate,
1783 1590 1859 1636 cum
1874 1589 1940 1652 per·

1151 1669 1242 1730 sonis
1253 1669 1286 1731 et
1298 1669 1451 1731 omnibus
1463 1670 1563 1732 rebus
1578 1671 1650 1732 suis
1665 1671 1725 1732 sub
1745 1671 1836 1734 beati
1853 1673 1939 1734 Petri

1151 1768 1358 1844 protectione
1367 1769 1579 1846 suscipimus,
1593 1771 1625 1832 et
1640 1771 1817 1847 praesentis
1826 1772 1938 1848 scripti

1150 1865 1327 1941 privilegio
1339 1866 1592 1938 communimus,
1605 1867 1639 1927 in
1652 1867 1768 1943 primis
1781 1867 1940 1944 siquidem

1152 1963 1344 2035 statuentes,
1371 1965 1407 2026 ut
1421 1964 1503 2025 ordo
1521 1965 1737 2037 monasticus,
1752 1967 1808 2043 qui
1824 1982 1940 2027 secun·

1150 2059 1228 2120 dum
1249 2063 1365 2133 Deum,
1392 2063 1426 2122 et
1454 2059 1543 2123 beati
1576 2062 1750 2124 Benedicti
1779 2063 1938 2139 regulam,
2027 2129 2028 2152 1

1150 2173 1249 2235 qnam
1262 2158 1475 2235 profitemini,
1492 2159 1527 2220 in
1546 2160 1663 2222 eodem
1683 2160 1756 2222 loeo
1774 2161 1939 2223 institutus
2027 2153 2028 2174 ¹

1150 2270 1223 2316 esse
1236 2255 1451 2330 dignoscitur,
1466 2258 1635 2333 perpetuis
1646 2257 1771 2319 ibidem
1783 2259 1940 2335 tempori-

1150 2352 1212 2413 bus
1225 2353 1464 2416 inviolabiliter
1472 2355 1676 2417 observetur.
1690 2357 1886 2417 Formulam
1896 2357 1940 2418 ni·

1150 2451 1419 2513 hilominusvitae
1434 2455 1565 2524 vestrae,
1578 2469 1676 2530 quam
1689 2469 1708 2514 a
1724 2453 1821 2514 nobis
1839 2454 1940 2514 bumi-
2027 2447 2028 2462 ³

1150 2546 1227 2610 liter
1241 2549 1426 2624 recepistis,
1440 2565 1516 2610 cum
1531 2549 1619 2610 beati
1634 2549 1804 2612 Benedicti
1824 2551 1939 2627 regula
2027 2547 2028 2620 s

1150 2646 1317 2722 perpetuis
1337 2645 1542 2723 temporibus
1571 2662 1708 2709 manere
1733 2648 1939 2709 decernimus
2027 2677 2028 2714 l

1149 2742 1333 2818 illibatam;
1363 2744 1472 2804 locum
1505 2745 1655 2807 vestrum
1688 2761 1762 2806 cnm
1791 2746 1939 2807 omnibus

1149 2845 1360 2922 pertinentiis
1375 2846 1457 2918 suis,
1471 2846 1504 2907 et
1514 2847 1636 2918 omnia,
1654 2863 1727 2924 qnae
1738 2849 1828 2923 Juste
1841 2849 1876 2910 et
1886 2863 1939 2910 oa-

1150 2943 1270 3006 nonice
1283 2943 1472 3019 possidetis,
1485 2944 1590 3016 vobis,
1601 2945 1635 3006 et
1647 2959 1706 3021 per
1717 2959 1776 3006 vos
1789 2945 1856 3019 bis,
1869 2961 1939 3023 qum

1150 3039 1244 3102 vobis
1259 3039 1418 3102 canonice
1438 3041 1671 3112 successerint,
1693 3041 1935 3102 confirmantes.
2027 3031 2028 3108 Ῐ

1148 3139 1176 3198 Α
1199 3137 1414 3214 praestatione
1438 3153 1519 3199 vero
1548 3138 1751 3201 decimarum
1777 3139 1938 3200 clausurae
2027 3129 2028 3140 ‘

1148 3236 1279 3306 uestrae,
1295 3236 1328 3296 et
1338 3235 1380 3295 de
1394 3235 1567 3296 hortorum
1588 3235 1760 3308 fructibus,
1776 3235 1809 3299 et
1826 3251 1940 3314 pomo-
2027 3257 2028 3306 1

1148 3345 1223 3392 rum
1237 3347 1297 3394 vos
1319 3345 1393 3394 esse
1414 3331 1624 3394 decernimus
1650 3334 1850 3398 auctoritate
1877 3350 1937 3411 pa·

1148 3429 1236 3504 ginae
1261 3431 1437 3506 praesentis
1463 3430 1639 3492 immunes.
1656 3434 1721 3492 Pro
1745 3431 1798 3492 bis
1812 3435 1933 3503 autam,
2027 3433 2028 3504 j

1149 3528 1182 3588 et
1195 3528 1283 3599 aliis,
1301 3528 1336 3588 in
1351 3528 1471 3604 quibus
1484 3528 1626 3590 ecclesia
1639 3529 1752 3590 vestra
1764 3529 1840 3604 lege
1855 3531 1936 3592 dioe-

1148 3617 1269 3686 cesana
1278 3623 1390 3686 forsan
1403 3626 1574 3686 Perusinae
1589 3625 1741 3688 ecclesiae
1755 3628 1934 3698 teneretur,
2027 3617 2028 3686 l

1147 3735 1247 3783 unam
1262 3722 1382 3784 libram
1398 3737 1483 3784 cerm
1506 3723 1646 3796 tantum,
1670 3725 1704 3784 et
1717 3739 1783 3784 non
1798 3725 1890 3786 aliud
1905 3725 1937 3786 in
2027 3727 2028 3784 l

1147 3819 1230 3882 lesio
1250 3820 1496 3897 Assumptionis
1518 3821 1679 3882 Gloriosae
1699 3821 1850 3896 Virginis
1872 3827 1938 3884 An·
2027 3807 2028 3892 f

1146 3919 1242 3995 gusto
1257 3919 1422 3980 Perusino
1435 3919 1591 3995 episcopo
1601 3919 1700 3980 annis
1716 3919 1859 3995 singulis
1869 3935 1938 3998 per·
2027 3917 2028 3998 j

1146 4016 1330 4078 solvetis.»
2027 4063 2028 4086 ,

1185 4132 1205 4175 s
1229 4115 1343 4178 Liceat
1363 4130 1493 4192 qnoque
1514 4114 1608 4178 vobis
1631 4116 1788 4178 mulieres
1801 4117 1934 4188 liberas,
2027 4117 2028 4202 ἦ

1146 4215 1178 4274 et
1192 4211 1393 4273 absolutase
1412 4213 1534 4274 saeculo
1554 4213 1718 4289 fugientes
1736 4213 1778 4274 ad
1798 4229 1937 4277 conver-

1146 4310 1273 4370 sionem
1295 4309 1330 4368 11
1349 4309 1492 4371 30013313
1506 4309 1619 4372 vestra
1637 4311 1800 4387 recipere,
1825 4314 1859 4374 et
1882 4327 1937 4372 eas

1146 4407 1219 4467 sine
1256 4407 1523 4468 contradictione
1566 4406 1744 4485 cujuslibet
1780 4409 1935 4470 retinere.

1145 4503 1364 4568 Prohibemus
1391 4504 1502 4577 eiiam,
1525 4506 1561 4566 ut
1585 4505 1671 4566 nulli
1695 4520 1848 4566 sororum
1862 4521 1937 4567 res-

1144 4603 1271 4664 trarum
1287 4603 1361 4679 post
1380 4601 1500 4663 lactem
1517 4603 1553 4662 in
1572 4602 1715 4664 ecclesia
1734 4604 1937 4680 133113110-

1144 4699 1322 4762 fessionem
1341 4699 1392 4760 fas
1406 4699 1450 4760 sit
1462 4699 1504 4759 dc
1523 4699 1639 4761 eodem
1652 4700 1726 4762 loco
1749 4701 1935 4771 discedere,

1144 4813 1203 4859 seu
1218 4797 1399 4860 claustrum
1415 4797 1561 4858 vestrum
1582 4799 1697 4871 exire;
1714 4797 1934 4860 discedentem

1143 4909 1223 4956 vero
1252 4895 1376 4971 absque
1398 4897 1622 4956 communium
1648 4895 1835 4957 litterarum
1861 4911 1936 4956 ves-

297 5007 360 5052 nus
376 4993 408 5051 et
423 4987 505 5050 civis
523 4987 666 5050 habebat
680 4989 715 5049 in
732 4997 842 5052 monte
855 4992 957 5053 Lucio
972 4993 1007 5053 in
1023 4996 1089 5054 Pe·
1143 4993 1271 5054 irarum
1297 4992 1452 5054 cautione
1475 4992 1587 5052 nullus
1622 4991 1744 5054 audeat
1778 4993 1933 5054 retinere.
2027 5013 2028 5032 1

297 5089 423 5152 rusinae
445 5087 590 5148 civitatis
625 5086 795 5161 suburbio,
826 5087 923 5174 nobis
954 5091 1089 5154 nomine
1143 5091 1213 5151 Nec
1223 5090 1323 5151 liceat
1335 5089 1412 5150 aliis
1429 5089 1582 5166 personis
1604 5089 1735 5166 ingredi
1755 5089 1935 5151 claustrum
2027 5091 2028 5094 ’

297 5190 456 5251 Romanae
484 5184 642 5248 Ecclesiae
670 5185 710 5245 ab
735 5201 773 5246 3ο
797 5186 853 5262 pia
888 5187 1089 5250 liberalitate
1142 5189 1290 5250 vestrum
1312 5189 1435 5262 praeter
1451 5187 1539 5259 illas,
1564 5185 1604 5248 de
1629 5186 1748 5263 quibus
1766 5186 1934 5249 licentiam

297 5285 467 5354 collatum,
497 5283 537 5344 de
565 5297 706 5343 assensu
739 5283 942 5346 venerabilis
975 5285 1088 5349 fratris
1143 5285 1328 5346 habueritis
1364 5284 1554 5361 specialem.
1592 5285 1825 5346 Dedicationes
1855 5297 1933 5345 vero

295 5383 401 5446 nostri
418 5381 572 5443 Perusini
587 5379 734 5460 episcopi
748 5381 783 5442 in
794 5385 850 5459 jus
861 5385 894 5445 et
908 5385 1089 5460 proprieta-
1143 5382 1365 5444 ecclesiarum
1382 5383 1581 5454 uestrarum,
1598 5382 1868 5444 consecrationes
1879 5383 1933 5442 al-

296 5483 363 5545 tem
375 5479 464 5541 beati
480 5479 570 5540 Petri
583 5479 616 5542 et
629 5479 786 5542 Ecclesiae
799 5481 957 5542 Romanae
973 5495 1089 5543 susce-
1142 5480 1276 5551 tarium,
1310 5480 1345 5541 et
1370 5479 1598 5542 ordinationes
1630 5479 1839 5550 clericorum,
1877 5479 1933 5556 qni

296 5579 424 5656 pimus;
439 5575 494 5637 ubi
510 5577 750 5638 monasterium
766 5577 806 5657 ad
827 5576 988 5638 honorem
1015 5579 1085 5652 Dei,
1142 5577 1266 5639 fuerint
1291 5577 1332 5638 ad
1364 5589 1478 5638 sacros
1503 5577 1637 5637 ordines
1659 5575 1873 5653 provomendi
1902 5579 1934 5637 et

295 5679 327 5740 et
341 5674 489 5750 Virginis
502 5675 656 5750 gloriosae
674 5674 852 5736 Genitriois
869 5676 952 5752 eius,
977 5678 1014 5738 ut
1028 5693 1087 5738 vos
1142 5677 1210 5739 alia
1225 5675 1451 5738 ecelesiastica
1476 5675 1684 5736 sacramenta
1703 5689 1723 5736 a
1748 5675 1933 5738 dioecesano
