4080 6328
328 339 390 401 855

330 515 439 578 agros,
465 499 594 572 vineas,
612 499 971 580 prata,'possessiones,
990 520 1127 566 nemora

330 598 363 659 et
374 596 522 658 redditus
535 613 555 658 0
569 597 736 660 nobilibus
751 600 834 660 viris
848 603 888 661 H.
910 602 949 662 de
963 603 1127 678 Lamgen-

329 693 408 756 berc
423 695 456 756 et
477 697 510 754 C.
532 694 572 756 de
593 697 762 756 Grutheirn
780 698 812 759 et
830 714 945 759 eorum
962 700 1128 760 111110000-

331 793 479 852 nasterio
501 794 611 854 vestro
634 795 689 870 pia
714 795 916 857 liberalitate
931 798 1069 858 collatas
1089 813 1127 858 ac

331 889 399 950 alia
418 889 505 950 bona
524 895 646 960 vestra,
666 893 752 953 sicut
772 909 811 954 ea
828 895 938 954 omnia
947 896 1049 970 juste,
1071 911 1128 955 ca-

331 987 450 1047 nonice
472 1002 511 1046 ac
537 989 674 1064 pacifice
699 991 888 1064 possidetis
908 992 1002 1053 vobis
1018 995 1051 1053 et
1071 1007 1129 1068 per

332 1100 391 1145 vos
418 1084 524 1145 eidem
553 1088 757 1148 monasterio
791 1090 902 1149 vestro
930 1090 1128 1151 anctoritate

318 1181 523 1257 ,Apostolica
535 1183 769 1246 confirmamus
784 1173 1003 1263 et'praesentis
1013 1187 1129 1262 scripti

314 1337 318 1344 .
334 1279 517 1354 patrocinio
528 1283 782 1342 communimus,
794 1282 886 1344 Nulli
900 1299 980 1360 ergo
994 1284 1128 1344 omnino

334 1375 505 1436 hominum
523 1377 623 1438 lineat
639 1378 725 1440 hanc
741 1381 897 1456 paginam
914 1383 1035 1442 nostrae
1053 1397 1130 1458 pro-

333 1473 487 1534 tectionis
500 1475 532 1534 et
547 1476 810 1538 confirmationis
824 1478 1017 1553 inIrIngere,
1030 1479 1082 1539 vel
1099 1478 1129 1538 ei

333 1586 418 1630 ausu
446 1573 624 1633 temerario
649 1575 826 1635 contraire.
854 1576 888 1636 Si
915 1577 989 1652 quis
1019 1577 1129 1636 autem

334 1669 397 1727 boc
413 1667 575 1730 attentare
597 1674 846 1748 praesumpserit
865 1673 1130 1747 indignationem

335 1766 568 1840 omnipotentis
582 1769 641 1829 Dei
654 1770 686 1830 et
694 1768 865 1831 beatorum
881 1771 971 1830 Petri
987 1773 1019 1830 et
1032 1769 1130 1830 Pauli

334 1862 561 1937 apostolorum
585 1869 656 1941 ejus
683 1883 718 1926 se
745 1867 876 1929 noverit
902 1869 1128 1928 incursurum.

335 1961 454 2019 Datum
472 1961 603 2034 Tibure,
619 1966 678 2024 XV
693 1964 854 2026 kalendas
875 1966 974 2042 J'unii,
993 1965 1129 2042 pontifi-

336 2058 429 2118 catus
444 2059 551 2119 nostri
567 2075 654 2120 anno
670 2076 769 2120 none.

674 2321 790 2407 CLXI

385 2472 436 2530 Act
450 2473 632 2532 universos
646 2475 820 2546 eptscopos
832 2476 932 2548 regni
947 2471 1082 2533 scottae.

632 2601 665 2658 19
678 2603 744 2658 maii
763 2602 841 2660 1215.

555 2725 685 2787 [wilkins.
699 2725 804 2784 Concil,
816 2726 835 2785 1,
847 2725 914 2790 aba]

340 2849 390 2906 Eis
404 2849 567 2920 mandatut,
580 2866 645 2907 cum
660 2851 910 2924 metropolitanum
922 2865 979 2907 non
997 2848 1130 2916 habeam,

374 2939 548 3011 provinciale
563 2941 713 2996 concilium
729 2941 897 2997 auctoritate
907 2939 1070 3012 Apostolicn
1082 2952 1129 2994 ce·

372 3026 492 3085 lebrent.

377 3155 543 3215 Honorius
554 3156 739 3231 episcopus,
749 3171 865 3214 servus
877 3169 1046 3214 servorum
1059 3153 1129 3224 Dei,

337 3251 584 3314 venerabilibus
606 3251 764 3312 fratribus
780 3251 945 3311 universis
966 3251 1131 3326 episcopis

338 3350 433 3424 regni
450 3349 580 3416 Scotiae,
597 3348 736 3408 salntem
748 3350 781 3410 et
792 3347 1015 3424 Apostolicam
1026 3347 1131 3408 bene-

339 3445 527 3508 dictionem.

378 3544 515 3616 Quidam
542 3544 688 3605 vestrum
715 3559 820 3619 nuper
848 3542 985 3603 auribus
1010 3542 1132 3602 nostris

338 3642 586 3712 Intimavernnt,
603 3641 780 3718 quodcum
800 3656 867 3700 non
887 3639 1053 3700 haberetis
1072 3655 1132 3700 ar·

338 3739 596 3816 chiepIscopum,
628 3741 722 3816 cnjus
763 3738 960 3799 auctoritate
998 3737 1133 3814 00001110

339 3837 516 3897 concilium
542 3836 746 3912 provinciale
771 3835 952 3908 celebrare,
972 3835 1133 3910 contingit

338 3934 373 3994 in
384 3950 486 4008 regno
503 3935 635 4006 scotiae,
648 3933 731 4010 quod
746 3934 829 3994 esta
846 3933 929 3994 Sede
942 3932 1131 4008 Apostolioa

340 4032 406 4093 tam
433 4032 607 4102 remotum,
629 4032 752 4092 statuta
772 4031 898 4106 negligi
914 4030 1054 4090 Concilii
1070 4045 1132 4104 ge·

340 4128 475 4200 noratis,
491 4133 523 4190 et
538 4128 689 4188 enormia
709 4129 852 4205 plurima
870 4127 1041 4199 committi,
1059 4143 1132 4203 quae

338 4227 513 4288 remanent
528 4226 700 4300 impunita.
718 4227 797 4285 Cum
814 4228 924 4286 autem
943 4224 1134 4302 provincia-

339 4324 384 4385 lia
409 4324 551 4385 concilia
572 4323 679 4384 omitti
702 4339 768 4383 non
789 4321 941 4394 debeant,
958 4322 993 4382 in
1014 4321 1133 4398 quibus

233 4427 237 4452 '
339 4423 379 4483 de
392 4421 599 4497 corrigendis
613 4421 806 4482 excessibus
820 4421 852 4481 et
862 4419 1009 4481 moribus
1021 4419 1132 4481 refor-

340 4520 469 4581 mandis
485 4520 626 4594 diligens
638 4521 689 4581 est
703 4518 911 4580 adhibendus
926 4534 998 4578 cnm
1015 4519 1074 4578 Dei
1089 4517 1134 4578 ti-

339 4634 431 4679 more
445 4619 617 4690 tractatus,
635 4633 674 4678 ac
689 4617 859 4677 canonicae
876 4616 953 4676 sunt
975 4615 1132 4690 relegen-

343 4715 393 4776 100
416 4715 541 4790 regulae
570 4731 609 4776 ac
636 4714 884 4786 conservandae,
902 4713 1046 4774 maxime
1061 4729 1134 4789 quae

339 4815 374 4873 in
390 4813 505 4874 eodem
527 4813 675 4888 generali
700 4812 848 4873 Concilio
878 4815 955 4872 sunt
984 4811 1131 4886 statntae3

340 4926 399 4988 per
423 4911 612 4987 1000101100
643 4909 736 4970 vobis
767 4909 891 4986 scripta
926 4909 1132 4979 mandamus,

341 5012 515 5086 quatenns,
529 5024 628 5083 qutun
644 5006 935 5083 metropolitanum
947 5005 1134 5067 noscamini

252 5093 256 5101 ’
339 5123 406 5168 non
428 5105 564 5177 habere,
582 5104 779 5165 auctoritate
800 5105 913 5165 nostra
929 5104 1134 5180 provinciale

340 5203 522 5267 Concilium
539 5201 725 5264 celebretis.
756 5202 874 5263 Datum
895 5201 981 5276 apud
1000 5201 1132 5273 Tibure,

338 5301 414 5360 XIV
431 5298 564 5360 kalend.
575 5297 675 5374 junii,
691 5295 902 5372 pontificatus
925 5296 1031 5356 nostri
1047 5311 1134 5356 anno

342 5411 441 5456 nono.

952 344 1128 408 HONORII
1152 347 1204 408 111‘
1219 349 1366 410 OPERA.

1512 521 1648 608 CLXII

1297 705 1300 710 ,
1317 672 1368 730 Ad
1383 672 1577 744 episcopum
1590 672 1864 734 pestanensem.-

1477 802 1512 858 20
1524 802 1591 858 mail
1608 803 1686 859 1225.
2010 869 2011 872 1

1200 922 1318 985 [Regost.‚
1329 923 1373 972 lib.
1386 924 1429 984 IX,
1446 923 1588 988 spissata.
1604 926 1660 974 blss.
1675 925 1711 974 Le
1726 926 1802 976 Porta
1820 925 1942 992 10110011]

1184 1045 1262 1101 Facit
1282 1046 1308 1102 ei
1325 1053 1495 1118 potestatem
1511 1047 1648 1105 beneficia
1665 1049 1794 1120 quadarn
1818 1049 1956 1122 prebendis

1420 1136 1549 1192 ecclesis
1565 1136 1745 1197 annectendi.

1224 1252 1401 1320 Honorius,
1426 1251 1500 1324 etc,
1522 1253 1705 1314 venerabili
1734 1253 1864 1316 fratri...
1883 1257 1956 1332 epis·
2010 1251 2011 1316 Ῐ

1184 1363 1265 1423 copo
1295 1349 1494 1421 Pictavensi,
1526 1350 1665 1411 salutem
1692 1353 1726 1412 et
1754 1353 1954 1428 Apostolicam
2010 1337 2011 1352 ³

1184 1445 1458 1508 benedictionem.
2010 1433 2011 1438 ἵ

1225 1546 1274 1603 Ex
1289 1544 1382 1620 parte
1395 1545 1452 1606 tua
1468 1546 1629 1607 innostra
1647 1545 1709 1608 fuit
1724 1549 1897 1622 praesentia
1910 1563 1955 1608 re-

1185 1641 1333 1712 citatum,
1349 1642 1435 1718 quod
1455 1659 1529 1702 cnm
1551 1643 1803 1719 praebendarum
1826 1645 1955 1705 ecclesiae

1186 1740 1250 1798 tuae
1268 1740 1447 1814 proventus
1463 1739 1539 1801 sunt
1553 1742 1681 1812 tenues,
1697 1743 1730 1801 et
1744 1742 1860 1810 exiles,
1874 1757 1958 1801 cano-

1185 1836 1252 1895 nici
1275 1835 1420 1911 ejusdem
1443 1837 1592 1898 ecclesiae
1616 1855 1683 1899 non
1699 1840 1837 1915 possunt
1857 1855 1896 1898 ex
1918 1841 1957 1898 eis

1186 1933 1356 1994 commode
1377 1934 1568 2006 sustentari,
1585 1951 1624 1995 ac
1648 1951 1707 2011 per
1733 1935 1797 1996 hoc
1825 1935 1956 1995 nonnulli

1186 2045 1299 2090 eorum
1309 2033 1471 2105 coguntur
1480 2047 1538 2107 pro
1548 2032 1746 2092 necessariis
1756 2033 1796 2092 ad
1810 2033 1957 2092 10100011-

1185 2131 1314 2190 vertere
1329 2129 1600 2206 propinquorum,
1610 2131 1642 2191 et
1655 2129 1806 2191 absentia
1824 2129 1954 2210 {eornm}

1186 2225 1272 2286 dicta
1289 2225 1429 2285 ecclesia
1452 2225 1609 2302 obsequio
1625 2225 1733 2288 debito
1750 2227 1956 2288 defraudatur.
2010 2293 2011 2302 1

1187 2325 1294 2394 Quare
1307 2324 1373 2383 tarn
1390 2323 1584 2398 suppliciter
1598 2340 1695 2400 quam
1711 2324 1881 2386 humiliter
1893 2341 1957 2400 pos·
2010 2313 2011 2380 j

1186 2420 1309 2492 tutasti,
1330 2421 1365 2480 ut
1385 2420 1516 2482 salubre
1532 2437 1632 2497 super
1650 2422 1711 2482 hoc
1728 2422 1898 2482 consilinm
1914 2438 1959 2498 ap
2010 2469 2011 2472 ,

1187 2533 1309 2594 ponere
1331 2517 1554 2592 dignaremur.
1579 2519 1647 2578 Nos
1670 2519 1779 2578 autem
1801 2519 1901 2579 eidem
1918 2535 1959 2578 ec

1187 2614 1296 2675 clesiae
1331 2616 1469 2690 paterno
1503 2615 1739 2691 compatientes
1777 2615 1959 2686 0110010,οῑ

1186 2712 1247 2772 tibi
1273 2712 1373 2772 etiam
1403 2713 1544 2788 gratiam
1571 2712 1680 2773 lacere
1704 2713 1887 2789 captantes,
1909 2712 1960 2771 ira·
2010 2743 2011 2750 ,

1187 2810 1352 2871 ternitatis
1381 2810 1446 2871 tuae
1474 2793 1626 2871 Inclinati
1652 2809 1805 2886 precibus
1839 2825 1960 2886 praesen·
2010 2851 2011 2858 ,

1186 2907 1269 2969 tium
1300 2909 1497 2969 auctoritate
1533 2906 1756 2980 concedimus,
1794 2911 1830 2970 ut
1863 2908 1888 2967 si
1914 2923 1959 2966 nr-
2010 2985 2011 2988 1

1187 3021 1270 3081 gens
1297 3006 1491 3080 necessitas,
1516 3004 1568 3066 vel
1589 3006 1725 3066 evidens
1755 3005 1878 3067 utilitas
1901 3004 1960 3064 esi·
2010 3077 2011 3086 1

1187 3105 1243 3177 gat
1262 3103 1456 3180 praebendas
1474 3103 1579 3178 ipsius
1599 3103 1751 3164 ecclesiae
1767 3102 1808 3163 de
1828 3103 1897 3162 aliis
1911 3101 1961 3161 be·

1188 3201 1315 3263 neflciis
1341 3201 1557 3261 annectendis
1586 3201 1710 3260 eisdem
1740 3217 1815 3261 cum
1844 3198 1961 3275 capituli
2010 3259 2011 3284 1

1187 3301 1236 3362 101
1251 3299 1392 3360 00001110
1404 3298 1527 3368 valeas
1543 3297 1628 3358 sicut
1642 3297 1841 3358 discretione
1855 3297 1960 3372 praeria

1188 3397 1344 3474 expedire
1354 3397 1479 3457 videris
1493 3396 1719 3470 augmentare,
1737 3395 1785 3456 ita
1799 3397 1831 3457 te
1847 3396 1877 3454 in
1890 3395 1960 3453 Iacto
2010 3367 2011 3406 ¹

1188 3495 1378 3572 hujusmodi
1399 3492 1586 3565 babilurns,
1605 3495 1640 3553 ut
1664 3508 1730 3552 non
1751 3495 1875 3553 tantum
1899 3506 1963 3568 pro-

1189 3593 1302 3654 videre
1324 3591 1486 3668 personis
1509 3590 1667 3666 qnantum
1691 3590 1800 3666 ipsius
1831 3588 1961 3650 ecclesie

1188 3690 1325 3752 utilitati
1351 3688 1525 3750 consulere
1551 3687 1686 3748 videris.
1712 3689 1831 3748 Datum
1847 3685 1960 3754 TiLnre,

1188 3790 1264 3848 XIII
1280 3787 1440 3848 kalendas
1452 3785 1551 3864 junii,
1565 3800 1653 3846 anno
1668 3800 1768 3846 nono.

1506 4035 1665 4123 CLXIII

1320 4190 1372 4249 Ad
1384 4191 1580 4263 episcopum
1595 4187 1847 4250 Pictuocuscm.

1477 4319 1512 4376 20
1526 4319 1594 4375 maii
1608 4319 1686 4375 1225.

1220 4443 1341 4508 [Regost.,
1356 4443 1400 4493 lib.
1408 4443 1451 4502 IX,
1461 4443 1534 4506 epist.
1545 4442 1666 4492 3331100.
1679 4443 1715 4494 La
1726 4443 1803 4493 Porto
1812 4443 1846 4492 du
1856 4442 1938 4501 Tbeil]

2010 4443 2011 4470 1

1189 4561 1267 4618 Facit
1282 4562 1308 4618 ei
1319 4566 1489 4633 potestatam
1505 4559 1670 4616 sacerdotes
1686 4559 1835 4632 quosdam,
1852 4557 1964 4617 11000010

2010 4709 2011 4752 1

1253 4649 1339 4706 00100
1356 4649 1451 4706 000010
1470 4647 1601 4705 civilibus
1616 4647 1744 4705 dicendis
1758 4647 1913 4705 cohibendi.

1229 4771 1961 4852 HonorIusepiscopus,servasservornmbei
2010 4767 2011 4842 1

1188 4873 1371 4934 venerabili
1387 4871 1522 4933 fratri...
1540 4872 1695 4948 episcopo
1711 4871 1906 4937 pictavensi,
1917 4883 1962 4928 sa-
2010 4855 2011 4940 J

1189 4971 1288 5032 lntom
1304 4971 1335 5030 et
1346 4967 1568 5046 apostolicam
1583 4968 1858 5030 benedictionem.

1228 5067 1302 5126 Non
1321 5065 1415 5126 decet
1430 5057 1560 5136 Domini
1576 5063 1765 5124 sacerdotes
1781 5064 1881 5125 lucris
1897 5063 1964 5124 teni·
2010 5091 2011 5164 1

1189 5163 1359 5242 penalibus
1381 5179 1473 5224 more
1502 5160 1714 5224 saecularium
1734 5161 1877 5232 inhiare,
1895 5157 1963 5218 unde

1190 5261 1396 5324 sacerdotale
1434 5276 1554 5320 nomen
1586 5259 1809 5320 abominabile
1836 5257 1964 5320 redditur

1191 5359 1346 5422 cordibus
1375 5357 1595 5418 Infirmorum.
1624 5359 1674 5417 Ex
1699 5358 1756 5417 tua
1784 5374 1864 5418 sane
1889 5353 1963 5416 rela·
2010 5359 2011 5424 1

1189 5459 1280 5524 tione
1314 5456 1505 5528 didicImns,
1531 5455 1617 5532 quod
1645 5453 1800 5515 nonnulli
1838 5449 1963 5514 civitatis

1190 5558 1222 5619 et
1237 5555 1391 5616 dloecesis
1403 5555 1467 5615 tuae
1477 5551 1662 5630 presbyteri
1673 5549 1963 5630 passimqnaestibns
2010 5559 2011 5652 1

1190 5655 1368 5726 inhiantes,
1386 5652 1512 5714 calcata
1526 5649 1742 5712 sacerdotalis
1755 5649 1856 5712 oflicii
1870 5643 1961 5722 111101-
2010 5663 2011 5672 ¹
