3948 6326
885 345 1062 408 uouoau
1084 345 1130 406 111
1151 347 1299 408 ornas.
1840 354 1890 414 ese
1948 313 1949 316 Ὺ

574 508 761 597 GCXXIX

269 659 321 718 Ad
335 659 531 719 eorundum
546 661 741 734 cumeorum
756 662 1062 724 Httdesemcnsem.

560 799 594 856 23
610 799 677 856 maii
693 800 772 857 last.

417 921 578 985 [Sndendorl,
594 923 698 986 liegist„
713 925 744 982 tt,
759 923 813 983 tet,
825 939 850 973 n.
861 923 913 990 ru]

269 1047 304 1104 Ut
325 1045 477 1118 diligenter
502 1047 646 1106 examinet
670 1063 706 1106 an
727 1047 762 1106 ad
787 1048 994 1107 absolutionem
1018 1048 1063 1107 vel

303 1133 570 1192 condemnationem
600 1137 716 1194 Henrici
746 1136 888 1206 Minnilre,
920 1137 1062 1210 praepositi

303 1221 332 1280 S.
353 1225 448 1281 itariae
463 1224 492 1280 in
506 1224 645 1294 Gestaris,
662 1240 847 1298 processurus
861 1225 909 1283 sit.

308 1358 475 1418 Honorius
484 1359 670 1437 episcopus,
682 1375 798 1422 servus
809 1376 980 1422 servorum
990 1360 1062 1432 Dei,

267 1455 451 1516 venerabili
466 1455 560 1517 tratri
575 1457 730 1534 episcopo
744 1457 998 1530 Hildesamensi,
1015 1473 1065 1520 sa·

267 1551 368 1612 tutem
384 1556 417 1614 et
430 1553 653 1629 Apostolicam
667 1554 943 1618 benedictionem.

305 1651 357 1710 Ex
371 1649 465 1726 parte
485 1651 656 1728 praepositi
673 1655 706 1714 S.
723 1654 838 1715 Mariae
855 1653 889 1714 in
912 1653 1063 1716 GoslarIa

267 1745 330 1807 luit
344 1747 548 1824 propositum
564 1763 677 1810 coram
697 1749 806 1824 nobis,
822 1751 909 1828 quod
928 1743 979 1822 tu,
997 1767 1063 1811 no-

193 1839 198 1850 '
265 1843 414 1904 tactibus
442 1859 518 1905 eum
544 1845 741 1923 quibusdam
766 1848 896 1910 aemulls
923 1848 994 1908 suis
1023 1848 1064 1909 de

266 1938 424 2002 haeretica
444 1943 619 2018 pravitate,
646 1961 712 2004 nnn
738 1946 976 2016 examinatum,
1002 1959 1064 2006 nec

266 2038 465 2110 convictum,
500 2055 562 2100 nec
605 2041 806 2114 contessum,
843 2041 917 2118 capi
955 2041 1063 2103 fecisti

266 2135 418 2196 eumdem
435 2137 467 2198 et
482 2137 644 2198 carcerali
665 2139 793 2199 detines
809 2139 958 2200 custodia
973 2155 1064 2200 man·

266 2232 419 2308 cipetum.
442 2234 533 2295 Unde
548 2233 720 2296 humiliter
736 2235 916 2312 postulavit
931 2237 967 2297 ut
981 2251 1064 2297 exa-

266 2329 389 2390 minari
405 2330 514 2407 ipsum
535 2347 637 2408 super
655 2333 807 2394 articulis
827 2333 904 2394 fidei
924 2333 1064 2393 manda-

266 2441 389 2498 remus,
406 2429 449 2498 et,
469 2428 497 2487 si
510 2428 666 2492 inventus
682 2429 783 2491 luerit
807 2445 924 2507 sapere
947 2433 1062 2492 contra

267 2523 365 2584 tidem
381 2525 414 2586 et
428 2526 525 2600 juxta
542 2526 733 2588 mandatum
749 2527 906 2589 EcclesIae
929 2525 970 2588 ad
991 2530 1063 2605 ejus

267 2635 334 2682 non
354 2621 494 2684 rudiarii
510 2624 682 2694 unitatem,
699 2627 858 2702 perpetuo
878 2624 1062 2686 laceremus

266 2733 342 2778 eum
358 2721 487 2780 carceri
509 2720 673 2798 deputari.
696 2721 780 2793 Quia
795 2737 874 2783 vero
890 2721 1064 2797 indignum

266 2815 436 2888 exIsteret,
468 2819 563 2879 utet
597 2819 758 2880 innocens
785 2819 1001 2881 damnaretur
1031 2820 1064 2880 et

266 2928 365 2991 poena
384 2929 451 2974 non
473 2917 670 2990 sequeretur
688 2915 798 2978 debita
822 2916 899 2976 fidei
922 2931 1062 2993 perver-

264 3025 386 3082 sorem,
422 3012 625 3074 fraternitati
667 3013 733 3075 tuae
774 3029 835 3090 per
873 3013 1064 3090 Apostolica

266 3107 389 3184 scripta
401 3109 607 3182 mandamus,
620 3111 783 3186 quatenus
795 3110 970 3187 praeiatum
981 3127 1064 3186 prae-

267 3207 410 3281 positum
426 3206 467 3267 ad
492 3207 695 3268 venerabilis
717 3207 831 3270 fratris
853 3208 960 3270 nostri
980 3211 1065 3268 Por-

267 3301 395 3364 tuensis
422 3303 581 3381 episcopi,
609 3305 807 3380 Apostolicae
831 3305 925 3366 Sedis
949 3303 1061 3380 legati,

268 3399 323 3460 cui
336 3415 437 3476 super
451 3399 514 3462 boc
528 3401 704 3477 dirigimus
727 3403 850 3478 scripta
870 3405 984 3464 nostra
1003 3402 1064 3462 ad-

268 3496 370 3558 ducas
394 3499 620 3575 praesentiam,
647 3501 680 3560 et
706 3515 818 3560 coram
842 3515 892 3570 ee,
917 3498 1063 3577 praelatis

266 3593 440 3655 instructis
463 3595 499 3654 in
524 3611 620 3656 sacra
645 3595 767 3673 pagina
790 3596 830 3657 ad
852 3596 914 3657 boc
934 3595 1065 3672 specia-

268 3689 346 3752 liter
372 3693 573 3764 convocatio,
611 3693 784 3754 examines
819 3693 997 3770 diligenter
1022 3693 1063 3754 ad

267 3787 509 3850 absolutionem
534 3790 587 3852 vel
613 3790 920 3852 condemnationem
944 3789 1061 3866 ipsius,

269 3887 368 3963 prout
387 3886 568 3948 secundum
592 3889 695 3948 Deum
718 3889 751 3949 et
774 3887 967 3950 orthodoxae
988 3887 1063 3947 fidei

271 3984 449 4060 puritatem
466 3985 622 4061 expedire
637 3984 817 4054 videbitur,
833 4000 1060 4062 processurus.

270 4081 388 4141 Datum
411 4081 578 4154 Laterani,
598 4083 628 4142 X
651 4081 813 4144 kalendas
829 4082 929 4160 junii,
950 4081 1063 4160 ponti-

272 4176 390 4240 flcatus
407 4179 512 4240 nostri
528 4193 617 4240 anno
633 4180 761 4241 octavu.

586 4473 753 4562 CCXXX

272 4629 323 4696 Aa
337 4635 530 4696 Heartcam
542 4636 696 4698 abbatem
707 4632 1065 4694 monasterttb'mtcto·

311 4747 395 4792 rum
412 4731 513 4793 Petri
532 4733 566 4794 et
587 4734 691 4794 Pauli
712 4731 816 4806 aterve
839 4729 1001 4790 Maurtttt
1024 4731 1064 4790 dc

312 4829 477 4890 liberabat
516 4871 524 4888 .

562 4905 597 4962 tt
613 4905 679 4963 mail
696 4905 775 4962 last.

389 5035 567 5101 [Wnrdtweim
582 5036 653 5087 Nova
665 5036 786 5095 subsidia,
803 5037 872 5097 XIII,
884 5035 951 5101 tib]

272 5173 476 5232 blonaaterium
493 5171 541 5229 SS.
558 5171 633 5228 Petri
646 5179 674 5228 et
690 5171 769 5228 Pauli
784 5178 868 5243 atquo
881 5171 1004 5230 blauritii
1016 5185 1062 5228 so·

308 5262 475 5332 clarumque
490 5261 552 5333 ejus
571 5258 606 5316 de
628 5258 806 5327 Ebersbeim,
828 5259 913 5316 situm
938 5259 966 5314 in
989 5273 1065 5332 pago

306 5349 461 5418 Alsatiensi
473 5364 558 5422 super
573 5347 701 5418 liuvium,
717 5348 765 5420 qni
779 5347 881 5404 dicitur
893 5347 964 5416 Ylla,
981 5354 1062 5405 tuen·

309 5436 376 5494 dum
401 5437 518 5510 suscipit
547 5451 705 5510 omnesque
731 5436 793 5511 ejus
814 5437 1013 5509 possessiones
1032 5451 1066 5492 ac

308 5525 382 5582 bona
398 5525 557 5584 confirmat.

313 5651 479 5714 Honorius
488 5649 674 5730 episcopus,
686 5669 801 5714 servus
813 5667 983 5713 servorum
993 5649 1063 5720 Dei,

1119 501 1249 565 dilectis
1284 502 1364 566 lillis
1401 503 1545 566 Henrico
1580 503 1692 568 abbatl
1718 507 1889 572 monasterii
1949 507 1950 546 t

1120 603 1316 662 Sanctorum
1332 601 1423 664 Petri
1438 601 1471 663 et
1485 602 1582 662 Pauli
1596 603 1696 680 atque
1708 605 1848 668 Mauritii
1861 606 1890 668 de

1121 697 1324 770 Ebersbeim,
1342 701 1480 776 ejusque
1498 699 1658 762 iratribus
1677 703 1746 762 tam
1761 717 1889 778 praesen-

1118 794 1207 855 tibus
1232 811 1331 872 quam
1355 795 1477 857 tuturis
1500 796 1689 873 regularem
1708 798 1809 860 vitam
1829 815 1890 876 prn-
1950 803 1951 852 l

1119 889 1217 951 sessis
1233 892 1267 951 in
1283 893 1475 968 perpetuam
1491 894 1698 954 memoriam.

1158 989 1293 1060 Quoties
1309 988 1437 1050 anobis
1453 992 1586 1065 petitur,
1603 991 1689 1068 quod
1710 990 1858 1068 religioni
1866 995 1890 1056 et

1118 1083 1286 1148 honestati
1299 1086 1480 1148 convenire
1493 1086 1709 1163 dignoscitur,
1726 1087 1832 1150 animo
1843 1106 1890 1151 nos

1119 1181 1212 1244 decet
1232 1181 1348 1258 libenti
1363 1184 1555 1256 concedere,
1572 1185 1606 1246 et
1619 1185 1799 1260 petentium
1813 1185 1888 1246 desi-

1118 1263 1420 1356 derits'eougruam
1436 1281 1634 1356 suffragium
1651 1283 1822 1359 impertiri.
1836 1285 1890 1344 Ea·

1118 1378 1263 1454 propter,
1275 1377 1388 1439 dilecti
1398 1378 1435 1438 in
1445 1378 1585 1440 Domino
1595 1378 1667 1452 tilii,
1680 1380 1798 1441 vestris
1806 1381 1889 1456 justis
1952 1403 1953 1418 ¹

1118 1473 1397 1550 postulationibus
1436 1474 1616 1537 clementer
1650 1476 1833 1548 annuimus,
1863 1479 1890 1539 et

1119 1569 1292 1646 praelatum
1307 1571 1546 1633 monasterium
1563 1572 1759 1636 Sanctorum
1772 1574 1852 1634 Petri
1864 1576 1892 1636 et

1119 1667 1215 1728 Pauli
1230 1669 1329 1744 atque
1351 1669 1513 1742 Mauritii,
1530 1670 1762 1746 sociorumque
1776 1673 1840 1748 ejus
1857 1671 1891 1732 de

1119 1763 1323 1836 Ebersbeim,
1340 1765 1439 1827 situm
1455 1766 1589 1843 inpage
1602 1766 1792 1840 alsatiensi,
1806 1783 1891 1844 super

1119 1861 1257 1922 fiuvium
1284 1861 1341 1939 qui
1370 1861 1492 1924 dicitur
1519 1863 1608 1935 Ylla,
1642 1864 1678 1924 in
1707 1880 1772 1942 quo
1795 1863 1891 1926 divino

1119 1959 1300 2035 mancipati
1315 1958 1394 2020 estis
1414 1959 1584 2036 obsequio,
1602 1959 1643 2021 ad
1666 1959 1830 2036 exemplar
1847 1961 1891 2020 le-

1118 2055 1194 2116 licis
1219 2055 1462 2119 recordationIs
1491 2057 1586 2118 Lucii
1607 2071 1702 2134 papae
1726 2057 1893 2134 predeces-

1118 2153 1204 2214 soris
1220 2153 1336 2225 nnstri,
1361 2153 1421 2214 snb
1436 2153 1524 2215 beati
1549 2155 1640 2216 Petri
1653 2155 1689 2214 at
1706 2156 1813 2216 nostra
1828 2169 1893 2231 pro·

1118 2249 1260 2312 tectione
1288 2250 1499 2326 suscipimus,
1533 2251 1566 2312 et
1591 2251 1765 2328 praesentis
1794 2251 1893 2326 scripti

1118 2347 1293 2422 privilegio
1304 2348 1557 2420 communimus,
1572 2347 1734 2424 inprimis
1749 2347 1892 2424 siquidem

1118 2445 1310 2515 statuentes,
1335 2447 1371 2504 nt
1385 2445 1466 2504 ordo
1481 2445 1695 2516 monasticus,
1712 2444 1769 2522 qui
1789 2459 1892 2506 secun-

1118 2539 1195 2600 dum
1222 2541 1282 2602 Dei
1309 2541 1343 2604 et
1373 2541 1462 2603 beati
1495 2541 1667 2603 Benedicti
1702 2541 1844 2617 regulam
1864 2541 1893 2600 in

1118 2639 1233 2699 ecdem
1256 2639 1459 2700 monasterio
1481 2639 1654 2700 institutus
1678 2654 1753 2699 esse
1776 2638 1893 2712 dignos-

1119 2736 1215 2807 citur,
1232 2735 1400 2812 perpetuis
1415 2735 1537 2796 ibidem
1550 2735 1755 2812 temporibus
1768 2734 1893 2796 inviela-

1118 2831 1230 2896 biliter
1259 2832 1463 2894 observetur.
1492 2834 1659 2894 Praeterea
1688 2844 1892 2909 quascumque

1119 2929 1356 3006 possessiones,
1378 2945 1593 3007 quaecumque
1615 2929 1702 2990 bona
1726 2929 1812 2990 idem
1834 2943 1893 2987 mo-

1119 3027 1301 3088 nasterium
1320 3027 1356 3088 in
1377 3026 1631 3102 praesentiarum
1646 3029 1738 3104 juste
1757 3026 1790 3088 et
1808 3038 1893 3086 cano-

1119 3124 1193 3185 nice
1209 3122 1365 3200 possidet,
1392 3124 1505 3185 autin
1527 3123 1674 3184 futurum
1697 3122 1893 3185 concessione
1958 3181 1959 3196 ¹

1119 3220 1323 3297 pontificum,
1341 3220 1520 3297 largitione
1533 3236 1649 3296 regum
1663 3220 1696 3283 et
1710 3219 1890 3297 principum,

1119 3317 1286 3379 oblatione
1308 3317 1467 3389 fidelium,
1492 3331 1551 3378 seu
1573 3317 1650 3377 aliis
1669 3317 1769 3392 justis
1792 3313 1893 3383 modis,

1119 3416 1297 3492 praestante
1323 3415 1474 3486 Domino,
1498 3414 1619 3491 poterit
1638 3413 1790 3490 adipisci,
1814 3412 1893 3472 tlrma

1118 3511 1212 3573 vobis
1238 3511 1425 3588 vestrisque
1449 3511 1699 3572 successoribus
1726 3511 1760 3572 et
1783 3509 1893 3570 illibata

1119 3611 1345 3686 permaneant.
1362 3607 1532 3685 inquibus
1554 3608 1626 3670 haec
1648 3607 1792 3684 propriis
1811 3604 1894 3666 duri·

1119 3721 1192 3766 mus
1209 3705 1425 3782 exprimenda
1440 3704 1612 3766 vocabulis
1627 3727 1634 3764 :
1652 3706 1775 3766 Locum
1789 3704 1892 3780 ipsum,

1119 3803 1154 3863 in
1180 3818 1244 3879 quo
1273 3802 1446 3878 praelatum
1471 3802 1709 3864 monasterinm
1736 3801 1831 3862 situm
1854 3797 1894 3858 est

1119 3916 1193 3961 cum
1217 3898 1371 3960 omnibus
1394 3899 1605 3976 pertinentiis
1629 3899 1711 3960 suis.
1740 3901 1777 3959 In
1800 3897 1892 3964 Snlza,

1119 3999 1244 4058 curtem
1258 3998 1362 4072 portae
1377 4011 1451 4057 cum
1466 3995 1603 4058 decimis
1621 3993 1702 4067 suis,
1718 3996 1753 4058 et
1767 4011 1837 4056 cum
1847 3993 1894 4052 de-

1119 4094 1214 4156 cimis
1238 4093 1342 4155 curtis
1366 4093 1401 4154 in
1425 4093 1527 4169 agris,
1554 4093 1658 4168 pratIs
1681 4093 1713 4154 et
1732 4092 1844 4154 vineis
1864 4091 1893 4148 ln

1119 4190 1373 4267 Regenesbeim,
1390 4190 1537 4251 decimas
1552 4190 1693 4251 duorum
1706 4201 1892 4250 mansorum.

1120 4292 1157 4350 In
1172 4287 1463 4356 Gundolvesbeim
1479 4286 1641 4348 decimam
1655 4287 1801 4364 quinque
1815 4298 1894 4346 man·

1120 4402 1243 4448 sorum.
1260 4387 1298 4446 In
1312 4384 1484 4456 Bercbolz,
1501 4384 1664 4446 decimam
1680 4385 1780 4444 unius
1792 4383 1892 4444 vinca·

1121 4487 1157 4544 lu
1176 4481 1436 4552 Balderesheim‚
1453 4481 1488 4542 in
1503 4481 1724 4552 Battenheim‚
1746 4482 1781 4542 in
1796 4477 1892 4542 Rolis·

1119 4579 1300 4650 cbeslteim,
1322 4579 1356 4638 in
1369 4577 1581 4640 Bellenwilre
1599 4578 1755 4652 decImas,
1778 4591 1851 4654 quas
1865 4573 1893 4632 in

1119 4677 1168 4738 eis
1196 4675 1342 4748 habetis;
1368 4675 1529 4752 capellam
1556 4674 1654 4736 Cellae
1677 4691 1753 4736 cum
1777 4669 1893 4736 decimis

1119 4773 1236 4835 allodii
1257 4772 1320 4832 sui.
1338 4771 1506 4849 Capellam
1528 4772 1741 4845 Sarmenzbe,
1758 4787 1829 4834 cum
1847 4767 1894 4827 de-

1120 4871 1216 4932 cimis
1230 4869 1347 4931 allodit
1369 4869 1432 4930 sni.
1455 4871 1492 4930 In
1516 4868 1747 4945 Egenesbeim,
1769 4867 1893 4930 decimas

1120 4967 1219 5028 unius
1245 4967 1427 5028 Dominicae
1452 4967 1568 5028 curtis
1598 4968 1636 5026 ln
1666 4963 1891 5042 stgottesnein.

1120 5067 1246 5128 curtem
1272 5065 1478 5126 Dominicam
1502 5080 1577 5125 cum
1600 5062 1755 5126 omnibus
1783 5074 1892 5140 appea-

1120 5163 1216 5224 diciis
1229 5162 1310 5233 suis,
1325 5162 1443 5232 vincte,
1458 5160 1548 5237 agris
1564 5163 1597 5222 et
1611 5161 1728 5237 pratis,
1744 5162 1777 5222 et
1790 5159 1891 5224 banno,

1120 5262 1153 5322 at
1167 5259 1328 5336 capellam
1343 5259 1449 5335 ipsius
1468 5258 1571 5319 curtIs
1591 5273 1665 5319 cum
1685 5258 1834 5318 omnibus
1847 5253 1893 5312 de-

1120 5357 1215 5419 cimis
1233 5356 1350 5434 praedii
1370 5357 1421 5416 sui
1441 5357 1474 5417 et
1495 5369 1569 5416 cum
1587 5355 1724 5416 decimis
1740 5349 1892 5416 duodecim

1120 5469 1322 5525 mansorum,
1339 5453 1372 5516 et
1395 5454 1537 5514 aliorum
1557 5453 1698 5514 duorum
1718 5459 1892 5514 mansorum

1120 5551 1371 5628 argentinensIs
1386 5551 1547 5612 ecclesiae.
1572 5551 1608 5610 ln
1628 5549 1811 5619 Oleswilre,
1829 5557 1893 5606 cur·

1122 5651 1185 5710 tem
1201 5649 1406 5711 Dominicam
1426 5665 1499 5709 cum
1516 5647 1654 5708 decimIs
1669 5647 1774 5724 ipsius
1793 5635 1892 5723 praedii
