<?xml version="1.0" encoding="UTF-8"?>
<!DOCTYPE html PUBLIC "-//W3C//DTD XHTML 1.0 Transitional//EN"
    "http://www.w3.org/TR/xhtml1/DTD/xhtml1-transitional.dtd">
<html xmlns="http://www.w3.org/1999/xhtml" xml:lang="en" lang="en">
 <head>
  <title>
</title>
<meta http-equiv="Content-Type" content="text/html;charset=utf-8" />
  <meta name='ocr-system' content='tesseract 3.04.00' />
  <meta name='ocr-capabilities' content='ocr_page ocr_carea ocr_par ocr_line ocrx_word'/>
</head>
<body>
  <div class='ocr_page' id='page_1' title='image "./mediiaevibiblio06bottgoog/mediiaevibiblio06bottgoog_0358.png"; bbox 0 0 4018 6320; ppageno 0'>
   <div class='ocr_carea' id='block_1_1' title="bbox 686 356 1232 440">
    <p class='ocr_par' dir='ltr' id='par_1_1' title="bbox 686 356 1232 440">
     <span class='ocr_line' id='line_1_1' title="bbox 686 356 1232 440; baseline 0.002 -10"><span class='ocrx_word' id='word_1_1' title='bbox 686 371 913 440; x_wconf 76' lang='lat' dir='ltr'><strong>arternum.</strong></span> <span class='ocrx_word' id='word_1_2' title='bbox 937 373 1016 432; x_wconf 79' lang='lat' dir='ltr'><strong>ute.</strong></span> <span class='ocrx_word' id='word_1_3' title='bbox 1039 372 1125 432; x_wconf 90' lang='lat' dir='ltr'><strong>vm.</strong></span> <span class='ocrx_word' id='word_1_4' title='bbox 1228 356 1232 364; x_wconf 83' lang='lat'><em>&#39;</em></span> 
     </span>
    </p>
   </div>
   <div class='ocr_carea' id='block_1_2' title="bbox 406 536 555 624">
    <p class='ocr_par' dir='ltr' id='par_1_2' title="bbox 406 536 555 624">
     <span class='ocr_line' id='line_1_2' title="bbox 406 536 555 624; baseline -0.013 0"><span class='ocrx_word' id='word_1_5' title='bbox 406 536 555 624; x_wconf 72' lang='lat' dir='ltr'><strong>Gsshssi</strong></span> 
     </span>
    </p>
   </div>
   <div class='ocr_carea' id='block_1_3' title="bbox 161 685 798 860">
    <p class='ocr_par' dir='ltr' id='par_1_3' title="bbox 161 685 798 860">
     <span class='ocr_line' id='line_1_3' title="bbox 161 685 798 763; baseline 0.009 -20"><span class='ocrx_word' id='word_1_6' title='bbox 161 685 214 744; x_wconf 79' lang='lat' dir='ltr'><strong>Act</strong></span> <span class='ocrx_word' id='word_1_7' title='bbox 251 687 483 755; x_wconf 72' lang='lat' dir='ltr'><strong>bernardum,</strong></span> <span class='ocrx_word' id='word_1_8' title='bbox 518 689 798 763; x_wconf 76' lang='lat' dir='ltr'><strong>Macatoneoscm</strong></span> 
     </span>
     <span class='ocr_line' id='line_1_4' title="bbox 375 787 582 860; baseline 0 -17"><span class='ocrx_word' id='word_1_9' title='bbox 375 787 582 860; x_wconf 79' lang='lat' dir='ltr'><strong>episcopum.</strong></span> 
     </span>
    </p>
   </div>
   <div class='ocr_carea' id='block_1_4' title="bbox 374 912 575 988">
    <p class='ocr_par' dir='ltr' id='par_1_4' title="bbox 374 912 575 988">
     <span class='ocr_line' id='line_1_5' title="bbox 374 912 575 988; baseline 0.005 -19"><span class='ocrx_word' id='word_1_10' title='bbox 374 912 483 988; x_wconf 75' lang='lat' dir='ltr'><strong>sajum</strong></span> <span class='ocrx_word' id='word_1_11' title='bbox 497 914 575 975; x_wconf 78' lang='lat' dir='ltr'><strong>ran.</strong></span> 
     </span>
    </p>
   </div>
   <div class='ocr_carea' id='block_1_5' title="bbox 104 984 857 1170">
    <p class='ocr_par' dir='ltr' id='par_1_5' title="bbox 104 984 857 1170">
     <span class='ocr_line' id='line_1_6' title="bbox 104 984 857 1168; baseline 0.001 -80"><span class='ocrx_word' id='word_1_12' title='bbox 104 984 369 1090; x_wconf 64' lang='lat' dir='ltr'><strong>[ammittere</strong></span> <span class='ocrx_word' id='word_1_13' title='bbox 379 1027 455 1116; x_wconf 66' lang='lat' dir='ltr'><strong>uilo.</strong></span> <span class='ocrx_word' id='word_1_14' title='bbox 465 1027 598 1168; x_wconf 50' lang='lat' dir='ltr'><strong>³¹5¹{63n&#39;</strong></span> <span class='ocrx_word' id='word_1_15' title='bbox 616 1029 724 1095; x_wconf 70' lang='lat' dir='ltr'><strong>aegest,</strong></span> <span class='ocrx_word' id='word_1_16' title='bbox 740 1028 857 1088; x_wconf 68' lang='lat' dir='ltr'><strong>tumn</strong></span> 
     </span>
     <span class='ocr_line' id='line_1_7' title="bbox 402 1112 546 1170; baseline -0.021 -12"><span class='ocrx_word' id='word_1_17' title='bbox 402 1112 476 1170; x_wconf 85' lang='lat' dir='ltr'><strong>eptsi.</strong></span> <span class='ocrx_word' id='word_1_18' title='bbox 541 1145 546 1156; x_wconf 96' lang='lat'><strong>.</strong></span> 
     </span>
    </p>
   </div>
   <div class='ocr_carea' id='block_1_6' title="bbox 80 1209 880 1624">
    <p class='ocr_par' dir='ltr' id='par_1_6' title="bbox 80 1209 880 1624">
     <span class='ocr_line' id='line_1_8' title="bbox 80 1209 879 1282; baseline 0.001 -11"><span class='ocrx_word' id='word_1_19' title='bbox 80 1209 202 1280; x_wconf 75' lang='lat' dir='ltr'><strong>demde</strong></span> <span class='ocrx_word' id='word_1_20' title='bbox 216 1210 393 1282; x_wconf 75' lang='lat' dir='ltr'><strong>cerciliauda</strong></span> <span class='ocrx_word' id='word_1_21' title='bbox 409 1212 561 1282; x_wconf 78' lang='lat' dir='ltr'><strong>llaimuudi</strong></span> <span class='ocrx_word' id='word_1_22' title='bbox 585 1215 637 1280; x_wconf 79' lang='lat' dir='ltr'><strong>tii</strong></span> <span class='ocrx_word' id='word_1_23' title='bbox 657 1215 789 1274; x_wconf 70' lang='lat' dir='ltr'><strong>tolosani</strong></span> <span class='ocrx_word' id='word_1_24' title='bbox 813 1229 879 1272; x_wconf 90' lang='lat' dir='ltr'><strong>cum</strong></span> 
     </span>
     <span class='ocr_line' id='line_1_9' title="bbox 115 1299 879 1375; baseline 0.001 -19"><span class='ocrx_word' id='word_1_25' title='bbox 115 1299 241 1358; x_wconf 83' lang='lat' dir='ltr'><strong>ecclesia</strong></span> <span class='ocrx_word' id='word_1_26' title='bbox 260 1313 333 1375; x_wconf 85' lang='lat' dir='ltr'><strong>paca</strong></span> <span class='ocrx_word' id='word_1_27' title='bbox 354 1307 490 1364; x_wconf 79' lang='lat' dir='ltr'><strong>tractatos</strong></span> <span class='ocrx_word' id='word_1_28' title='bbox 504 1308 582 1360; x_wconf 83' lang='lat' dir='ltr'><strong>esset</strong></span> <span class='ocrx_word' id='word_1_29' title='bbox 607 1300 766 1370; x_wconf 88' lang='lat' dir='ltr'><strong>habendus,</strong></span> <span class='ocrx_word' id='word_1_30' title='bbox 781 1302 879 1361; x_wconf 86' lang='lat' dir='ltr'><strong>scribit</strong></span> 
     </span>
     <span class='ocr_line' id='line_1_10' title="bbox 116 1386 880 1460; baseline 0.005 -18"><span class='ocrx_word' id='word_1_31' title='bbox 116 1387 262 1448; x_wconf 85' lang='lat' dir='ltr'><strong>Honorius</strong></span> <span class='ocrx_word' id='word_1_32' title='bbox 274 1386 407 1451; x_wconf 86' lang='lat' dir='ltr'><strong>eumdem</strong></span> <span class='ocrx_word' id='word_1_33' title='bbox 421 1389 586 1460; x_wconf 79' lang='lat' dir='ltr'><strong>neutiquam</strong></span> <span class='ocrx_word' id='word_1_34' title='bbox 598 1389 784 1448; x_wconf 79' lang='lat' dir='ltr'><strong>absolutionis</strong></span> <span class='ocrx_word' id='word_1_35' title='bbox 796 1389 880 1448; x_wconf 83' lang='lat' dir='ltr'><strong>bene</strong></span> 
     </span>
     <span class='ocr_line' id='line_1_11' title="bbox 114 1472 877 1551; baseline 0.01 -23"><span class='ocrx_word' id='word_1_36' title='bbox 114 1472 213 1530; x_wconf 88' lang='lat' dir='ltr'><strong>licium</strong></span> <span class='ocrx_word' id='word_1_37' title='bbox 237 1483 443 1545; x_wconf 87' lang='lat' dir='ltr'><strong>assecuturum,</strong></span> <span class='ocrx_word' id='word_1_38' title='bbox 465 1477 521 1532; x_wconf 89' lang='lat' dir='ltr'><strong>nisi</strong></span> <span class='ocrx_word' id='word_1_39' title='bbox 536 1477 614 1549; x_wconf 90' lang='lat' dir='ltr'><strong>prius</strong></span> <span class='ocrx_word' id='word_1_40' title='bbox 627 1477 663 1534; x_wconf 90' lang='lat' dir='ltr'><strong>de</strong></span> <span class='ocrx_word' id='word_1_41' title='bbox 678 1478 763 1535; x_wconf 90' lang='lat' dir='ltr'><strong>illatis</strong></span> <span class='ocrx_word' id='word_1_42' title='bbox 777 1480 877 1551; x_wconf 81' lang='lat' dir='ltr'><strong>liege-</strong></span> 
     </span>
     <span class='ocr_line' id='line_1_12' title="bbox 116 1559 709 1624; baseline 0.01 -8"><span class='ocrx_word' id='word_1_43' title='bbox 116 1559 232 1618; x_wconf 85' lang='lat' dir='ltr'><strong>lonensi</strong></span> <span class='ocrx_word' id='word_1_44' title='bbox 248 1563 377 1620; x_wconf 78' lang='lat' dir='ltr'><strong>ecclesie</strong></span> <span class='ocrx_word' id='word_1_45' title='bbox 389 1561 502 1621; x_wconf 89' lang='lat' dir='ltr'><strong>demnis</strong></span> <span class='ocrx_word' id='word_1_46' title='bbox 516 1563 615 1622; x_wconf 89' lang='lat' dir='ltr'><strong>lecerit</strong></span> <span class='ocrx_word' id='word_1_47' title='bbox 629 1565 709 1624; x_wconf 87' lang='lat' dir='ltr'><strong>salis.</strong></span> 
     </span>
    </p>
   </div>
   <div class='ocr_carea' id='block_1_7' title="bbox 78 1659 880 2261">
    <p class='ocr_par' dir='ltr' id='par_1_7' title="bbox 80 1659 879 1870">
     <span class='ocr_line' id='line_1_13' title="bbox 120 1659 879 1776; baseline 0.007 -20"><span class='ocrx_word' id='word_1_48' title='bbox 120 1696 293 1757; x_wconf 85' lang='lat' dir='ltr'><strong>Honorius</strong></span> <span class='ocrx_word' id='word_1_49' title='bbox 318 1659 548 1776; x_wconf 74' lang='lat' dir='ltr'><strong>episcopus...,¹</strong></span> <span class='ocrx_word' id='word_1_50' title='bbox 571 1699 756 1761; x_wconf 89' lang='lat' dir='ltr'><strong>venerabili</strong></span> <span class='ocrx_word' id='word_1_51' title='bbox 783 1699 879 1763; x_wconf 84' lang='lat' dir='ltr'><strong>fratri</strong></span> 
     </span>
     <span class='ocr_line' id='line_1_14' title="bbox 80 1791 744 1870; baseline 0.009 -19"><span class='ocrx_word' id='word_1_52' title='bbox 80 1791 241 1869; x_wconf 82' lang='lat' dir='ltr'><strong>episcopo</strong></span> <span class='ocrx_word' id='word_1_53' title='bbox 255 1795 498 1870; x_wconf 88' lang='lat' dir='ltr'><strong>Megelonensi,</strong></span> <span class='ocrx_word' id='word_1_54' title='bbox 514 1795 666 1868; x_wconf 90' lang='lat' dir='ltr'><strong>salutem,</strong></span> <span class='ocrx_word' id='word_1_55' title='bbox 682 1799 744 1859; x_wconf 91' lang='lat' dir='ltr'><strong>etc.</strong></span> 
     </span>
    </p>

    <p class='ocr_par' dir='ltr' id='par_1_8' title="bbox 78 1889 880 2261">
     <span class='ocr_line' id='line_1_15' title="bbox 121 1889 878 1959; baseline 0.008 -10"><span class='ocrx_word' id='word_1_56' title='bbox 121 1889 208 1959; x_wconf 89' lang='lat' dir='ltr'><strong>Quia</strong></span> <span class='ocrx_word' id='word_1_57' title='bbox 222 1892 342 1951; x_wconf 88' lang='lat' dir='ltr'><strong>metuis</strong></span> <span class='ocrx_word' id='word_1_58' title='bbox 358 1907 401 1952; x_wconf 90' lang='lat' dir='ltr'><strong>ne</strong></span> <span class='ocrx_word' id='word_1_59' title='bbox 423 1893 464 1952; x_wconf 90' lang='lat' dir='ltr'><strong>ed</strong></span> <span class='ocrx_word' id='word_1_60' title='bbox 490 1893 733 1956; x_wconf 84' lang='lat' dir='ltr'><strong>ahsolutionem</strong></span> <span class='ocrx_word' id='word_1_61' title='bbox 758 1894 878 1955; x_wconf 90' lang='lat' dir='ltr'><strong>nobilis</strong></span> 
     </span>
     <span class='ocr_line' id='line_1_16' title="bbox 79 1985 877 2066; baseline 0.006 -20"><span class='ocrx_word' id='word_1_62' title='bbox 79 1985 145 2046; x_wconf 80' lang='lat' dir='ltr'><strong>riri</strong></span> <span class='ocrx_word' id='word_1_63' title='bbox 161 1988 216 2060; x_wconf 79' lang='lat' dir='ltr'><strong>m,</strong></span> <span class='ocrx_word' id='word_1_64' title='bbox 230 1986 292 2048; x_wconf 84' lang='lat' dir='ltr'><strong>tilii</strong></span> <span class='ocrx_word' id='word_1_65' title='bbox 309 1989 474 2066; x_wconf 88' lang='lat' dir='ltr'><strong>quondam</strong></span> <span class='ocrx_word' id='word_1_66' title='bbox 498 1992 538 2064; x_wconf 81' lang='lat' dir='ltr'><strong>R.</strong></span> <span class='ocrx_word' id='word_1_67' title='bbox 564 1991 694 2057; x_wconf 88' lang='lat' dir='ltr'><strong>comitis</strong></span> <span class='ocrx_word' id='word_1_68' title='bbox 709 1992 877 2065; x_wconf 84' lang='lat' dir='ltr'><strong>Tolosani,</strong></span> 
     </span>
     <span class='ocr_line' id='line_1_17' title="bbox 80 2082 880 2164; baseline 0.013 -24"><span class='ocrx_word' id='word_1_69' title='bbox 80 2082 314 2146; x_wconf 79' lang='lat' dir='ltr'><strong>satisfactione</strong></span> <span class='ocrx_word' id='word_1_70' title='bbox 329 2101 394 2146; x_wconf 91' lang='lat' dir='ltr'><strong>non</strong></span> <span class='ocrx_word' id='word_1_71' title='bbox 411 2086 560 2162; x_wconf 89' lang='lat' dir='ltr'><strong>impensa</strong></span> <span class='ocrx_word' id='word_1_72' title='bbox 580 2088 809 2164; x_wconf 86' lang='lat' dir='ltr'><strong>Magalonensi</strong></span> <span class='ocrx_word' id='word_1_73' title='bbox 824 2105 880 2150; x_wconf 91' lang='lat' dir='ltr'><strong>eo-</strong></span> 
     </span>
     <span class='ocr_line' id='line_1_18' title="bbox 78 2178 879 2261; baseline 0.01 -23"><span class='ocrx_word' id='word_1_74' title='bbox 78 2178 206 2250; x_wconf 86' lang='lat' dir='ltr'><strong>clesiaa,</strong></span> <span class='ocrx_word' id='word_1_75' title='bbox 225 2181 453 2256; x_wconf 81' lang='lat' dir='ltr'><strong>procedamus,</strong></span> <span class='ocrx_word' id='word_1_76' title='bbox 480 2185 635 2260; x_wconf 77' lang='lat' dir='ltr'><strong>praesenti</strong></span> <span class='ocrx_word' id='word_1_77' title='bbox 659 2185 781 2261; x_wconf 91' lang='lat' dir='ltr'><strong>pagina</strong></span> <span class='ocrx_word' id='word_1_78' title='bbox 806 2201 879 2246; x_wconf 90' lang='lat' dir='ltr'><strong>cer-</strong></span> 
     </span>
    </p>
   </div>
   <div class='ocr_carea' id='block_1_8' title="bbox 76 2275 902 2646">
    <p class='ocr_par' dir='ltr' id='par_1_9' title="bbox 76 2275 902 2646">
     <span class='ocr_line' id='line_1_19' title="bbox 79 2275 902 2358; baseline 0.002 -22"><span class='ocrx_word' id='word_1_79' title='bbox 79 2277 151 2336; x_wconf 94' lang='lat' dir='ltr'><strong>tum</strong></span> <span class='ocrx_word' id='word_1_80' title='bbox 166 2279 200 2338; x_wconf 92' lang='lat' dir='ltr'><strong>te</strong></span> <span class='ocrx_word' id='word_1_81' title='bbox 215 2275 383 2339; x_wconf 90' lang='lat' dir='ltr'><strong>reddimus</strong></span> <span class='ocrx_word' id='word_1_82' title='bbox 396 2280 481 2357; x_wconf 92' lang='lat' dir='ltr'><strong>quod</strong></span> <span class='ocrx_word' id='word_1_83' title='bbox 498 2295 564 2341; x_wconf 93' lang='lat' dir='ltr'><strong>non</strong></span> <span class='ocrx_word' id='word_1_84' title='bbox 580 2282 623 2342; x_wconf 87' lang='lat' dir='ltr'><strong>sit</strong></span> <span class='ocrx_word' id='word_1_85' title='bbox 638 2282 744 2343; x_wconf 84' lang='lat' dir='ltr'><strong>nostri</strong></span> <span class='ocrx_word' id='word_1_86' title='bbox 759 2298 879 2358; x_wconf 92' lang='lat' dir='ltr'><strong>propo-</strong></span> <span class='ocrx_word' id='word_1_87' title='bbox 901 2333 902 2338; x_wconf 73' lang='grc'>,</span> 
     </span>
     <span class='ocr_line' id='line_1_20' title="bbox 78 2372 902 2453; baseline 0.012 -23"><span class='ocrx_word' id='word_1_88' title='bbox 78 2372 134 2432; x_wconf 90' lang='lat' dir='ltr'><strong>siti</strong></span> <span class='ocrx_word' id='word_1_89' title='bbox 152 2388 231 2434; x_wconf 89' lang='lat' dir='ltr'><strong>eum</strong></span> <span class='ocrx_word' id='word_1_90' title='bbox 254 2375 308 2435; x_wconf 79' lang='lat' dir='ltr'><strong>val</strong></span> <span class='ocrx_word' id='word_1_91' title='bbox 333 2378 405 2452; x_wconf 88' lang='lat' dir='ltr'><strong>ejus</strong></span> <span class='ocrx_word' id='word_1_92' title='bbox 431 2393 590 2453; x_wconf 87' lang='lat' dir='ltr'><strong>sequaces</strong></span> <span class='ocrx_word' id='word_1_93' title='bbox 610 2378 795 2450; x_wconf 85' lang='lat' dir='ltr'><strong>absolvere,</strong></span> <span class='ocrx_word' id='word_1_94' title='bbox 813 2380 877 2440; x_wconf 89' lang='lat' dir='ltr'><strong>nisi</strong></span> <span class='ocrx_word' id='word_1_95' title='bbox 901 2381 902 2386; x_wconf 77' lang='grc'>’</span> 
     </span>
     <span class='ocr_line' id='line_1_21' title="bbox 76 2468 902 2554; baseline 0.012 -26"><span class='ocrx_word' id='word_1_96' title='bbox 76 2468 191 2532; x_wconf 87' lang='lat' dir='ltr'><strong>debita</strong></span> <span class='ocrx_word' id='word_1_97' title='bbox 204 2471 431 2540; x_wconf 81' lang='lat' dir='ltr'><strong>satisfactione</strong></span> <span class='ocrx_word' id='word_1_98' title='bbox 455 2475 605 2554; x_wconf 88' lang='lat' dir='ltr'><strong>impensa</strong></span> <span class='ocrx_word' id='word_1_99' title='bbox 634 2476 783 2538; x_wconf 87' lang='lat' dir='ltr'><strong>ecclesiae</strong></span> <span class='ocrx_word' id='word_1_100' title='bbox 799 2478 876 2549; x_wconf 89' lang='lat' dir='ltr'><strong>tuae,</strong></span> <span class='ocrx_word' id='word_1_101' title='bbox 901 2547 902 2550; x_wconf 8' lang='grc' dir='ltr'><strong>Ἴ</strong></span> 
     </span>
     <span class='ocr_line' id='line_1_22' title="bbox 76 2567 902 2646; baseline 0.01 -18"><span class='ocrx_word' id='word_1_102' title='bbox 76 2581 115 2636; x_wconf 88' lang='lat' dir='ltr'><strong>ac</strong></span> <span class='ocrx_word' id='word_1_103' title='bbox 129 2567 211 2628; x_wconf 86' lang='lat' dir='ltr'><strong>aliis</strong></span> <span class='ocrx_word' id='word_1_104' title='bbox 227 2585 367 2646; x_wconf 80' lang='lat' dir='ltr'><strong>quarum</strong></span> <span class='ocrx_word' id='word_1_105' title='bbox 383 2570 469 2635; x_wconf 88' lang='lat' dir='ltr'><strong>hona</strong></span> <span class='ocrx_word' id='word_1_106' title='bbox 493 2573 644 2637; x_wconf 89' lang='lat' dir='ltr'><strong>noscitur</strong></span> <span class='ocrx_word' id='word_1_107' title='bbox 658 2573 776 2636; x_wconf 90' lang='lat' dir='ltr'><strong>illicite</strong></span> <span class='ocrx_word' id='word_1_108' title='bbox 793 2573 879 2636; x_wconf 91' lang='lat' dir='ltr'><strong>dati-</strong></span> <span class='ocrx_word' id='word_1_109' title='bbox 901 2615 902 2620; x_wconf 19' lang='grc' dir='ltr'><strong>κ</strong></span> 
     </span>
    </p>
   </div>
   <div class='ocr_carea' id='block_1_9' title="bbox 75 2667 877 2824">
    <p class='ocr_par' dir='ltr' id='par_1_10' title="bbox 75 2667 877 2824">
     <span class='ocr_line' id='line_1_23' title="bbox 75 2667 877 2822; baseline 0.01 -98"><span class='ocrx_word' id='word_1_110' title='bbox 75 2678 170 2822; x_wconf 51' lang='grc' dir='ltr'><strong>ηοξ.</strong></span> <span class='ocrx_word' id='word_1_111' title='bbox 187 2667 305 2731; x_wconf 88' lang='lat' dir='ltr'><strong>Datum</strong></span> <span class='ocrx_word' id='word_1_112' title='bbox 328 2669 496 2742; x_wconf 78' lang='lat' dir='ltr'><strong>Laterani,</strong></span> <span class='ocrx_word' id='word_1_113' title='bbox 513 2670 645 2740; x_wconf 81' lang='lat' dir='ltr'><strong>lVidus</strong></span> <span class='ocrx_word' id='word_1_114' title='bbox 668 2671 758 2747; x_wconf 88' lang='lat' dir='ltr'><strong>julii,</strong></span> <span class='ocrx_word' id='word_1_115' title='bbox 788 2687 877 2760; x_wconf 87' lang='lat' dir='ltr'><strong>enno</strong></span> 
     </span>
     <span class='ocr_line' id='line_1_24' title="bbox 76 2774 209 2824; baseline 0 -4"><span class='ocrx_word' id='word_1_116' title='bbox 76 2774 116 2820; x_wconf 92' lang='lat' dir='ltr'><strong>oc</strong></span> <span class='ocrx_word' id='word_1_117' title='bbox 154 2775 209 2824; x_wconf 82' lang='lat' dir='ltr'><strong>ro.</strong></span> 
     </span>
    </p>
   </div>
   <div class='ocr_carea' id='block_1_10' title="bbox 420 2915 611 3022">
    <p class='ocr_par' dir='ltr' id='par_1_11' title="bbox 420 2915 611 3022">
     <span class='ocr_line' id='line_1_25' title="bbox 420 2915 611 3022; baseline -0.016 -20"><span class='ocrx_word' id='word_1_118' title='bbox 420 2915 547 3002; x_wconf 80' lang='lat' dir='ltr'><strong>actv</strong></span> <span class='ocrx_word' id='word_1_119' title='bbox 607 3015 611 3022; x_wconf 16' lang='lat'><strong><em>⁴</em></strong></span> 
     </span>
    </p>
   </div>
   <div class='ocr_carea' id='block_1_11' title="bbox 102 3055 844 3386">
    <p class='ocr_par' dir='ltr' id='par_1_12' title="bbox 102 3055 844 3386">
     <span class='ocr_line' id='line_1_26' title="bbox 169 3055 781 3136; baseline 0 -18"><span class='ocrx_word' id='word_1_120' title='bbox 169 3056 224 3118; x_wconf 80' lang='lat' dir='ltr'><strong>Ad</strong></span> <span class='ocrx_word' id='word_1_121' title='bbox 236 3055 351 3136; x_wconf 72' lang='lat' dir='ltr'><strong>{iacies</strong></span> <span class='ocrx_word' id='word_1_122' title='bbox 366 3060 532 3126; x_wconf 73' lang='lat' dir='ltr'><strong>marchiae</strong></span> <span class='ocrx_word' id='word_1_123' title='bbox 546 3059 781 3124; x_wconf 74' lang='lat' dir='ltr'><strong>Aocortltonae.</strong></span> 
     </span>
     <span class='ocr_line' id='line_1_27' title="bbox 376 3195 578 3269; baseline 0 -17"><span class='ocrx_word' id='word_1_124' title='bbox 376 3195 408 3253; x_wconf 79' lang='lat' dir='ltr'><strong>aa</strong></span> <span class='ocrx_word' id='word_1_125' title='bbox 420 3196 483 3269; x_wconf 89' lang='lat' dir='ltr'><strong>julii</strong></span> <span class='ocrx_word' id='word_1_126' title='bbox 499 3197 578 3254; x_wconf 75' lang='lat' dir='ltr'><strong>thal.</strong></span> 
     </span>
     <span class='ocr_line' id='line_1_28' title="bbox 102 3315 844 3386; baseline 0.004 -18"><span class='ocrx_word' id='word_1_127' title='bbox 102 3315 242 3382; x_wconf 65' lang='lat' dir='ltr'><strong>[Theinen</strong></span> <span class='ocrx_word' id='word_1_128' title='bbox 256 3317 318 3368; x_wconf 90' lang='lat' dir='ltr'><strong>Cod.</strong></span> <span class='ocrx_word' id='word_1_129' title='bbox 330 3318 393 3383; x_wconf 85' lang='lat' dir='ltr'><strong>dipl.</strong></span> <span class='ocrx_word' id='word_1_130' title='bbox 410 3318 517 3384; x_wconf 79' lang='lat' dir='ltr'><strong>dominii</strong></span> <span class='ocrx_word' id='word_1_131' title='bbox 534 3321 677 3384; x_wconf 74' lang='lat' dir='ltr'><strong>temperet,</strong></span> <span class='ocrx_word' id='word_1_132' title='bbox 693 3319 711 3378; x_wconf 91' lang='lat' dir='ltr'><strong>l,</strong></span> <span class='ocrx_word' id='word_1_133' title='bbox 722 3319 762 3380; x_wconf 81' lang='lat' dir='ltr'><strong>ta,</strong></span> <span class='ocrx_word' id='word_1_134' title='bbox 778 3321 844 3386; x_wconf 76' lang='lat' dir='ltr'><strong>ran]</strong></span> 
     </span>
    </p>
   </div>
   <div class='ocr_carea' id='block_1_12' title="bbox 78 3432 877 3596">
    <p class='ocr_par' dir='ltr' id='par_1_13' title="bbox 78 3432 877 3596">
     <span class='ocr_line' id='line_1_29' title="bbox 78 3432 877 3508; baseline 0 -14"><span class='ocrx_word' id='word_1_135' title='bbox 78 3432 226 3494; x_wconf 85' lang='lat' dir='ltr'><strong>Fidelibus</strong></span> <span class='ocrx_word' id='word_1_136' title='bbox 246 3433 382 3494; x_wconf 87' lang='lat' dir='ltr'><strong>marchiae</strong></span> <span class='ocrx_word' id='word_1_137' title='bbox 407 3433 605 3501; x_wconf 74' lang='lat' dir='ltr'><strong>anconitana,</strong></span> <span class='ocrx_word' id='word_1_138' title='bbox 624 3442 655 3496; x_wconf 90' lang='lat' dir='ltr'><strong>ut</strong></span> <span class='ocrx_word' id='word_1_139' title='bbox 680 3435 777 3508; x_wconf 85' lang='lat' dir='ltr'><strong>legata</strong></span> <span class='ocrx_word' id='word_1_140' title='bbox 797 3435 877 3494; x_wconf 86' lang='lat' dir='ltr'><strong>Sedis</strong></span> 
     </span>
     <span class='ocr_line' id='line_1_30' title="bbox 112 3521 877 3596; baseline 0.012 -19"><span class='ocrx_word' id='word_1_141' title='bbox 112 3521 289 3593; x_wconf 76' lang='lat' dir='ltr'><strong>Apostolicae</strong></span> <span class='ocrx_word' id='word_1_142' title='bbox 317 3521 463 3593; x_wconf 81' lang='lat' dir='ltr'><strong>obediant,</strong></span> <span class='ocrx_word' id='word_1_143' title='bbox 488 3531 516 3580; x_wconf 89' lang='lat' dir='ltr'><strong>et</strong></span> <span class='ocrx_word' id='word_1_144' title='bbox 539 3525 775 3596; x_wconf 81' lang='lat' dir='ltr'><strong>compositionem</strong></span> <span class='ocrx_word' id='word_1_145' title='bbox 804 3526 877 3586; x_wconf 80' lang='lat' dir='ltr'><strong>iniat</strong></span> 
     </span>
    </p>
   </div>
   <div class='ocr_carea' id='block_1_13' title="bbox 1565 375 1726 460">
    <p class='ocr_par' dir='ltr' id='par_1_14' title="bbox 1565 375 1726 460">
     <span class='ocr_line' id='line_1_31' title="bbox 1565 375 1726 460; baseline 0 -26"><span class='ocrx_word' id='word_1_146' title='bbox 1565 452 1570 460; x_wconf 34' lang='grc' dir='ltr'>Ι</span> <span class='ocrx_word' id='word_1_147' title='bbox 1664 375 1726 434; x_wconf 79' lang='grc'><strong>686</strong></span> 
     </span>
    </p>
   </div>
   <div class='ocr_carea' id='block_1_14' title="bbox 931 529 1730 1770">
    <p class='ocr_par' dir='ltr' id='par_1_15' title="bbox 931 529 1730 1770">
     <span class='ocr_line' id='line_1_32' title="bbox 932 529 1729 608; baseline 0.001 -16"><span class='ocrx_word' id='word_1_148' title='bbox 932 529 1035 597; x_wconf 88' lang='lat' dir='ltr'><strong>tionis</strong></span> <span class='ocrx_word' id='word_1_149' title='bbox 1068 530 1215 602; x_wconf 78' lang='lat' dir='ltr'><strong>cilicium</strong></span> <span class='ocrx_word' id='word_1_150' title='bbox 1250 531 1294 593; x_wconf 89' lang='lat' dir='ltr'><strong>slt</strong></span> <span class='ocrx_word' id='word_1_151' title='bbox 1322 530 1483 594; x_wconf 88' lang='lat' dir='ltr'><strong>hactenus</strong></span> <span class='ocrx_word' id='word_1_152' title='bbox 1515 529 1729 608; x_wconf 83' lang='lat' dir='ltr'><strong>laudabiliter</strong></span> 
     </span>
     <span class='ocr_line' id='line_1_33' title="bbox 933 627 1727 704; baseline 0.001 -16"><span class='ocrx_word' id='word_1_153' title='bbox 933 628 1122 700; x_wconf 78' lang='lat' dir='ltr'><strong>exsecutus,</strong></span> <span class='ocrx_word' id='word_1_154' title='bbox 1140 629 1172 689; x_wconf 89' lang='lat' dir='ltr'><strong>et</strong></span> <span class='ocrx_word' id='word_1_155' title='bbox 1187 628 1222 688; x_wconf 91' lang='lat' dir='ltr'><strong>in</strong></span> <span class='ocrx_word' id='word_1_156' title='bbox 1235 628 1363 689; x_wconf 87' lang='lat' dir='ltr'><strong>cunctis</strong></span> <span class='ocrx_word' id='word_1_157' title='bbox 1374 644 1410 690; x_wconf 87' lang='lat' dir='ltr'><strong>se</strong></span> <span class='ocrx_word' id='word_1_158' title='bbox 1424 628 1566 704; x_wconf 81' lang='lat' dir='ltr'><strong>gesserit</strong></span> <span class='ocrx_word' id='word_1_159' title='bbox 1579 627 1727 690; x_wconf 89' lang='lat' dir='ltr'><strong>circum-</strong></span> 
     </span>
     <span class='ocr_line' id='line_1_34' title="bbox 932 725 1726 803; baseline -0.003 -15"><span class='ocrx_word' id='word_1_160' title='bbox 932 725 1095 803; x_wconf 87' lang='lat' dir='ltr'><strong>spectum,</strong></span> <span class='ocrx_word' id='word_1_161' title='bbox 1108 725 1194 786; x_wconf 90' lang='lat' dir='ltr'><strong>sicut</strong></span> <span class='ocrx_word' id='word_1_162' title='bbox 1204 725 1254 791; x_wconf 83' lang='lat' dir='ltr'><strong>vir</strong></span> <span class='ocrx_word' id='word_1_163' title='bbox 1265 725 1497 802; x_wconf 81' lang='lat' dir='ltr'><strong>magnanimus</strong></span> <span class='ocrx_word' id='word_1_164' title='bbox 1508 728 1541 786; x_wconf 89' lang='lat' dir='ltr'><strong>et</strong></span> <span class='ocrx_word' id='word_1_165' title='bbox 1551 725 1726 798; x_wconf 89' lang='lat' dir='ltr'><strong>discretus,</strong></span> 
     </span>
     <span class='ocr_line' id='line_1_35' title="bbox 932 821 1728 913; baseline 0.004 -33"><span class='ocrx_word' id='word_1_166' title='bbox 932 821 1126 900; x_wconf 81' lang='lat' dir='ltr'><strong>petitionem</strong></span> <span class='ocrx_word' id='word_1_167' title='bbox 1148 821 1255 913; x_wconf 78' lang='lat' dir='ltr'><strong>ipsius</strong></span> <span class='ocrx_word' id='word_1_168' title='bbox 1278 838 1345 884; x_wconf 90' lang='lat' dir='ltr'><strong>non</strong></span> <span class='ocrx_word' id='word_1_169' title='bbox 1366 822 1523 889; x_wconf 84' lang='lat' dir='ltr'><strong>duximus</strong></span> <span class='ocrx_word' id='word_1_170' title='bbox 1545 821 1728 883; x_wconf 88' lang='lat' dir='ltr'><strong>admitten-</strong></span> 
     </span>
     <span class='ocr_line' id='line_1_36' title="bbox 934 917 1730 996; baseline 0 -18"><span class='ocrx_word' id='word_1_171' title='bbox 934 917 1020 988; x_wconf 89' lang='lat' dir='ltr'><strong>dam,</strong></span> <span class='ocrx_word' id='word_1_172' title='bbox 1038 918 1094 992; x_wconf 86' lang='lat' dir='ltr'><strong>sed</strong></span> <span class='ocrx_word' id='word_1_173' title='bbox 1117 919 1292 980; x_wconf 89' lang='lat' dir='ltr'><strong>commisso</strong></span> <span class='ocrx_word' id='word_1_174' title='bbox 1314 919 1344 979; x_wconf 92' lang='lat' dir='ltr'><strong>ei</strong></span> <span class='ocrx_word' id='word_1_175' title='bbox 1363 920 1461 996; x_wconf 90' lang='lat' dir='ltr'><strong>plene</strong></span> <span class='ocrx_word' id='word_1_176' title='bbox 1485 921 1551 981; x_wconf 89' lang='lat' dir='ltr'><strong>tam</strong></span> <span class='ocrx_word' id='word_1_177' title='bbox 1573 919 1609 978; x_wconf 91' lang='lat' dir='ltr'><strong>in</strong></span> <span class='ocrx_word' id='word_1_178' title='bbox 1628 919 1730 994; x_wconf 90' lang='lat' dir='ltr'><strong>spiri-</strong></span> 
     </span>
     <span class='ocr_line' id='line_1_37' title="bbox 931 1014 1728 1094; baseline 0.004 -18"><span class='ocrx_word' id='word_1_179' title='bbox 931 1014 1078 1079; x_wconf 85' lang='lat' dir='ltr'><strong>tualibus</strong></span> <span class='ocrx_word' id='word_1_180' title='bbox 1108 1032 1206 1094; x_wconf 88' lang='lat' dir='ltr'><strong>quam</strong></span> <span class='ocrx_word' id='word_1_181' title='bbox 1231 1016 1267 1087; x_wconf 88' lang='lat' dir='ltr'><strong>in</strong></span> <span class='ocrx_word' id='word_1_182' title='bbox 1286 1017 1525 1092; x_wconf 88' lang='lat' dir='ltr'><strong>temporalibus</strong></span> <span class='ocrx_word' id='word_1_183' title='bbox 1552 1016 1728 1092; x_wconf 80' lang='lat' dir='ltr'><strong>legationis</strong></span> 
     </span>
     <span class='ocr_line' id='line_1_38' title="bbox 932 1110 1729 1201; baseline -0.001 -26"><span class='ocrx_word' id='word_1_184' title='bbox 932 1110 1055 1188; x_wconf 77' lang='lat' dir='ltr'><strong>alticio,</strong></span> <span class='ocrx_word' id='word_1_185' title='bbox 1077 1127 1153 1190; x_wconf 81' lang='lat' dir='ltr'><strong>eum</strong></span> <span class='ocrx_word' id='word_1_186' title='bbox 1175 1113 1215 1190; x_wconf 80' lang='lat' dir='ltr'><strong>ed</strong></span> <span class='ocrx_word' id='word_1_187' title='bbox 1243 1116 1355 1190; x_wconf 85' lang='lat' dir='ltr'><strong>pertas</strong></span> <span class='ocrx_word' id='word_1_188' title='bbox 1379 1119 1518 1186; x_wconf 80' lang='lat' dir='ltr'><strong>vestrae,</strong></span> <span class='ocrx_word' id='word_1_189' title='bbox 1543 1113 1619 1174; x_wconf 89' lang='lat' dir='ltr'><strong>licei</strong></span> <span class='ocrx_word' id='word_1_190' title='bbox 1645 1114 1729 1201; x_wconf 78' lang='lat' dir='ltr'><strong>satis</strong></span> 
     </span>
     <span class='ocr_line' id='line_1_39' title="bbox 932 1209 1730 1287; baseline 0.003 -19"><span class='ocrx_word' id='word_1_191' title='bbox 932 1209 1093 1282; x_wconf 79' lang='lat' dir='ltr'><strong>renuerit,</strong></span> <span class='ocrx_word' id='word_1_192' title='bbox 1102 1210 1308 1284; x_wconf 88' lang='lat' dir='ltr'><strong>providimus</strong></span> <span class='ocrx_word' id='word_1_193' title='bbox 1319 1227 1393 1272; x_wconf 89' lang='lat' dir='ltr'><strong>cum</strong></span> <span class='ocrx_word' id='word_1_194' title='bbox 1403 1211 1501 1287; x_wconf 88' lang='lat' dir='ltr'><strong>plena</strong></span> <span class='ocrx_word' id='word_1_195' title='bbox 1515 1210 1611 1284; x_wconf 71' lang='lat' dir='ltr'><strong>Sedis</strong></span> <span class='ocrx_word' id='word_1_196' title='bbox 1623 1213 1730 1286; x_wconf 81' lang='lat' dir='ltr'><strong>apos-</strong></span> 
     </span>
     <span class='ocr_line' id='line_1_40' title="bbox 935 1304 1730 1382; baseline 0.003 -16"><span class='ocrx_word' id='word_1_197' title='bbox 935 1304 1045 1369; x_wconf 88' lang='lat' dir='ltr'><strong>tolicae</strong></span> <span class='ocrx_word' id='word_1_198' title='bbox 1065 1307 1174 1382; x_wconf 81' lang='lat' dir='ltr'><strong>gratia</strong></span> <span class='ocrx_word' id='word_1_199' title='bbox 1203 1307 1448 1377; x_wconf 82' lang='lat' dir='ltr'><strong>remittendum.</strong></span> <span class='ocrx_word' id='word_1_200' title='bbox 1473 1308 1633 1380; x_wconf 85' lang='lat' dir='ltr'><strong>Quocirca</strong></span> <span class='ocrx_word' id='word_1_201' title='bbox 1653 1307 1730 1368; x_wconf 91' lang='lat' dir='ltr'><strong>uni-</strong></span> 
     </span>
     <span class='ocr_line' id='line_1_41' title="bbox 933 1402 1730 1481; baseline 0.003 -19"><span class='ocrx_word' id='word_1_202' title='bbox 933 1402 1084 1463; x_wconf 80' lang='lat' dir='ltr'><strong>versitati</strong></span> <span class='ocrx_word' id='word_1_203' title='bbox 1094 1404 1214 1469; x_wconf 79' lang='lat' dir='ltr'><strong>vestra</strong></span> <span class='ocrx_word' id='word_1_204' title='bbox 1225 1419 1284 1480; x_wconf 90' lang='lat' dir='ltr'><strong>per</strong></span> <span class='ocrx_word' id='word_1_205' title='bbox 1296 1404 1485 1480; x_wconf 78' lang='lat' dir='ltr'><strong>apostolica</strong></span> <span class='ocrx_word' id='word_1_206' title='bbox 1500 1404 1623 1481; x_wconf 89' lang='lat' dir='ltr'><strong>scripte</strong></span> <span class='ocrx_word' id='word_1_207' title='bbox 1634 1421 1730 1466; x_wconf 71' lang='lat' dir='ltr'><strong>man,-</strong></span> 
     </span>
     <span class='ocr_line' id='line_1_42' title="bbox 932 1497 1727 1578; baseline 0.003 -18"><span class='ocrx_word' id='word_1_208' title='bbox 932 1497 1061 1572; x_wconf 79' lang='lat' dir='ltr'><strong>demus,</strong></span> <span class='ocrx_word' id='word_1_209' title='bbox 1087 1501 1249 1578; x_wconf 87' lang='lat' dir='ltr'><strong>quatenus</strong></span> <span class='ocrx_word' id='word_1_210' title='bbox 1278 1501 1384 1562; x_wconf 89' lang='lat' dir='ltr'><strong>eidem</strong></span> <span class='ocrx_word' id='word_1_211' title='bbox 1409 1501 1531 1576; x_wconf 87' lang='lat' dir='ltr'><strong>legato,</strong></span> <span class='ocrx_word' id='word_1_212' title='bbox 1553 1503 1607 1575; x_wconf 81' lang='lat' dir='ltr'><strong>cui</strong></span> <span class='ocrx_word' id='word_1_213' title='bbox 1633 1517 1727 1562; x_wconf 88' lang='lat' dir='ltr'><strong>mer-</strong></span> 
     </span>
     <span class='ocr_line' id='line_1_43' title="bbox 933 1595 1727 1676; baseline 0.008 -22"><span class='ocrx_word' id='word_1_214' title='bbox 933 1595 1043 1661; x_wconf 88' lang='lat' dir='ltr'><strong>chiam</strong></span> <span class='ocrx_word' id='word_1_215' title='bbox 1070 1596 1177 1672; x_wconf 88' lang='lat' dir='ltr'><strong>ipsam</strong></span> <span class='ocrx_word' id='word_1_216' title='bbox 1204 1599 1439 1670; x_wconf 88' lang='lat' dir='ltr'><strong>concessimus,</strong></span> <span class='ocrx_word' id='word_1_217' title='bbox 1462 1600 1620 1675; x_wconf 88' lang='lat' dir='ltr'><strong>tanquam</strong></span> <span class='ocrx_word' id='word_1_218' title='bbox 1645 1614 1727 1676; x_wconf 88' lang='lat' dir='ltr'><strong>per-</strong></span> 
     </span>
     <span class='ocr_line' id='line_1_44' title="bbox 934 1695 1727 1770; baseline 0.006 -18"><span class='ocrx_word' id='word_1_219' title='bbox 934 1707 1025 1754; x_wconf 87' lang='lat' dir='ltr'><strong>sonae</strong></span> <span class='ocrx_word' id='word_1_220' title='bbox 1049 1697 1171 1769; x_wconf 74' lang='lat' dir='ltr'><strong>nostrae</strong></span> <span class='ocrx_word' id='word_1_221' title='bbox 1194 1710 1253 1770; x_wconf 89' lang='lat' dir='ltr'><strong>per</strong></span> <span class='ocrx_word' id='word_1_222' title='bbox 1278 1696 1390 1761; x_wconf 91' lang='lat' dir='ltr'><strong>amnia</strong></span> <span class='ocrx_word' id='word_1_223' title='bbox 1413 1695 1594 1757; x_wconf 83' lang='lat' dir='ltr'><strong>efficaciter</strong></span> <span class='ocrx_word' id='word_1_224' title='bbox 1613 1696 1727 1757; x_wconf 91' lang='lat' dir='ltr'><strong>inten-</strong></span> 
     </span>
    </p>
   </div>
   <div class='ocr_carea' id='block_1_15' title="bbox 901 1790 1728 1868">
    <p class='ocr_par' dir='ltr' id='par_1_16' title="bbox 901 1790 1728 1868">
     <span class='ocr_line' id='line_1_45' title="bbox 901 1790 1728 1868; baseline 0.004 -19"><span class='ocrx_word' id='word_1_225' title='bbox 901 1829 902 1836; x_wconf 20' lang='grc' dir='ltr'><strong>κ</strong></span> <span class='ocrx_word' id='word_1_226' title='bbox 934 1790 1060 1864; x_wconf 86' lang='lat' dir='ltr'><strong>dentes,</strong></span> <span class='ocrx_word' id='word_1_227' title='bbox 1078 1791 1184 1868; x_wconf 88' lang='lat' dir='ltr'><strong>ipsius</strong></span> <span class='ocrx_word' id='word_1_228' title='bbox 1200 1792 1363 1854; x_wconf 88' lang='lat' dir='ltr'><strong>mendatis</strong></span> <span class='ocrx_word' id='word_1_229' title='bbox 1383 1793 1416 1853; x_wconf 90' lang='lat' dir='ltr'><strong>et</strong></span> <span class='ocrx_word' id='word_1_230' title='bbox 1434 1793 1567 1854; x_wconf 90' lang='lat' dir='ltr'><strong>monitis</strong></span> <span class='ocrx_word' id='word_1_231' title='bbox 1583 1791 1728 1868; x_wconf 88' lang='lat' dir='ltr'><strong>pereatis</strong></span> 
     </span>
    </p>
   </div>
   <div class='ocr_carea' id='block_1_16' title="bbox 932 1885 1730 2822">
    <p class='ocr_par' dir='ltr' id='par_1_17' title="bbox 932 1885 1730 2822">
     <span class='ocr_line' id='line_1_46' title="bbox 935 1885 1728 1966; baseline 0.004 -21"><span class='ocrx_word' id='word_1_232' title='bbox 935 1885 1077 1948; x_wconf 83' lang='lat' dir='ltr'><strong>fideliter</strong></span> <span class='ocrx_word' id='word_1_233' title='bbox 1091 1888 1124 1948; x_wconf 89' lang='lat' dir='ltr'><strong>et</strong></span> <span class='ocrx_word' id='word_1_234' title='bbox 1143 1887 1271 1960; x_wconf 82' lang='lat' dir='ltr'><strong>devota,</strong></span> <span class='ocrx_word' id='word_1_235' title='bbox 1289 1889 1335 1950; x_wconf 88' lang='lat' dir='ltr'><strong>ite</strong></span> <span class='ocrx_word' id='word_1_236' title='bbox 1350 1889 1437 1966; x_wconf 93' lang='lat' dir='ltr'><strong>quod</strong></span> <span class='ocrx_word' id='word_1_237' title='bbox 1457 1903 1518 1949; x_wconf 93' lang='lat' dir='ltr'><strong>nos</strong></span> <span class='ocrx_word' id='word_1_238' title='bbox 1537 1889 1728 1950; x_wconf 81' lang='lat' dir='ltr'><strong>fidelitatem</strong></span> 
     </span>
     <span class='ocr_line' id='line_1_47' title="bbox 932 1983 1728 2063; baseline 0.003 -19"><span class='ocrx_word' id='word_1_239' title='bbox 932 1985 1077 2045; x_wconf 86' lang='lat' dir='ltr'><strong>vestram</strong></span> <span class='ocrx_word' id='word_1_240' title='bbox 1098 1983 1206 2060; x_wconf 92' lang='lat' dir='ltr'><strong>dignis</strong></span> <span class='ocrx_word' id='word_1_241' title='bbox 1219 1984 1397 2046; x_wconf 85' lang='lat' dir='ltr'><strong>debeamus</strong></span> <span class='ocrx_word' id='word_1_242' title='bbox 1414 1986 1569 2063; x_wconf 86' lang='lat' dir='ltr'><strong>prosequi</strong></span> <span class='ocrx_word' id='word_1_243' title='bbox 1583 1985 1728 2046; x_wconf 88' lang='lat' dir='ltr'><strong>retribu-</strong></span> 
     </span>
     <span class='ocr_line' id='line_1_48' title="bbox 933 2065 1727 2160; baseline 0.003 -19"><span class='ocrx_word' id='word_1_244' title='bbox 933 2065 1296 2156; x_wconf 77' lang='lat' dir='ltr'><strong>tionibusgratierum3</strong></span> <span class='ocrx_word' id='word_1_245' title='bbox 1313 2083 1472 2160; x_wconf 89' lang='lat' dir='ltr'><strong>alioquin,</strong></span> <span class='ocrx_word' id='word_1_246' title='bbox 1485 2086 1521 2144; x_wconf 93' lang='lat' dir='ltr'><strong>ut</strong></span> <span class='ocrx_word' id='word_1_247' title='bbox 1536 2083 1640 2144; x_wconf 91' lang='lat' dir='ltr'><strong>nosin</strong></span> <span class='ocrx_word' id='word_1_248' title='bbox 1657 2086 1727 2160; x_wconf 88' lang='lat' dir='ltr'><strong>ejus</strong></span> 
     </span>
     <span class='ocr_line' id='line_1_49' title="bbox 934 2178 1728 2269; baseline 0.01 -32"><span class='ocrx_word' id='word_1_249' title='bbox 934 2192 1076 2269; x_wconf 77' lang='lat' dir='ltr'><strong>persona</strong></span> <span class='ocrx_word' id='word_1_250' title='bbox 1092 2178 1252 2240; x_wconf 89' lang='lat' dir='ltr'><strong>honorari</strong></span> <span class='ocrx_word' id='word_1_251' title='bbox 1266 2180 1298 2240; x_wconf 93' lang='lat' dir='ltr'><strong>et</strong></span> <span class='ocrx_word' id='word_1_252' title='bbox 1313 2180 1426 2256; x_wconf 88' lang='lat' dir='ltr'><strong>sperni</strong></span> <span class='ocrx_word' id='word_1_253' title='bbox 1441 2180 1571 2255; x_wconf 89' lang='lat' dir='ltr'><strong>plenius</strong></span> <span class='ocrx_word' id='word_1_254' title='bbox 1587 2195 1728 2254; x_wconf 84' lang='lat' dir='ltr'><strong>cognos-</strong></span> 
     </span>
     <span class='ocr_line' id='line_1_50' title="bbox 934 2275 1729 2354; baseline 0.001 -20"><span class='ocrx_word' id='word_1_255' title='bbox 934 2275 1028 2346; x_wconf 89' lang='lat' dir='ltr'><strong>cetis,</strong></span> <span class='ocrx_word' id='word_1_256' title='bbox 1044 2275 1241 2337; x_wconf 89' lang='lat' dir='ltr'><strong>senteutiam</strong></span> <span class='ocrx_word' id='word_1_257' title='bbox 1255 2277 1326 2338; x_wconf 85' lang='lat' dir='ltr'><strong>sive</strong></span> <span class='ocrx_word' id='word_1_258' title='bbox 1336 2276 1543 2354; x_wconf 89' lang='lat' dir='ltr'><strong>spiritualem</strong></span> <span class='ocrx_word' id='word_1_259' title='bbox 1562 2277 1632 2336; x_wconf 84' lang='lat' dir='ltr'><strong>sire</strong></span> <span class='ocrx_word' id='word_1_260' title='bbox 1644 2276 1729 2337; x_wconf 89' lang='lat' dir='ltr'><strong>tern-</strong></span> 
     </span>
     <span class='ocr_line' id='line_1_51' title="bbox 934 2371 1728 2448; baseline 0 -16"><span class='ocrx_word' id='word_1_261' title='bbox 934 2371 1094 2446; x_wconf 91' lang='lat' dir='ltr'><strong>porelem,</strong></span> <span class='ocrx_word' id='word_1_262' title='bbox 1114 2387 1212 2448; x_wconf 89' lang='lat' dir='ltr'><strong>quam</strong></span> <span class='ocrx_word' id='word_1_263' title='bbox 1232 2372 1320 2433; x_wconf 88' lang='lat' dir='ltr'><strong>idem</strong></span> <span class='ocrx_word' id='word_1_264' title='bbox 1339 2371 1467 2448; x_wconf 85' lang='lat' dir='ltr'><strong>legatas</strong></span> <span class='ocrx_word' id='word_1_265' title='bbox 1489 2373 1552 2434; x_wconf 91' lang='lat' dir='ltr'><strong>rita</strong></span> <span class='ocrx_word' id='word_1_266' title='bbox 1567 2372 1679 2434; x_wconf 92' lang='lat' dir='ltr'><strong>tulerit</strong></span> <span class='ocrx_word' id='word_1_267' title='bbox 1693 2373 1728 2433; x_wconf 89' lang='lat' dir='ltr'><strong>in</strong></span> 
     </span>
     <span class='ocr_line' id='line_1_52' title="bbox 934 2466 1729 2552; baseline 0 -24"><span class='ocrx_word' id='word_1_268' title='bbox 934 2466 1086 2540; x_wconf 88' lang='lat' dir='ltr'><strong>rebelles,</strong></span> <span class='ocrx_word' id='word_1_269' title='bbox 1122 2469 1229 2532; x_wconf 89' lang='lat' dir='ltr'><strong>ratam</strong></span> <span class='ocrx_word' id='word_1_270' title='bbox 1264 2469 1479 2552; x_wconf 81' lang='lat' dir='ltr'><strong>habebimus,</strong></span> <span class='ocrx_word' id='word_1_271' title='bbox 1510 2471 1543 2532; x_wconf 91' lang='lat' dir='ltr'><strong>et</strong></span> <span class='ocrx_word' id='word_1_272' title='bbox 1570 2469 1729 2530; x_wconf 83' lang='lat' dir='ltr'><strong>iaciemus</strong></span> 
     </span>
     <span class='ocr_line' id='line_1_53' title="bbox 933 2565 1727 2633; baseline 0.001 -8"><span class='ocrx_word' id='word_1_273' title='bbox 933 2567 1068 2627; x_wconf 89' lang='lat' dir='ltr'><strong>auctore</strong></span> <span class='ocrx_word' id='word_1_274' title='bbox 1088 2566 1228 2626; x_wconf 90' lang='lat' dir='ltr'><strong>Domino</strong></span> <span class='ocrx_word' id='word_1_275' title='bbox 1248 2565 1388 2633; x_wconf 84' lang='lat' dir='ltr'><strong>tirmiter</strong></span> <span class='ocrx_word' id='word_1_276' title='bbox 1410 2565 1592 2627; x_wconf 85' lang='lat' dir='ltr'><strong>observari.</strong></span> <span class='ocrx_word' id='word_1_277' title='bbox 1609 2567 1727 2628; x_wconf 88' lang='lat' dir='ltr'><strong>Datum</strong></span> 
     </span>
     <span class='ocr_line' id='line_1_54' title="bbox 933 2663 1730 2744; baseline 0.005 -22"><span class='ocrx_word' id='word_1_278' title='bbox 933 2663 1101 2736; x_wconf 84' lang='lat' dir='ltr'><strong>Laterani,</strong></span> <span class='ocrx_word' id='word_1_279' title='bbox 1119 2665 1195 2724; x_wconf 84' lang='lat' dir='ltr'><strong>XIV</strong></span> <span class='ocrx_word' id='word_1_280' title='bbox 1208 2663 1369 2724; x_wconf 88' lang='lat' dir='ltr'><strong>kalendas</strong></span> <span class='ocrx_word' id='word_1_281' title='bbox 1392 2663 1536 2744; x_wconf 80' lang='lat' dir='ltr'><strong>augusti,</strong></span> <span class='ocrx_word' id='word_1_282' title='bbox 1553 2663 1730 2740; x_wconf 82' lang='lat' dir='ltr'><strong>pontifica-</strong></span> 
     </span>
     <span class='ocr_line' id='line_1_55' title="bbox 932 2759 1353 2822; baseline 0.002 -2"><span class='ocrx_word' id='word_1_283' title='bbox 932 2759 987 2820; x_wconf 87' lang='lat' dir='ltr'><strong>tus</strong></span> <span class='ocrx_word' id='word_1_284' title='bbox 1001 2759 1107 2821; x_wconf 90' lang='lat' dir='ltr'><strong>nostri</strong></span> <span class='ocrx_word' id='word_1_285' title='bbox 1123 2775 1211 2821; x_wconf 88' lang='lat' dir='ltr'><strong>enno</strong></span> <span class='ocrx_word' id='word_1_286' title='bbox 1225 2760 1353 2822; x_wconf 88' lang='lat' dir='ltr'><strong>octavo.</strong></span> 
     </span>
    </p>
   </div>
   <div class='ocr_carea' id='block_1_17' title="bbox 931 2909 1729 3470">
    <p class='ocr_par' dir='ltr' id='par_1_18' title="bbox 931 2909 1729 3470">
     <span class='ocr_line' id='line_1_56' title="bbox 973 2909 1726 2980; baseline 0.004 -11"><span class='ocrx_word' id='word_1_287' title='bbox 973 2912 1015 2969; x_wconf 83' lang='lat' dir='ltr'><strong>ln</strong></span> <span class='ocrx_word' id='word_1_288' title='bbox 1031 2913 1188 2971; x_wconf 81' lang='lat' dir='ltr'><strong>eumdem</strong></span> <span class='ocrx_word' id='word_1_289' title='bbox 1202 2913 1343 2972; x_wconf 74' lang='lat' dir='ltr'><strong>mortum</strong></span> <span class='ocrx_word' id='word_1_290' title='bbox 1358 2909 1535 2980; x_wconf 84' lang='lat' dir='ltr'><strong>Esculeno,</strong></span> <span class='ocrx_word' id='word_1_291' title='bbox 1606 2911 1726 2972; x_wconf 85' lang='lat' dir='ltr'><strong>Geme-</strong></span> 
     </span>
     <span class='ocr_line' id='line_1_57' title="bbox 932 3004 1727 3078; baseline 0.004 -14"><span class='ocrx_word' id='word_1_292' title='bbox 932 3004 1071 3076; x_wconf 88' lang='lat' dir='ltr'><strong>rineusi,</strong></span> <span class='ocrx_word' id='word_1_293' title='bbox 1134 3006 1302 3078; x_wconf 84' lang='lat' dir='ltr'><strong>Firmano,</strong></span> <span class='ocrx_word' id='word_1_294' title='bbox 1366 3007 1557 3078; x_wconf 71' lang='lat' dir='ltr'><strong>humanati,</strong></span> <span class='ocrx_word' id='word_1_295' title='bbox 1617 3009 1727 3067; x_wconf 85' lang='lat' dir='ltr'><strong>Anco-</strong></span> 
     </span>
     <span class='ocr_line' id='line_1_58' title="bbox 931 3102 1726 3179; baseline 0.004 -18"><span class='ocrx_word' id='word_1_296' title='bbox 931 3102 1058 3174; x_wconf 90' lang='lat' dir='ltr'><strong>nitann,</strong></span> <span class='ocrx_word' id='word_1_297' title='bbox 1122 3103 1322 3175; x_wconf 74' lang='lat' dir='ltr'><strong>auximano,</strong></span> <span class='ocrx_word' id='word_1_298' title='bbox 1393 3104 1505 3176; x_wconf 82' lang='lat' dir='ltr'><strong>Esino,</strong></span> <span class='ocrx_word' id='word_1_299' title='bbox 1573 3105 1726 3179; x_wconf 87' lang='lat' dir='ltr'><strong>Senoga-</strong></span> 
     </span>
     <span class='ocr_line' id='line_1_59' title="bbox 932 3198 1728 3273; baseline 0.004 -15"><span class='ocrx_word' id='word_1_300' title='bbox 932 3198 1042 3270; x_wconf 90' lang='lat' dir='ltr'><strong>liensi,</strong></span> <span class='ocrx_word' id='word_1_301' title='bbox 1115 3200 1314 3272; x_wconf 81' lang='lat' dir='ltr'><strong>Fanensi,...</strong></span> <span class='ocrx_word' id='word_1_302' title='bbox 1331 3201 1600 3273; x_wconf 71' lang='lat' dir='ltr'><strong>Pesendarai...</strong></span> <span class='ocrx_word' id='word_1_303' title='bbox 1623 3203 1728 3262; x_wconf 83' lang='lat' dir='ltr'><strong>Foro-</strong></span> 
     </span>
     <span class='ocr_line' id='line_1_60' title="bbox 933 3297 1729 3375; baseline 0.006 -20"><span class='ocrx_word' id='word_1_304' title='bbox 933 3297 1178 3372; x_wconf 89' lang='lat' dir='ltr'><strong>semproniensi</strong></span> <span class='ocrx_word' id='word_1_305' title='bbox 1188 3297 1270 3364; x_wconf 90' lang='lat' dir='ltr'><strong>et...,</strong></span> <span class='ocrx_word' id='word_1_306' title='bbox 1283 3297 1428 3358; x_wconf 82' lang='lat' dir='ltr'><strong>cellensi</strong></span> <span class='ocrx_word' id='word_1_307' title='bbox 1440 3298 1615 3375; x_wconf 89' lang='lat' dir='ltr'><strong>episcopis,</strong></span> <span class='ocrx_word' id='word_1_308' title='bbox 1628 3302 1661 3360; x_wconf 89' lang='lat' dir='ltr'><strong>et</strong></span> <span class='ocrx_word' id='word_1_309' title='bbox 1671 3313 1729 3360; x_wconf 89' lang='lat' dir='ltr'><strong>ca-</strong></span> 
     </span>
     <span class='ocr_line' id='line_1_61' title="bbox 932 3392 1420 3470; baseline 0.006 -18"><span class='ocrx_word' id='word_1_310' title='bbox 932 3392 1047 3468; x_wconf 85' lang='lat' dir='ltr'><strong>pitulis</strong></span> <span class='ocrx_word' id='word_1_311' title='bbox 1062 3394 1095 3455; x_wconf 88' lang='lat' dir='ltr'><strong>et</strong></span> <span class='ocrx_word' id='word_1_312' title='bbox 1109 3393 1241 3454; x_wconf 89' lang='lat' dir='ltr'><strong>clericis</strong></span> <span class='ocrx_word' id='word_1_313' title='bbox 1261 3394 1420 3470; x_wconf 89' lang='lat' dir='ltr'><strong>ipsorum.</strong></span> 
     </span>
    </p>
   </div>
   <div class='ocr_carea' id='block_1_18' title="bbox 972 3535 1728 3612">
    <p class='ocr_par' dir='ltr' id='par_1_19' title="bbox 972 3535 1728 3612">
     <span class='ocr_line' id='line_1_62' title="bbox 972 3535 1728 3612; baseline 0.004 -19"><span class='ocrx_word' id='word_1_314' title='bbox 972 3536 1014 3595; x_wconf 84' lang='lat' dir='ltr'><strong>ln</strong></span> <span class='ocrx_word' id='word_1_315' title='bbox 1032 3535 1191 3604; x_wconf 77' lang='lat' dir='ltr'><strong>eumdem</strong></span> <span class='ocrx_word' id='word_1_316' title='bbox 1213 3537 1352 3596; x_wconf 72' lang='lat' dir='ltr'><strong>modeim</strong></span> <span class='ocrx_word' id='word_1_317' title='bbox 1377 3535 1532 3611; x_wconf 86' lang='lat' dir='ltr'><strong>potestati</strong></span> <span class='ocrx_word' id='word_1_318' title='bbox 1556 3535 1588 3596; x_wconf 91' lang='lat' dir='ltr'><strong>et</strong></span> <span class='ocrx_word' id='word_1_319' title='bbox 1606 3535 1728 3612; x_wconf 93' lang='lat' dir='ltr'><strong>populo</strong></span> 
     </span>
    </p>
   </div>
   <div class='ocr_carea' id='block_1_19' title="bbox 74 3611 1781 5746">
    <p class='ocr_par' dir='ltr' id='par_1_20' title="bbox 108 3611 1726 3710">
     <span class='ocr_line' id='line_1_63' title="bbox 108 3611 1726 3710; baseline -0.001 -17"><span class='ocrx_word' id='word_1_320' title='bbox 108 3611 283 3710; x_wconf 62' lang='lat' dir='ltr'><strong>PR⁵⁸⁰⁰P⁰¹¹¹</strong></span> <span class='ocrx_word' id='word_1_321' title='bbox 297 3611 461 3674; x_wconf 60' lang='lat' dir='ltr'><strong>Fiffflstfluffl</strong></span> <span class='ocrx_word' id='word_1_322' title='bbox 477 3611 710 3686; x_wconf 84' lang='lat' dir='ltr'><strong>almarchionem</strong></span> <span class='ocrx_word' id='word_1_323' title='bbox 726 3615 875 3682; x_wconf 60' lang='lat' dir='ltr'><strong>Etlefltssffl</strong></span> <span class='ocrx_word' id='word_1_324' title='bbox 932 3629 1088 3695; x_wconf 89' lang='lat' dir='ltr'><strong>Firmano</strong></span> <span class='ocrx_word' id='word_1_325' title='bbox 1108 3645 1214 3704; x_wconf 76' lang='lat' dir='ltr'><strong>negate</strong></span> <span class='ocrx_word' id='word_1_326' title='bbox 1240 3630 1418 3706; x_wconf 79' lang='lat' dir='ltr'><strong>legationis</strong></span> <span class='ocrx_word' id='word_1_327' title='bbox 1440 3629 1561 3703; x_wconf 85' lang='lat' dir='ltr'><strong>alticio,</strong></span> <span class='ocrx_word' id='word_1_328' title='bbox 1585 3648 1660 3692; x_wconf 84' lang='lat' dir='ltr'><strong>anm</strong></span> <span class='ocrx_word' id='word_1_329' title='bbox 1684 3632 1726 3692; x_wconf 91' lang='lat' dir='ltr'><strong>ed</strong></span> 
     </span>
    </p>

    <p class='ocr_par' dir='ltr' id='par_1_21' title="bbox 107 3698 1727 3804">
     <span class='ocr_line' id='line_1_64' title="bbox 107 3698 1727 3804; baseline 0.003 -20"><span class='ocrx_word' id='word_1_330' title='bbox 107 3703 215 3754; x_wconf 56' lang='grc' dir='ltr'><strong>ΗΜ</strong></span> <span class='ocrx_word' id='word_1_331' title='bbox 233 3698 396 3756; x_wconf 53' lang='lat' dir='ltr'><strong>mmm·</strong></span> <span class='ocrx_word' id='word_1_332' title='bbox 932 3727 1126 3804; x_wconf 87' lang='lat' dir='ltr'><strong>praedictam</strong></span> <span class='ocrx_word' id='word_1_333' title='bbox 1140 3727 1324 3800; x_wconf 85' lang='lat' dir='ltr'><strong>marchiam</strong></span> <span class='ocrx_word' id='word_1_334' title='bbox 1339 3727 1544 3803; x_wconf 83' lang='lat' dir='ltr'><strong>providimus</strong></span> <span class='ocrx_word' id='word_1_335' title='bbox 1560 3729 1727 3790; x_wconf 89' lang='lat' dir='ltr'><strong>remitten-</strong></span> 
     </span>
    </p>

    <p class='ocr_par' dir='ltr' id='par_1_22' title="bbox 74 3821 1726 4677">
     <span class='ocr_line' id='line_1_65' title="bbox 114 3821 1726 3902; baseline 0.002 -20"><span class='ocrx_word' id='word_1_336' title='bbox 114 3822 287 3887; x_wconf 85' lang='lat' dir='ltr'><strong>Honorius</strong></span> <span class='ocrx_word' id='word_1_337' title='bbox 295 3823 484 3902; x_wconf 79' lang='lat' dir='ltr'><strong>episcopua,</strong></span> <span class='ocrx_word' id='word_1_338' title='bbox 494 3839 612 3892; x_wconf 82' lang='lat' dir='ltr'><strong>serres</strong></span> <span class='ocrx_word' id='word_1_339' title='bbox 622 3840 794 3898; x_wconf 77' lang='lat' dir='ltr'><strong>servorum</strong></span> <span class='ocrx_word' id='word_1_340' title='bbox 803 3824 873 3898; x_wconf 81' lang='lat' dir='ltr'><strong>liei,</strong></span> <span class='ocrx_word' id='word_1_341' title='bbox 932 3821 1021 3888; x_wconf 89' lang='lat' dir='ltr'><strong>dum.</strong></span> <span class='ocrx_word' id='word_1_342' title='bbox 1038 3823 1195 3888; x_wconf 85' lang='lat' dir='ltr'><strong>Veientes</strong></span> <span class='ocrx_word' id='word_1_343' title='bbox 1210 3823 1312 3900; x_wconf 83' lang='lat' dir='ltr'><strong>igitur</strong></span> <span class='ocrx_word' id='word_1_344' title='bbox 1327 3825 1375 3888; x_wconf 90' lang='lat' dir='ltr'><strong>sic</strong></span> <span class='ocrx_word' id='word_1_345' title='bbox 1391 3824 1539 3885; x_wconf 88' lang='lat' dir='ltr'><strong>ecclesiae</strong></span> <span class='ocrx_word' id='word_1_346' title='bbox 1560 3825 1726 3887; x_wconf 85' lang='lat' dir='ltr'><strong>Firmanaa</strong></span> 
     </span>
     <span class='ocr_line' id='line_1_66' title="bbox 75 3918 1725 4004; baseline 0.001 -24"><span class='ocrx_word' id='word_1_347' title='bbox 75 3918 209 3992; x_wconf 87' lang='lat' dir='ltr'><strong>dilectis</strong></span> <span class='ocrx_word' id='word_1_348' title='bbox 243 3921 320 3981; x_wconf 86' lang='lat' dir='ltr'><strong>tiliis</strong></span> <span class='ocrx_word' id='word_1_349' title='bbox 358 3921 543 3994; x_wconf 86' lang='lat' dir='ltr'><strong>Esculanis,</strong></span> <span class='ocrx_word' id='word_1_350' title='bbox 572 3921 873 3994; x_wconf 80' lang='lat' dir='ltr'><strong>camerinensibus,</strong></span> <span class='ocrx_word' id='word_1_351' title='bbox 927 3921 1006 4002; x_wconf 86' lang='lat' dir='ltr'><strong>jura</strong></span> <span class='ocrx_word' id='word_1_352' title='bbox 1026 3934 1174 3989; x_wconf 86' lang='lat' dir='ltr'><strong>servare,</strong></span> <span class='ocrx_word' id='word_1_353' title='bbox 1195 3919 1325 4000; x_wconf 88' lang='lat' dir='ltr'><strong>utjure</strong></span> <span class='ocrx_word' id='word_1_354' title='bbox 1343 3921 1725 4004; x_wconf 66' lang='lat' dir='ltr'><strong>curiaenullatenusmi7</strong></span> 
     </span>
     <span class='ocr_line' id='line_1_67' title="bbox 77 4015 1723 4094; baseline 0.001 -16"><span class='ocrx_word' id='word_1_355' title='bbox 77 4015 256 4089; x_wconf 86' lang='lat' dir='ltr'><strong>Firmanis,</strong></span> <span class='ocrx_word' id='word_1_356' title='bbox 269 4017 528 4089; x_wconf 84' lang='lat' dir='ltr'><strong>Humanatihus,</strong></span> <span class='ocrx_word' id='word_1_357' title='bbox 539 4018 877 4089; x_wconf 72' lang='lat' dir='ltr'><strong>anconitanishuxi·</strong></span> <span class='ocrx_word' id='word_1_358' title='bbox 931 4017 1087 4088; x_wconf 88' lang='lat' dir='ltr'><strong>nuentnr,</strong></span> <span class='ocrx_word' id='word_1_359' title='bbox 1116 4032 1155 4090; x_wconf 81' lang='lat' dir='ltr'><strong>ac</strong></span> <span class='ocrx_word' id='word_1_360' title='bbox 1183 4033 1284 4094; x_wconf 83' lang='lat' dir='ltr'><strong>super</strong></span> <span class='ocrx_word' id='word_1_361' title='bbox 1310 4017 1362 4081; x_wconf 91' lang='lat' dir='ltr'><strong>his</strong></span> <span class='ocrx_word' id='word_1_362' title='bbox 1388 4019 1477 4079; x_wconf 90' lang='lat' dir='ltr'><strong>inter</strong></span> <span class='ocrx_word' id='word_1_363' title='bbox 1499 4019 1723 4081; x_wconf 83' lang='lat' dir='ltr'><strong>venerabilem</strong></span> 
     </span>
     <span class='ocr_line' id='line_1_68' title="bbox 76 4113 1724 4196; baseline 0.005 -24"><span class='ocrx_word' id='word_1_364' title='bbox 76 4113 200 4184; x_wconf 85' lang='lat' dir='ltr'><strong>menis,</strong></span> <span class='ocrx_word' id='word_1_365' title='bbox 212 4113 332 4186; x_wconf 73' lang='lat' dir='ltr'><strong>hisinio,</strong></span> <span class='ocrx_word' id='word_1_366' title='bbox 342 4115 644 4190; x_wconf 79' lang='lat' dir='ltr'><strong>senogaliensibus,</strong></span> <span class='ocrx_word' id='word_1_367' title='bbox 654 4115 873 4196; x_wconf 77' lang='lat' dir='ltr'><strong>ldenensibuS,¹</strong></span> <span class='ocrx_word' id='word_1_368' title='bbox 931 4113 1066 4180; x_wconf 81' lang='lat' dir='ltr'><strong>tratrem</strong></span> <span class='ocrx_word' id='word_1_369' title='bbox 1086 4117 1234 4178; x_wconf 92' lang='lat' dir='ltr'><strong>nostrum</strong></span> <span class='ocrx_word' id='word_1_370' title='bbox 1263 4115 1454 4194; x_wconf 87' lang='lat' dir='ltr'><strong>episcopum</strong></span> <span class='ocrx_word' id='word_1_371' title='bbox 1477 4117 1669 4190; x_wconf 83' lang='lat' dir='ltr'><strong>Firmanum</strong></span> <span class='ocrx_word' id='word_1_372' title='bbox 1691 4119 1724 4180; x_wconf 94' lang='lat' dir='ltr'><strong>et</strong></span> 
     </span>
     <span class='ocr_line' id='line_1_69' title="bbox 77 4211 1723 4288; baseline 0.003 -18"><span class='ocrx_word' id='word_1_373' title='bbox 77 4211 366 4283; x_wconf 77' lang='lat' dir='ltr'><strong>pesauriensibus,</strong></span> <span class='ocrx_word' id='word_1_374' title='bbox 402 4213 805 4287; x_wconf 88' lang='lat' dir='ltr'><strong>Forosemproniensibus‚</strong></span> <span class='ocrx_word' id='word_1_375' title='bbox 843 4215 876 4274; x_wconf 92' lang='lat' dir='ltr'><strong>et</strong></span> <span class='ocrx_word' id='word_1_376' title='bbox 930 4211 1081 4279; x_wconf 85' lang='lat' dir='ltr'><strong>eumdem</strong></span> <span class='ocrx_word' id='word_1_377' title='bbox 1110 4211 1255 4288; x_wconf 84' lang='lat' dir='ltr'><strong>legatum</strong></span> <span class='ocrx_word' id='word_1_378' title='bbox 1291 4211 1514 4277; x_wconf 88' lang='lat' dir='ltr'><strong>contentionis</strong></span> <span class='ocrx_word' id='word_1_379' title='bbox 1550 4215 1723 4276; x_wconf 88' lang='lat' dir='ltr'><strong>materiem</strong></span> 
     </span>
     <span class='ocr_line' id='line_1_70' title="bbox 75 4307 1723 4386; baseline 0.002 -19"><span class='ocrx_word' id='word_1_380' title='bbox 75 4307 285 4368; x_wconf 87' lang='lat' dir='ltr'><strong>Callensibus</strong></span> <span class='ocrx_word' id='word_1_381' title='bbox 320 4308 487 4370; x_wconf 89' lang='lat' dir='ltr'><strong>nobilibus</strong></span> <span class='ocrx_word' id='word_1_382' title='bbox 516 4309 550 4370; x_wconf 90' lang='lat' dir='ltr'><strong>et</strong></span> <span class='ocrx_word' id='word_1_383' title='bbox 583 4308 874 4372; x_wconf 88' lang='lat' dir='ltr'><strong>communitatibus</strong></span> <span class='ocrx_word' id='word_1_384' title='bbox 929 4311 1114 4386; x_wconf 87' lang='lat' dir='ltr'><strong>amputare,</strong></span> <span class='ocrx_word' id='word_1_385' title='bbox 1142 4325 1271 4371; x_wconf 88' lang='lat' dir='ltr'><strong>necnon</strong></span> <span class='ocrx_word' id='word_1_386' title='bbox 1293 4313 1401 4372; x_wconf 89' lang='lat' dir='ltr'><strong>certos</strong></span> <span class='ocrx_word' id='word_1_387' title='bbox 1421 4327 1480 4372; x_wconf 87' lang='lat' dir='ltr'><strong>vos</strong></span> <span class='ocrx_word' id='word_1_388' title='bbox 1501 4311 1650 4383; x_wconf 87' lang='lat' dir='ltr'><strong>reddere,</strong></span> <span class='ocrx_word' id='word_1_389' title='bbox 1668 4311 1723 4372; x_wconf 91' lang='lat' dir='ltr'><strong>cui</strong></span> 
     </span>
     <span class='ocr_line' id='line_1_71' title="bbox 75 4405 1721 4484; baseline 0.001 -18"><span class='ocrx_word' id='word_1_390' title='bbox 75 4405 243 4466; x_wconf 87' lang='lat' dir='ltr'><strong>universis</strong></span> <span class='ocrx_word' id='word_1_391' title='bbox 256 4406 564 4482; x_wconf 77' lang='lat' dir='ltr'><strong>perhncnnitenem</strong></span> <span class='ocrx_word' id='word_1_392' title='bbox 575 4407 759 4467; x_wconf 87' lang='lat' dir='ltr'><strong>marchiam</strong></span> <span class='ocrx_word' id='word_1_393' title='bbox 771 4423 875 4467; x_wconf 91' lang='lat' dir='ltr'><strong>cons·</strong></span> <span class='ocrx_word' id='word_1_394' title='bbox 929 4405 980 4466; x_wconf 88' lang='lat' dir='ltr'><strong>rel</strong></span> <span class='ocrx_word' id='word_1_395' title='bbox 999 4405 1117 4482; x_wconf 91' lang='lat' dir='ltr'><strong>quihus</strong></span> <span class='ocrx_word' id='word_1_396' title='bbox 1137 4407 1309 4468; x_wconf 89' lang='lat' dir='ltr'><strong>intendere</strong></span> <span class='ocrx_word' id='word_1_397' title='bbox 1324 4406 1482 4476; x_wconf 90' lang='lat' dir='ltr'><strong>debeatis,</strong></span> <span class='ocrx_word' id='word_1_398' title='bbox 1504 4409 1721 4484; x_wconf 89' lang='lat' dir='ltr'><strong>compositio-</strong></span> 
     </span>
     <span class='ocr_line' id='line_1_72' title="bbox 74 4502 1720 4581; baseline 0.002 -18"><span class='ocrx_word' id='word_1_399' title='bbox 74 4502 194 4570; x_wconf 89' lang='lat' dir='ltr'><strong>titutis,</strong></span> <span class='ocrx_word' id='word_1_400' title='bbox 211 4502 363 4564; x_wconf 85' lang='lat' dir='ltr'><strong>fidelihus</strong></span> <span class='ocrx_word' id='word_1_401' title='bbox 380 4504 512 4575; x_wconf 88' lang='lat' dir='ltr'><strong>nostris,</strong></span> <span class='ocrx_word' id='word_1_402' title='bbox 529 4504 671 4565; x_wconf 90' lang='lat' dir='ltr'><strong>salutem</strong></span> <span class='ocrx_word' id='word_1_403' title='bbox 688 4505 719 4564; x_wconf 91' lang='lat' dir='ltr'><strong>et</strong></span> <span class='ocrx_word' id='word_1_404' title='bbox 733 4505 872 4580; x_wconf 87' lang='lat' dir='ltr'><strong>Aposto-</strong></span> <span class='ocrx_word' id='word_1_405' title='bbox 929 4519 1004 4563; x_wconf 91' lang='lat' dir='ltr'><strong>uem</strong></span> <span class='ocrx_word' id='word_1_406' title='bbox 1028 4503 1144 4564; x_wconf 89' lang='lat' dir='ltr'><strong>initam</strong></span> <span class='ocrx_word' id='word_1_407' title='bbox 1165 4503 1252 4565; x_wconf 91' lang='lat' dir='ltr'><strong>inter</strong></span> <span class='ocrx_word' id='word_1_408' title='bbox 1273 4504 1369 4565; x_wconf 87' lang='lat' dir='ltr'><strong>bonae</strong></span> <span class='ocrx_word' id='word_1_409' title='bbox 1393 4505 1561 4566; x_wconf 71' lang='lat' dir='ltr'><strong>memoriae</strong></span> <span class='ocrx_word' id='word_1_410' title='bbox 1576 4508 1613 4566; x_wconf 91' lang='lat' dir='ltr'><strong>P.</strong></span> <span class='ocrx_word' id='word_1_411' title='bbox 1630 4521 1720 4581; x_wconf 91' lang='lat' dir='ltr'><strong>prae-</strong></span> 
     </span>
     <span class='ocr_line' id='line_1_73' title="bbox 76 4599 1721 4677; baseline 0.003 -18"><span class='ocrx_word' id='word_1_412' title='bbox 76 4599 176 4662; x_wconf 92' lang='lat' dir='ltr'><strong>licem</strong></span> <span class='ocrx_word' id='word_1_413' title='bbox 190 4599 467 4662; x_wconf 89' lang='lat' dir='ltr'><strong>benedictionem.</strong></span> <span class='ocrx_word' id='word_1_414' title='bbox 928 4599 1136 4661; x_wconf 90' lang='lat' dir='ltr'><strong>decessorem</strong></span> <span class='ocrx_word' id='word_1_415' title='bbox 1160 4601 1307 4677; x_wconf 81' lang='lat' dir='ltr'><strong>ejusdem</strong></span> <span class='ocrx_word' id='word_1_416' title='bbox 1331 4601 1488 4677; x_wconf 90' lang='lat' dir='ltr'><strong>episcopi,</strong></span> <span class='ocrx_word' id='word_1_417' title='bbox 1509 4603 1542 4662; x_wconf 91' lang='lat' dir='ltr'><strong>et</strong></span> <span class='ocrx_word' id='word_1_418' title='bbox 1563 4602 1721 4664; x_wconf 91' lang='lat' dir='ltr'><strong>dilectum</strong></span> 
     </span>
    </p>

    <p class='ocr_par' dir='ltr' id='par_1_23' title="bbox 74 4695 1781 5746">
     <span class='ocr_line' id='line_1_74' title="bbox 115 4695 1721 4774; baseline 0.001 -16"><span class='ocrx_word' id='word_1_419' title='bbox 115 4699 197 4758; x_wconf 85' lang='lat' dir='ltr'><strong>Cum</strong></span> <span class='ocrx_word' id='word_1_420' title='bbox 212 4697 368 4759; x_wconf 89' lang='lat' dir='ltr'><strong>dilectum</strong></span> <span class='ocrx_word' id='word_1_421' title='bbox 382 4697 486 4758; x_wconf 86' lang='lat' dir='ltr'><strong>fllium</strong></span> <span class='ocrx_word' id='word_1_422' title='bbox 508 4699 704 4774; x_wconf 89' lang='lat' dir='ltr'><strong>magistrum</strong></span> <span class='ocrx_word' id='word_1_423' title='bbox 719 4698 872 4759; x_wconf 89' lang='lat' dir='ltr'><strong>Pandul-</strong></span> <span class='ocrx_word' id='word_1_424' title='bbox 928 4695 1034 4756; x_wconf 87' lang='lat' dir='ltr'><strong>illium</strong></span> <span class='ocrx_word' id='word_1_425' title='bbox 1058 4695 1203 4757; x_wconf 91' lang='lat' dir='ltr'><strong>nobilem</strong></span> <span class='ocrx_word' id='word_1_426' title='bbox 1231 4697 1339 4758; x_wconf 89' lang='lat' dir='ltr'><strong>virum</strong></span> <span class='ocrx_word' id='word_1_427' title='bbox 1368 4700 1406 4758; x_wconf 83' lang='lat' dir='ltr'><strong>A.</strong></span> <span class='ocrx_word' id='word_1_428' title='bbox 1435 4698 1616 4770; x_wconf 86' lang='lat' dir='ltr'><strong>Estensem,</strong></span> <span class='ocrx_word' id='word_1_429' title='bbox 1642 4700 1721 4760; x_wconf 91' lang='lat' dir='ltr'><strong>tunc</strong></span> 
     </span>
     <span class='ocr_line' id='line_1_75' title="bbox 75 4792 1721 4866; baseline 0.002 -12"><span class='ocrx_word' id='word_1_430' title='bbox 75 4793 154 4866; x_wconf 89' lang='lat' dir='ltr'><strong>lum,</strong></span> <span class='ocrx_word' id='word_1_431' title='bbox 181 4793 423 4854; x_wconf 89' lang='lat' dir='ltr'><strong>subdiaconum</strong></span> <span class='ocrx_word' id='word_1_432' title='bbox 452 4796 486 4856; x_wconf 91' lang='lat' dir='ltr'><strong>et</strong></span> <span class='ocrx_word' id='word_1_433' title='bbox 512 4795 679 4855; x_wconf 89' lang='lat' dir='ltr'><strong>noterium</strong></span> <span class='ocrx_word' id='word_1_434' title='bbox 708 4798 870 4866; x_wconf 89' lang='lat' dir='ltr'><strong>nostrum,</strong></span> <span class='ocrx_word' id='word_1_435' title='bbox 927 4793 1171 4854; x_wconf 85' lang='lat' dir='ltr'><strong>Anconitanum</strong></span> <span class='ocrx_word' id='word_1_436' title='bbox 1181 4792 1540 4859; x_wconf 87' lang='lat' dir='ltr'><strong>marchionem,eodem</strong></span> <span class='ocrx_word' id='word_1_437' title='bbox 1553 4795 1721 4858; x_wconf 87' lang='lat' dir='ltr'><strong>mediante</strong></span> 
     </span>
     <span class='ocr_line' id='line_1_76' title="bbox 75 4889 1721 4968; baseline 0.001 -16"><span class='ocrx_word' id='word_1_438' title='bbox 75 4890 275 4968; x_wconf 79' lang='lat' dir='ltr'><strong>apostolicae</strong></span> <span class='ocrx_word' id='word_1_439' title='bbox 303 4891 398 4950; x_wconf 84' lang='lat' dir='ltr'><strong>Sedis</strong></span> <span class='ocrx_word' id='word_1_440' title='bbox 418 4889 575 4966; x_wconf 88' lang='lat' dir='ltr'><strong>legatum,</strong></span> <span class='ocrx_word' id='word_1_441' title='bbox 594 4906 654 4968; x_wconf 92' lang='lat' dir='ltr'><strong>pro</strong></span> <span class='ocrx_word' id='word_1_442' title='bbox 676 4891 871 4968; x_wconf 89' lang='lat' dir='ltr'><strong>quibusdem</strong></span> <span class='ocrx_word' id='word_1_443' title='bbox 927 4889 1037 4965; x_wconf 88' lang='lat' dir='ltr'><strong>legato</strong></span> <span class='ocrx_word' id='word_1_444' title='bbox 1063 4893 1141 4951; x_wconf 90' lang='lat' dir='ltr'><strong>tuno</strong></span> <span class='ocrx_word' id='word_1_445' title='bbox 1164 4890 1475 4966; x_wconf 76' lang='lat' dir='ltr'><strong>apostolicaesedis</strong></span> <span class='ocrx_word' id='word_1_446' title='bbox 1495 4893 1721 4954; x_wconf 80' lang='lat' dir='ltr'><strong>nuntioexis-</strong></span> 
     </span>
     <span class='ocr_line' id='line_1_77' title="bbox 74 4986 1781 5066; baseline 0.004 -19"><span class='ocrx_word' id='word_1_447' title='bbox 74 4987 229 5064; x_wconf 88' lang='lat' dir='ltr'><strong>negotiis,</strong></span> <span class='ocrx_word' id='word_1_448' title='bbox 247 4987 280 5048; x_wconf 92' lang='lat' dir='ltr'><strong>at</strong></span> <span class='ocrx_word' id='word_1_449' title='bbox 295 4988 329 5048; x_wconf 93' lang='lat' dir='ltr'><strong>ut</strong></span> <span class='ocrx_word' id='word_1_450' title='bbox 344 4987 385 5047; x_wconf 89' lang='lat' dir='ltr'><strong>de</strong></span> <span class='ocrx_word' id='word_1_451' title='bbox 404 4987 491 5050; x_wconf 88' lang='lat' dir='ltr'><strong>statu</strong></span> <span class='ocrx_word' id='word_1_452' title='bbox 506 4988 664 5048; x_wconf 89' lang='lat' dir='ltr'><strong>marchiae</strong></span> <span class='ocrx_word' id='word_1_453' title='bbox 680 4986 775 5048; x_wconf 89' lang='lat' dir='ltr'><strong>nobis</strong></span> <span class='ocrx_word' id='word_1_454' title='bbox 795 4989 870 5064; x_wconf 89' lang='lat' dir='ltr'><strong>ple·</strong></span> <span class='ocrx_word' id='word_1_455' title='bbox 925 4989 1025 5060; x_wconf 89' lang='lat' dir='ltr'><strong>tante,</strong></span> <span class='ocrx_word' id='word_1_456' title='bbox 1056 4989 1208 5048; x_wconf 85' lang='lat' dir='ltr'><strong>volumus</strong></span> <span class='ocrx_word' id='word_1_457' title='bbox 1234 4990 1267 5050; x_wconf 88' lang='lat' dir='ltr'><strong>et</strong></span> <span class='ocrx_word' id='word_1_458' title='bbox 1292 4990 1503 5066; x_wconf 81' lang='lat' dir='ltr'><strong>praecipimus</strong></span> <span class='ocrx_word' id='word_1_459' title='bbox 1534 4987 1715 5064; x_wconf 88' lang='lat' dir='ltr'><strong>observari,</strong></span> <span class='ocrx_word' id='word_1_460' title='bbox 1776 5027 1781 5035; x_wconf 84' lang='lat'><em>-</em></span> 
     </span>
     <span class='ocr_line' id='line_1_78' title="bbox 75 5083 1718 5165; baseline 0.004 -22"><span class='ocrx_word' id='word_1_461' title='bbox 75 5085 150 5144; x_wconf 90' lang='lat' dir='ltr'><strong>nius</strong></span> <span class='ocrx_word' id='word_1_462' title='bbox 171 5085 314 5160; x_wconf 88' lang='lat' dir='ltr'><strong>liqueret</strong></span> <span class='ocrx_word' id='word_1_463' title='bbox 329 5083 522 5160; x_wconf 86' lang='lat' dir='ltr'><strong>peripsum,</strong></span> <span class='ocrx_word' id='word_1_464' title='bbox 540 5083 580 5144; x_wconf 88' lang='lat' dir='ltr'><strong>ad</strong></span> <span class='ocrx_word' id='word_1_465' title='bbox 601 5100 661 5145; x_wconf 91' lang='lat' dir='ltr'><strong>nos</strong></span> <span class='ocrx_word' id='word_1_466' title='bbox 677 5085 871 5146; x_wconf 82' lang='lat' dir='ltr'><strong>duxerimus</strong></span> <span class='ocrx_word' id='word_1_467' title='bbox 926 5084 1029 5146; x_wconf 90' lang='lat' dir='ltr'><strong>donec</strong></span> <span class='ocrx_word' id='word_1_468' title='bbox 1045 5085 1084 5146; x_wconf 93' lang='lat' dir='ltr'><strong>de</strong></span> <span class='ocrx_word' id='word_1_469' title='bbox 1104 5085 1276 5164; x_wconf 90' lang='lat' dir='ltr'><strong>utriusque</strong></span> <span class='ocrx_word' id='word_1_470' title='bbox 1297 5087 1394 5148; x_wconf 90' lang='lat' dir='ltr'><strong>nohis</strong></span> <span class='ocrx_word' id='word_1_471' title='bbox 1415 5091 1491 5165; x_wconf 89' lang='lat' dir='ltr'><strong>jure</strong></span> <span class='ocrx_word' id='word_1_472' title='bbox 1513 5089 1645 5165; x_wconf 90' lang='lat' dir='ltr'><strong>plenius</strong></span> <span class='ocrx_word' id='word_1_473' title='bbox 1665 5089 1718 5149; x_wconf 92' lang='lat' dir='ltr'><strong>in-</strong></span> 
     </span>
     <span class='ocr_line' id='line_1_79' title="bbox 74 5180 1715 5262; baseline 0.002 -20"><span class='ocrx_word' id='word_1_474' title='bbox 74 5181 289 5254; x_wconf 79' lang='lat' dir='ltr'><strong>evocandum,</strong></span> <span class='ocrx_word' id='word_1_475' title='bbox 305 5180 546 5242; x_wconf 90' lang='lat' dir='ltr'><strong>idemenohis</strong></span> <span class='ocrx_word' id='word_1_476' title='bbox 562 5181 732 5242; x_wconf 90' lang='lat' dir='ltr'><strong>humiliter</strong></span> <span class='ocrx_word' id='word_1_477' title='bbox 749 5183 871 5244; x_wconf 92' lang='lat' dir='ltr'><strong>etcum</strong></span> <span class='ocrx_word' id='word_1_478' title='bbox 926 5183 1086 5250; x_wconf 87' lang='lat' dir='ltr'><strong>notescat,</strong></span> <span class='ocrx_word' id='word_1_479' title='bbox 1122 5198 1196 5243; x_wconf 94' lang='lat' dir='ltr'><strong>cum</strong></span> <span class='ocrx_word' id='word_1_480' title='bbox 1230 5183 1362 5261; x_wconf 91' lang='lat' dir='ltr'><strong>utrique</strong></span> <span class='ocrx_word' id='word_1_481' title='bbox 1403 5183 1490 5262; x_wconf 90' lang='lat' dir='ltr'><strong>parti</strong></span> <span class='ocrx_word' id='word_1_482' title='bbox 1527 5185 1715 5260; x_wconf 90' lang='lat' dir='ltr'><strong>terminum,</strong></span> 
     </span>
     <span class='ocr_line' id='line_1_80' title="bbox 74 5277 1717 5360; baseline 0.004 -23"><span class='ocrx_word' id='word_1_483' title='bbox 74 5277 236 5340; x_wconf 87' lang='lat' dir='ltr'><strong>instantia</strong></span> <span class='ocrx_word' id='word_1_484' title='bbox 255 5277 447 5354; x_wconf 80' lang='lat' dir='ltr'><strong>postularit,</strong></span> <span class='ocrx_word' id='word_1_485' title='bbox 471 5279 506 5338; x_wconf 90' lang='lat' dir='ltr'><strong>ut</strong></span> <span class='ocrx_word' id='word_1_486' title='bbox 532 5277 661 5340; x_wconf 88' lang='lat' dir='ltr'><strong>ratione</strong></span> <span class='ocrx_word' id='word_1_487' title='bbox 681 5280 815 5354; x_wconf 86' lang='lat' dir='ltr'><strong>recepta</strong></span> <span class='ocrx_word' id='word_1_488' title='bbox 831 5280 870 5340; x_wconf 93' lang='lat' dir='ltr'><strong>de</strong></span> <span class='ocrx_word' id='word_1_489' title='bbox 925 5294 1021 5356; x_wconf 90' lang='lat' dir='ltr'><strong>quem</strong></span> <span class='ocrx_word' id='word_1_490' title='bbox 1042 5279 1077 5338; x_wconf 91' lang='lat' dir='ltr'><strong>in</strong></span> <span class='ocrx_word' id='word_1_491' title='bbox 1099 5277 1184 5340; x_wconf 85' lang='lat' dir='ltr'><strong>sesto</strong></span> <span class='ocrx_word' id='word_1_492' title='bbox 1202 5278 1291 5340; x_wconf 88' lang='lat' dir='ltr'><strong>heeii</strong></span> <span class='ocrx_word' id='word_1_493' title='bbox 1309 5281 1420 5342; x_wconf 87' lang='lat' dir='ltr'><strong>Sancti</strong></span> <span class='ocrx_word' id='word_1_494' title='bbox 1441 5281 1614 5342; x_wconf 88' lang='lat' dir='ltr'><strong>Michaelis</strong></span> <span class='ocrx_word' id='word_1_495' title='bbox 1629 5299 1717 5360; x_wconf 87' lang='lat' dir='ltr'><strong>prae-</strong></span> 
     </span>
     <span class='ocr_line' id='line_1_81' title="bbox 74 5374 1717 5456; baseline 0.005 -22"><span class='ocrx_word' id='word_1_496' title='bbox 74 5374 136 5448; x_wconf 89' lang='lat' dir='ltr'><strong>his,</strong></span> <span class='ocrx_word' id='word_1_497' title='bbox 163 5391 238 5452; x_wconf 87' lang='lat' dir='ltr'><strong>quae</strong></span> <span class='ocrx_word' id='word_1_498' title='bbox 259 5375 374 5450; x_wconf 90' lang='lat' dir='ltr'><strong>gessit,</strong></span> <span class='ocrx_word' id='word_1_499' title='bbox 396 5374 438 5435; x_wconf 88' lang='lat' dir='ltr'><strong>eh</strong></span> <span class='ocrx_word' id='word_1_500' title='bbox 459 5391 560 5436; x_wconf 91' lang='lat' dir='ltr'><strong>onere</strong></span> <span class='ocrx_word' id='word_1_501' title='bbox 585 5390 624 5436; x_wconf 92' lang='lat' dir='ltr'><strong>ac</strong></span> <span class='ocrx_word' id='word_1_502' title='bbox 645 5375 870 5438; x_wconf 90' lang='lat' dir='ltr'><strong>sollicitudine</strong></span> <span class='ocrx_word' id='word_1_503' title='bbox 925 5376 1028 5436; x_wconf 79' lang='lat' dir='ltr'><strong>lixum</strong></span> <span class='ocrx_word' id='word_1_504' title='bbox 1045 5391 1149 5452; x_wconf 88' lang='lat' dir='ltr'><strong>usque</strong></span> <span class='ocrx_word' id='word_1_505' title='bbox 1164 5377 1204 5436; x_wconf 91' lang='lat' dir='ltr'><strong>ad</strong></span> <span class='ocrx_word' id='word_1_506' title='bbox 1221 5377 1340 5438; x_wconf 80' lang='lat' dir='ltr'><strong>testum</strong></span> <span class='ocrx_word' id='word_1_507' title='bbox 1354 5376 1443 5439; x_wconf 90' lang='lat' dir='ltr'><strong>beati</strong></span> <span class='ocrx_word' id='word_1_508' title='bbox 1458 5379 1593 5439; x_wconf 87' lang='lat' dir='ltr'><strong>Martini</strong></span> <span class='ocrx_word' id='word_1_509' title='bbox 1607 5381 1717 5456; x_wconf 79' lang='lat' dir='ltr'><strong>proxi·-</strong></span> 
     </span>
     <span class='ocr_line' id='line_1_82' title="bbox 76 5455 1715 5555; baseline 0.004 -23"><span class='ocrx_word' id='word_1_510' title='bbox 76 5471 232 5532; x_wconf 85' lang='lat' dir='ltr'><strong>merohiae</strong></span> <span class='ocrx_word' id='word_1_511' title='bbox 243 5471 351 5548; x_wconf 90' lang='lat' dir='ltr'><strong>ipsum</strong></span> <span class='ocrx_word' id='word_1_512' title='bbox 365 5455 537 5532; x_wconf 63' lang='lat' dir='ltr'><strong>absolvere</strong></span> <span class='ocrx_word' id='word_1_513' title='bbox 553 5471 769 5548; x_wconf 88' lang='lat' dir='ltr'><strong>dignaremur</strong></span> <span class='ocrx_word' id='word_1_514' title='bbox 781 5495 788 5532; x_wconf 78' lang='grc' dir='ltr'><strong><em>ε</em></strong></span> <span class='ocrx_word' id='word_1_515' title='bbox 801 5475 869 5534; x_wconf 88' lang='lat' dir='ltr'><strong>Nos</strong></span> <span class='ocrx_word' id='word_1_516' title='bbox 924 5489 977 5534; x_wconf 91' lang='lat' dir='ltr'><strong>mo</strong></span> <span class='ocrx_word' id='word_1_517' title='bbox 992 5473 1137 5533; x_wconf 81' lang='lat' dir='ltr'><strong>futurum</strong></span> <span class='ocrx_word' id='word_1_518' title='bbox 1161 5473 1354 5534; x_wconf 86' lang='lat' dir='ltr'><strong>duxerimus</strong></span> <span class='ocrx_word' id='word_1_519' title='bbox 1378 5476 1634 5550; x_wconf 89' lang='lat' dir='ltr'><strong>prorogandum,</strong></span> <span class='ocrx_word' id='word_1_520' title='bbox 1651 5494 1715 5555; x_wconf 87' lang='lat' dir='ltr'><strong>quo</strong></span> 
     </span>
     <span class='ocr_line' id='line_1_83' title="bbox 77 5567 1715 5652; baseline 0.005 -24"><span class='ocrx_word' id='word_1_521' title='bbox 77 5584 165 5646; x_wconf 91' lang='lat' dir='ltr'><strong>ergo,</strong></span> <span class='ocrx_word' id='word_1_522' title='bbox 183 5583 258 5628; x_wconf 90' lang='lat' dir='ltr'><strong>cum</strong></span> <span class='ocrx_word' id='word_1_523' title='bbox 280 5567 367 5629; x_wconf 90' lang='lat' dir='ltr'><strong>idem</strong></span> <span class='ocrx_word' id='word_1_524' title='bbox 386 5584 479 5629; x_wconf 90' lang='lat' dir='ltr'><strong>more</strong></span> <span class='ocrx_word' id='word_1_525' title='bbox 501 5569 599 5629; x_wconf 91' lang='lat' dir='ltr'><strong>solito</strong></span> <span class='ocrx_word' id='word_1_526' title='bbox 625 5569 781 5629; x_wconf 82' lang='lat' dir='ltr'><strong>Ecclesiae</strong></span> <span class='ocrx_word' id='word_1_527' title='bbox 801 5570 870 5630; x_wconf 89' lang='lat' dir='ltr'><strong>Ro-</strong></span> <span class='ocrx_word' id='word_1_528' title='bbox 924 5570 1039 5631; x_wconf 89' lang='lat' dir='ltr'><strong>nostro</strong></span> <span class='ocrx_word' id='word_1_529' title='bbox 1063 5586 1100 5631; x_wconf 88' lang='lat' dir='ltr'><strong>se</strong></span> <span class='ocrx_word' id='word_1_530' title='bbox 1129 5572 1320 5648; x_wconf 90' lang='lat' dir='ltr'><strong>conspectui</strong></span> <span class='ocrx_word' id='word_1_531' title='bbox 1344 5573 1582 5647; x_wconf 87' lang='lat' dir='ltr'><strong>repraesentent</strong></span> <span class='ocrx_word' id='word_1_532' title='bbox 1602 5575 1643 5634; x_wconf 91' lang='lat' dir='ltr'><strong>ed</strong></span> <span class='ocrx_word' id='word_1_533' title='bbox 1659 5579 1715 5652; x_wconf 89' lang='lat' dir='ltr'><strong>jus</strong></span> 
     </span>
     <span class='ocr_line' id='line_1_84' title="bbox 77 5664 1713 5746; baseline 0.006 -21"><span class='ocrx_word' id='word_1_534' title='bbox 77 5681 182 5727; x_wconf 85' lang='lat' dir='ltr'><strong>menae</strong></span> <span class='ocrx_word' id='word_1_535' title='bbox 196 5664 322 5726; x_wconf 85' lang='lat' dir='ltr'><strong>zelatus</strong></span> <span class='ocrx_word' id='word_1_536' title='bbox 335 5665 494 5727; x_wconf 91' lang='lat' dir='ltr'><strong>honorem</strong></span> <span class='ocrx_word' id='word_1_537' title='bbox 508 5665 766 5743; x_wconf 88' lang='lat' dir='ltr'><strong>injunctumsibi</strong></span> <span class='ocrx_word' id='word_1_538' title='bbox 781 5666 869 5742; x_wconf 86' lang='lat' dir='ltr'><strong>lega·</strong></span> <span class='ocrx_word' id='word_1_539' title='bbox 923 5684 1017 5729; x_wconf 91' lang='lat' dir='ltr'><strong>suum</strong></span> <span class='ocrx_word' id='word_1_540' title='bbox 1054 5667 1223 5745; x_wconf 90' lang='lat' dir='ltr'><strong>quodlibet</strong></span> <span class='ocrx_word' id='word_1_541' title='bbox 1249 5669 1523 5746; x_wconf 89' lang='lat' dir='ltr'><strong>prosequendum.</strong></span> <span class='ocrx_word' id='word_1_542' title='bbox 1554 5671 1713 5742; x_wconf 89' lang='lat' dir='ltr'><strong>Quocirca</strong></span> 
     </span>
    </p>
   </div>
   <div class='ocr_carea' id='block_1_20' title="bbox 0 0 2014 6320">
    <p class='ocr_par' dir='ltr' id='par_1_24' title="bbox 0 0 2014 6320">
     <span class='ocr_line' id='line_1_85' title="bbox 0 0 2014 6320; baseline 0 1"><span class='ocrx_word' id='word_1_543' title='bbox 0 0 2014 6320; x_wconf 95' lang='lat' dir='ltr'><strong> </strong></span> 
     </span>
    </p>
   </div>
  </div>
 </body>
</html>
