4168 6344
304 341 348 409 99
921 343 1098 412 1101101111
1119 343 1164 410 111
1185 343 1333 412 OPERA·
1886 345 1946 407 100

307 503 338 566 el
361 501 441 566 laici
463 501 598 576 tuerint,
626 501 757 580 publice
776 501 924 564 candelis
945 503 1097 566 accensis
1151 501 1271 572 tratm
1285 501 1407 578 eiicere
1421 515 1488 566 aon
1502 501 1671 574 versum,
1690 515 1767 566 oum
1781 500 1946 568 deberent
2020 505 2024 514 ’
2072 455 2073 458 ¹

306 591 662 654 excommunicationis
689 591 853 653 sententia
886 592 1095 669 percellatis,
1151 613 1209 666 epe
1234 598 1379 674 henigne
1400 613 1441 664 ao
1461 598 1627 676 patienter
1646 598 1764 663 andire
1781 599 1815 662 et
1837 615 1943 676 paro-⁷

307 690 337 750 si
358 704 438 750 vero
457 688 609 750 canonici
631 687 814 764 regulares,
829 688 883 750 rel
898 687 1023 760 clerici,
1038 704 1097 750 seu
1152 695 1290 762 chianop
1314 711 1392 764 suos
1424 695 1465 762 aa
1494 695 1711 760 conparandae
1743 697 1944 774 pauperihus

213 818 217 828 ,
305 786 461 848 monachi
485 786 700 859 tuerinteos,
716 785 938 863 appellatione
956 789 1094 858 remota,
1151 791 1379 868 eleemosynas
1407 792 1566 858 attentius
1593 793 1775 858 exhortari.
1806 793 1944 854 Accedit

305 883 469 946 ahotflcio
483 885 517 947 et
532 882 694 946 beneflcio
705 883 927 962 suspendatis,
945 885 1096 945 neutram
1151 888 1193 951 ad
1219 888 1301 960 haen,
1324 887 1411 966 quod
1439 889 1540 956 iidem
1566 889 1749 966 presbytori
1768 889 1946 966 quamdam

305 981 492 1043 relaxaturi
508 981 706 1043 sententiam
722 981 827 1042 donec
844 979 1096 1058 praedictistra-
1152 985 1278 1062 partem
1300 985 1585 1062 eleemosynarum
1601 1001 1783 1062 pauperum
1805 987 1946 1064 exigunt
2073 985 2074 1000 ³

303 1078 413 1141 tribus
436 1079 585 1155 plenarie
613 1077 840 1154 satisfaciant3
867 1079 901 1141 et
924 1080 992 1140 tam
1018 1077 1097 1138 laici
1152 1081 1373 1158 impudenter,
1397 1083 1441 1154 et,
1458 1085 1494 1148 ut
1507 1083 1635 1159 possint
1648 1085 1845 1160 extorquere
1856 1082 1945 1159 quod

307 1193 406 1254 quam
418 1175 532 1238 clerici
543 1175 732 1248 saeculares,
744 1176 801 1252 qui
812 1175 1023 1252 proriolenta
1031 1189 1097 1235 nra·
1151 1181 1314 1256 quaerunt,
1342 1179 1556 1256 parochianis
1586 1181 1658 1244 suis
1685 1179 1945 1252 reclamantibus

307 1291 410 1336 nuum
431 1275 611 1352 injectione
625 1273 847 1334 anathematis
867 1273 1000 1334 vinculo
1023 1271 1098 1334 fue-
1152 1283 1337 1354 pauperum
1351 1275 1715 1354 obsequiumimpedire
1728 1292 1786 1353 pro
1799 1293 1944 1340 suevo-.-

305 1369 1095 1446 rintinnodati,cumdioecesaniepiscopilitteris,
1152 1373 1290 1440 lunmtis
1305 1371 1443 1443 arbitrio
1459 1389 1524 1440 non
1538 1374 1726 1440 formidant.
1742 1373 1846 1446 Unde,
1859 1389 1947 1451 quo*

306 1469 348 1532 ed
370 1469 487 1530 sedem
504 1467 909 1545 apostolieamvenientes
925 1466 1096 1529 abeodem
1151 1470 1242 1534 niam
1265 1470 1393 1547 mutum
1414 1469 1647 1547 predictorum
1666 1470 1805 1535 fratrum
1818 1485 1945 1548 graua-

305 1565 441 1638 uinculo
456 1566 647 1630 mereantur
660 1563 800 1636 absolvi.
812 1563 917 1636 villas
932 1563 1096 1636 autem,in
1151 1581 1225 1636 men
1250 1567 1284 1636 et
1297 1581 1480 1642 pauperum
1501 1567 1710 1642 dispendium
1729 1566 1853 1632 clausis
1874 1581 1944 1630 non

305 1663 425 1741 quihus
442 1663 530 1724 bona
545 1661 777 1740 predictorum
799 1661 938 1732 tratrem
953 1660 1006 1728 rel
1030 1661 1095 1730 tros
1152 1661 1307 1734 debemus
1321 1663 1428 1726 cerdis
1449 1663 1665 1740 pertransire,
1682 1663 1801 1740 quinus
1818 1679 1861 1728 οι
1884 1661 1948 1726 de-

304 1761 432 1828 minum
444 1775 579 1831 suorum
594 1775 654 1837 per
667 1758 859 1824 violentiam
880 1757 1012 1828 detenta
1029 1757 1098 1826 lue
1151 1757 1219 1832 bito
1232 1760 1410 1836 pastoralis
1429 1759 1530 1826 officii
1554 1760 1775 1838 patrecinium
1793 1761 1948 1826 tenemur

305 1857 384 1932 rint,
403 1857 560 1936 quamdin
575 1855 622 1928 ihi
637 1858 724 1927 sunt,
739 1855 906 1936 interdicti
925 1855 1097 1926 serenos
1152 1857 1428 1926 contrementem
1445 1856 1658 1933 insolentiam
1672 1855 1850 1933 impertiri,
1866 1855 1949 1921 uni,-

305 1955 512 2032 euppopatia.
539 1955 657 2021 Datum
688 1953 856 2026 Laterani,
883 1954 914 2022 it
937 1951 1097 2024 kalendas
1151 1953 1432 2022 versitatiuestrea
1446 1969 1506 2030 per
1519 1952 1708 2030 apostoliea
1721 1953 1843 2030 scripta
1854 1969 1948 2018 man,

304 2051 430 2126 martii,
444 2051 654 2128 pontificatus
669 2050 776 2120 nostri
791 2065 879 2112 anno
891 2049 997 2120 sere.
1152 2049 1269 2118 danus
1278 2051 1376 2128 atque
1385 2051 1607 2128 precipimus,
1616 2050 1771 2127 qnednus
1781 2050 1948 2115 uniuersis

345 2177 520 2250 smmum
550 2175 603 2236 εει
636 2177 674 2236 m
705 2179 863 2236 eumaem
893 2176 1034 2236 modum
1064 2174 1098 2235 οι
1151 2147 1355 2226 presbyteris
1378 2149 1497 2214 vestra
1523 2147 1677 2224 potestati
1700 2147 1860 2222 subjectis
1884 2145 1947 2208 suis

306 2277 424 2336 codem
446 2276 502 2334 dic
529 2272 570 2333 ad
598 2271 777 2349 Sigtridum
811 2270 1097 2347 archiepiscopum
1152 2260 1249 2321 poena
1269 2243 1370 2312 Offissii
1389 2246 1424 2313 θῖ
1441 2243 1595 2309 1191611011
1613 2241 1810 2352 [mimmii]
1827 2244 1945 2320 injun-

305 2368 1099 2446 ldaguntinum,suffraganeosejnsaliosqueec-
1152 2343 1295 2417 itatisut
1303 2341 1480 2418 predictos
1489 2341 1814 2409 tratresinecclesiia
1823 2339 1947 2406 suisad

305 2467 482 2530 etesiarum
513 2468 669 2544 prelatos
709 2481 769 2542 per
809 2467 1098 2542 maguntinensem
1152 2436 1948 2516 tiliuspauperumpredicareeteleemosxnasli·

304 2565 513 2643 provinciam
543 2563 750 2635 constitutos,
773 2564 810 2624 ut
843 2563 995 2625 abbatem
1023 2562 1096 2624 tra·
1152 2532 1948 2611 ¹³⁶¹*‘luaeffl'e’jmaiu⁰d⁰i⁸d¹¹¹im⁰⁸i¹¹du¹'

305 2663 439 2739 tresque
462 2659 656 2723 monasterii
679 2659 719 2722 de
737 2659 880 2722 Scondal
897 2657 1096 2740 (Scoenthal)
1152 2631 1294 2711 8⁰¹¹d¹¹¹¹¹
1307 2629 1948 2709 ⁸1³⁰qualib&⁰⁰W³di⁰t10¹¹⁰ii0fmit

224 2805 227 2812 .
308 2759 435 2823 ordinis
458 2757 690 2822 ffisgemiensi,
703 2757 871 2820 tueantur·
1152 2729 1234 2800 tant,
1251 2727 1344 2796 salva
1368 2727 1595 2798 moderatione
1609 2727 1750 2804 Consilii
1763 2727 1946 2803 generalis,

1152 2839 1214 2888 nec
1227 2825 1269 2898 ah
1298 2825 1348 2886 eis
1368 2824 1495 2902 aliquid
1519 2825 1654 2900 exigere
1672 2823 1726 2891 uel
1748 2825 1949 2900 extorquere

1152 2923 1364 2998 presumant.
1377 2922 1413 2984 Si
1422 2937 1502 2984 vero
1515 2921 1721 2998 postmodum
1736 2919 1855 2997 sejam
1867 2920 1946 2986 dio-

639 3064 761 3152 CXXI
1152 3017 1195 3082 tis
1210 3017 1412 3096 preshyteris
1429 3017 1470 3083 ad
1487 3017 1690 3081 audientiam
1705 3018 1848 3086 vesuam
1863 3031 1949 3094 quo-

1151 3115 1223 3181 rela
1244 3117 1445 3192 pervenerit,
1461 3116 1496 3181 in
1507 3117 1771 3191 transgressores
1788 3113 1947 3192 praecepti

302 3217 355 3285 Ad
377 3217 659 3289 arclrtcpisoopos,
687 3215 872 3288 episcopos,
901 3213 1039 3284 ooooter
1064 3211 1098 3284 et
1152 3213 1620 3290 postrijuxtamodnmculpae
1630 3211 1744 3274 taliter
1757 3211 1947 3284 vindicetis,

433 3315 518 3374 otios
543 3314 764 3374 ecclesiaram
784 3310 959 3385 praelatos.
1152 3309 1239 3385 quod
1260 3325 1317 3380 eos
1336 3325 1406 3372 suae
1428 3309 1623 3375 temeritatis
1642 3309 1803 3385 peniteat
1819 3309 1853 3374 et
1870 3307 1947 3370 tras

551 3439 587 3498 ,0
614 3438 747 3498 februarii
771 3440 849 3498 itit.
1153 3409 1221 3467 tres
1235 3406 1300 3482 ipsi
1318 3420 1378 3483 pro
1393 3405 1522 3468 deiectu
1533 3407 1673 3483 justitia
1693 3421 1759 3472 non
1783 3404 1948 3480 cogantur

1153 3501 1194 3567 ad
1213 3505 1360 3575 rostram
1376 3504 1587 3580 praesentiam
1609 3503 1773 3569 laborare.
1789 3501 1949 3568 Pervenit

1153 3601 1313 3676 praeterea
1328 3601 1369 3672 ad
1391 3600 1595 3662 audientiam
1617 3598 1775 3670 nostram,
1797 3598 1895 3676 quod,
1915 3597 1947 3660 si

304 3690 449 3750 1101011118
471 3687 551 3764 jubet
579 3689 710 3762 prelatos
735 3687 864 3746 0111118111
892 3685 1098 3766 Themistum
1153 3697 1283 3774 quando
1307 3697 1501 3775 parochiani
1524 3697 1629 3760 vestri
1644 3695 1800 3773 praetatis
1830 3694 1949 3759 tratri·

340 3791 428 3876 manu
442 3779 584 3874 tenerein
596 3776 757 3876 querendis
769 3776 1098 3876 percoelesiascleemo·
1151 3794 1214 3868 pus
1235 3793 1276 3858 (ιθ
1294 3793 1393 3858 rebus
1418 3794 1488 3856 suis
1510 3793 1687 3871 quicquam
1701 3793 1737 3862 in
1750 3793 1947 3858 testamento

339 3871 457 3936 'ime‘
469 3863 573 3938 ΨΜ
587 3864 714 3941 9¹⁰⁰⁸f¹⁰
728 3861 911 3936 foe'i'oefldst·
1152 3889 1355 3968 relinquunt,
1378 3889 1528 3953 haeredes
1543 3906 1669 3960 eorum,
1690 3889 1743 3958 uel
1759 3889 1809 3952 illi
1822 3889 1948 3966 quires

346 3986 711 4064 lionoriuscpiscopus,
724 4001 1018 4060 semusseruorum
1026 3985 1097 4056 Dei,
1153 3987 1245 4064 ipsas
1265 4004 1369 4065 penes
1393 4004 1430 4048 se
1454 3987 1588 4058 hahent,
1614 3987 1721 4064 ipsum
1736 3987 1882 4062 legatum
1895 3985 1948 4048 eis

304 4083 552 4148 venerabilibus
587 4082 744 4144 matribus
779 4082 1039 4160 archiepiscopis
1067 4085 1100 4146 at
1154 4084 1284 4156 solvere
1317 4071 1556 4156 contradicunt.
1595 4085 1679 4156 Quia
1704 4099 1783 4149 vero
1810 4098 1948 4159 grauem

305 4182 470 4266 ¹episcopis
485 4182 519 4242 et
536 4179 666 4241 dilectis
681 4179 759 4240 tiliis
778 4178 961 4256 ahbatihus,
976 4180 1099 4258 priori·
1153 4178 1259 4256 culpae
1282 4179 1447 4254 maculam
1470 4178 1671 4242 contrahunt
1689 4179 1722 4254 et
1736 4193 1801 4238 non
1819 4176 1950 4248 medio-

305 4279 378 4359 bus,
408 4276 664 4348 archidiaconis,
693 4275 828 4337 decanis
849 4277 882 4352 et
896 4274 972 4340 aliis
991 4276 1099 4341 eccle-
1154 4276 1256 4352 criter
1274 4275 1388 4338 cordos
1412 4276 1534 4350 diuina
1557 4275 1741 4354 majestatis
1763 4273 1946 4348 sitiendum,

305 4378 431 4440 siarum
457 4373 617 4454 praelatis,
639 4373 680 4436 ad
696 4387 778 4450 quos
794 4372 912 4434 litterae
927 4374 1001 4440 istae
1022 4389 1100 4451 per·
1153 4372 1209 4450 qui
1224 4389 1275 4446 ea,
1288 4389 1360 4451 qnae
1374 4374 1479 4445 sacris
1492 4373 1552 4444 Dei
1562 4371 1713 4434 ecclesiis
1727 4371 1852 4442 etviris
1865 4371 1949 4440 reli-

304 4471 469 4543 renerint,
494 4468 633 4539 salutem
656 4468 690 4532 et
712 4467 928 4548 apostolicam
942 4466 1100 4546 henedic-
1152 4470 1244 4548 pioni
1264 4472 1298 4536 et
1324 4469 1490 4537 honestati
1511 4469 1630 4539 deditis
1652 4467 1897 4538 rationabiliter
1910 4467 1948 4530 in

305 4571 441 4650 donem.
1152 4567 1349 4645 testamento
1381 4566 1555 4643 legantur,
1584 4565 1771 4638 temeritate
1798 4563 1947 4641 qualibet

347 4663 522 4737 Querelam
541 4678 676 4740 gravem
697 4661 882 4739 recepimus
904 4662 1098 4726 dilectorum
1153 4663 1302 4739 detinere
1329 4665 1552 4741 praesumunt3
1581 4661 1790 4724 universitati
1825 4662 1947 4725 vestrae

307 4762 453 4827 tiliorum
473 4762 626 4822 Fratrum
643 4758 823 4842 Hospitalis
839 4760 968 4822 Sanctae
983 4761 1098 4822 Mariae
1152 4761 1413 4839 parapostolica
1427 4760 1552 4838 scripta
1566 4757 1790 4836 praecipiendo
1803 4757 1947 4827 manda-

382 3565 517 3632 [stratura
528 3564 593 3616 lab.
607 3563 661 3614 ord.
676 3563 776 3623 Theoi,
790 3577 816 3628 p.
831 3561 886 3628 320,
901 3575 927 3616 n.
942 3561 1011 3628 toi]

181 4904 183 4922 ,
305 4857 585 4924 Theutonicorum
598 4855 904 4932 Hierosolymitani,
921 4871 1098 4934 quamprae
1153 4873 1237 4929 mus,
1261 4858 1435 4934 quatenus,
1462 4857 1492 4929 si
1507 4855 1638 4935 quando
1653 4854 1803 4932 predicti
1826 4854 1948 4922 tratres

305 4955 534 5034 magnitudine
549 4953 655 5030 culpae
670 4967 711 5014 ac
727 4967 909 5030 pauperum
923 4953 1097 5030 dispendio
1153 4953 1239 5032 apud
1254 4970 1313 5016 vos
1328 4953 1449 5016 exinde
1461 4952 1701 5030 querimoniam
1718 4949 1946 5028 deposuerint,

306 5053 518 5118 dissimulare
531 5065 593 5112 nec
607 5049 759 5112 volumus
770 5047 1005 5114 necdehemus.
1016 5053 1099 5114 Pro-
1153 5051 1241 5126 illos,
1258 5065 1341 5128 quos
1355 5051 1449 5114 uobis
1468 5048 1730 5121 nominaverint,
1746 5047 1774 5108 si
1789 5046 1884 5110 vohis
1899 5047 1948 5115 ita

305 5149 488 5234 posuerunt
501 5146 664 5226 siquidem
675 5148 746 5223 jam
761 5144 841 5208 dicti
855 5144 987 5220 iratres,
1000 5147 1097 5223 quod,
1153 5163 1226 5210 esse
1252 5149 1448 5224 constiterit,
1479 5147 1641 5211 moneatis
1661 5137 1818 5215 attentius
1827 5147 1860 5208 et
1875 5145 1948 5208 dis-

306 5265 381 5312 cum
395 5262 455 5325 pro
470 5242 660 5306 confratriis
672 5243 707 5302 et
726 5241 947 5322 eleemosynis
968 5258 1098 5320 paupe·
1152 5245 1283 5307 trictius
1308 5245 1525 5322 compellatis,
1556 5246 1592 5306 ut
1609 5259 1660 5311 ea,
1688 5257 1761 5319 quae
1776 5241 1947 5322 predictis

306 5361 380 5410 rom
395 5340 602 5420 requirendis
617 5339 797 5426 secundum
813 5337 899 5424 quod
911 5340 962 5400 eis
983 5339 1098 5404 indol—
1153 5339 1309 5403 iratribus
1331 5342 1456 5403 suntin
1472 5341 1665 5404 testamento
1678 5337 1799 5415 legata,
1815 5341 1944 5402 remoto

307 5443 410 5511 simus
422 5439 464 5502 ad
479 5437 639 5503 ecclesias
661 5435 877 5516 quorumdam
889 5434 1100 5522 presbytero-
1153 5438 1385 5516 appellationis
1398 5437 1580 5509 obstaculo,
1590 5436 1662 5499 sine
1676 5435 1844 5498 malitiosa
1856 5435 1944 5497 diia-

306 5553 380 5603 ram
406 5536 577 5608 accedunt,
607 5547 664 5600 eoa
696 5532 846 5616 recipere
872 5532 998 5605 nolunt,
1028 5534 1096 5615 sed,
1152 5535 1243 5598 tione
1257 5534 1382 5613 absque
1400 5534 1629 5606 diminutione,
1644 5530 1944 5610 persolvantvelin

307 5635 392 5716 quod
406 5630 821 5716 praviusestabecolesiis
831 5630 912 5707 ipsis
923 5629 1098 5708 predictos
1153 5633 1329 5708 praesentia
1342 5632 1463 5705 restra,
1478 5631 1699 5709 appellatione
1706 5629 1947 5702 remotaenhi·
