<?xml version="1.0" encoding="UTF-8"?>
<!DOCTYPE html PUBLIC "-//W3C//DTD XHTML 1.0 Transitional//EN"
    "http://www.w3.org/TR/xhtml1/DTD/xhtml1-transitional.dtd">
<html xmlns="http://www.w3.org/1999/xhtml" xml:lang="en" lang="en">
 <head>
  <title>
</title>
<meta http-equiv="Content-Type" content="text/html;charset=utf-8" />
  <meta name='ocr-system' content='tesseract 3.04.00' />
  <meta name='ocr-capabilities' content='ocr_page ocr_carea ocr_par ocr_line ocrx_word'/>
</head>
<body>
  <div class='ocr_page' id='page_1' title='image "./mediiaevibiblio06bottgoog_0192.png"; bbox 0 0 3948 6328; ppageno 0'>
   <div class='ocr_carea' id='block_1_1' title="bbox 623 375 1659 440">
    <p class='ocr_par' dir='ltr' id='par_1_1' title="bbox 623 375 1659 440">
     <span class='ocr_line' id='line_1_1' title="bbox 623 375 1659 440; baseline 0.002 -2"><span class='ocrx_word' id='word_1_1' title='bbox 623 375 853 440; x_wconf 76' lang='lat' dir='ltr'><strong>EPISTOLAE.</strong></span> <span class='ocrx_word' id='word_1_2' title='bbox 875 377 955 438; x_wconf 85' lang='lat' dir='ltr'><strong>LIB.</strong></span> <span class='ocrx_word' id='word_1_3' title='bbox 977 378 1047 440; x_wconf 88' lang='lat' dir='ltr'>Vll.</span> <span class='ocrx_word' id='word_1_4' title='bbox 1598 377 1659 440; x_wconf 76' lang='lat'>³54</span> 
     </span>
    </p>
   </div>
   <div class='ocr_carea' id='block_1_2' title="bbox 18 533 1663 2756">
    <p class='ocr_par' dir='ltr' id='par_1_2' title="bbox 18 533 1663 2756">
     <span class='ocr_line' id='line_1_2' title="bbox 319 533 1659 650; baseline 0.002 -53"><span class='ocrx_word' id='word_1_5' title='bbox 319 561 512 650; x_wconf 66' lang='lat' dir='ltr'>CXXXIV</span> <span class='ocrx_word' id='word_1_6' title='bbox 863 535 1003 600; x_wconf 89' lang='lat' dir='ltr'>mittatis</span> <span class='ocrx_word' id='word_1_7' title='bbox 1027 535 1146 598; x_wconf 87' lang='lat' dir='ltr'>eldam.</span> <span class='ocrx_word' id='word_1_8' title='bbox 1176 533 1331 614; x_wconf 76' lang='lat' dir='ltr'>Alioquin</span> <span class='ocrx_word' id='word_1_9' title='bbox 1349 535 1536 598; x_wconf 79' lang='lat' dir='ltr'>venerabili</span> <span class='ocrx_word' id='word_1_10' title='bbox 1562 536 1659 600; x_wconf 87' lang='lat' dir='ltr'>tratri</span> 
     </span>
     <span class='ocr_line' id='line_1_3' title="bbox 863 631 1659 707; baseline 0.006 -15"><span class='ocrx_word' id='word_1_11' title='bbox 863 632 979 694; x_wconf 90' lang='lat' dir='ltr'>nostro</span> <span class='ocrx_word' id='word_1_12' title='bbox 981 673 1042 692; x_wconf 91' lang='grc'><strong>.....</strong></span> <span class='ocrx_word' id='word_1_13' title='bbox 1066 631 1222 707; x_wconf 86' lang='lat' dir='ltr'>episcopo</span> <span class='ocrx_word' id='word_1_14' title='bbox 1244 631 1453 692; x_wconf 85' lang='lat' dir='ltr'>Lemovicen.</span> <span class='ocrx_word' id='word_1_15' title='bbox 1470 632 1504 694; x_wconf 88' lang='lat' dir='ltr'>et</span> <span class='ocrx_word' id='word_1_16' title='bbox 1527 632 1659 697; x_wconf 85' lang='lat' dir='ltr'>dilectis</span> 
     </span>
     <span class='ocr_line' id='line_1_4' title="bbox 167 713 1657 806; baseline 0.003 -19"><span class='ocrx_word' id='word_1_17' title='bbox 167 713 230 772; x_wconf 74' lang='lat' dir='ltr'>Ad</span> <span class='ocrx_word' id='word_1_18' title='bbox 242 718 408 788; x_wconf 78' lang='lat' dir='ltr'>poptdum</span> <span class='ocrx_word' id='word_1_19' title='bbox 422 717 511 776; x_wconf 57' lang='lat' dir='ltr'>vill&amp;</span> <span class='ocrx_word' id='word_1_20' title='bbox 524 715 637 776; x_wconf 66' lang='lat' dir='ltr'>Fodit·</span> <span class='ocrx_word' id='word_1_21' title='bbox 864 728 943 790; x_wconf 87' lang='lat' dir='ltr'>liliis</span> <span class='ocrx_word' id='word_1_22' title='bbox 947 773 1008 792; x_wconf 91' lang='grc'><strong>.....</strong></span> <span class='ocrx_word' id='word_1_23' title='bbox 1025 727 1137 791; x_wconf 88' lang='lat' dir='ltr'>abbati</span> <span class='ocrx_word' id='word_1_24' title='bbox 1158 729 1338 790; x_wconf 83' lang='lat' dir='ltr'>bauraten.</span> <span class='ocrx_word' id='word_1_25' title='bbox 1359 729 1393 790; x_wconf 90' lang='lat' dir='ltr'>et</span> <span class='ocrx_word' id='word_1_26' title='bbox 1395 771 1455 790; x_wconf 90' lang='grc'><strong>.....</strong></span> <span class='ocrx_word' id='word_1_27' title='bbox 1477 731 1657 806; x_wconf 87' lang='lat' dir='ltr'>praeposito</span> 
     </span>
     <span class='ocr_line' id='line_1_5' title="bbox 301 825 1657 910; baseline 0.003 -26"><span class='ocrx_word' id='word_1_28' title='bbox 301 851 333 908; x_wconf 60' lang='lat' dir='ltr'>gg</span> <span class='ocrx_word' id='word_1_29' title='bbox 352 853 421 910; x_wconf 55' lang='lat' dir='ltr'><strong>maii</strong></span> <span class='ocrx_word' id='word_1_30' title='bbox 441 851 522 910; x_wconf 78' lang='lat' dir='ltr'>litt.</span> <span class='ocrx_word' id='word_1_31' title='bbox 865 827 905 886; x_wconf 89' lang='lat' dir='ltr'>de</span> <span class='ocrx_word' id='word_1_32' title='bbox 921 825 1144 888; x_wconf 85' lang='lat' dir='ltr'>Subterranea</span> <span class='ocrx_word' id='word_1_33' title='bbox 1174 826 1384 887; x_wconf 85' lang='lat' dir='ltr'>Lemovicen.</span> <span class='ocrx_word' id='word_1_34' title='bbox 1413 825 1509 888; x_wconf 90' lang='lat' dir='ltr'>dioec.</span> <span class='ocrx_word' id='word_1_35' title='bbox 1540 827 1657 888; x_wconf 88' lang='lat' dir='ltr'>damus</span> 
     </span>
     <span class='ocr_line' id='line_1_6' title="bbox 173 923 1655 998; baseline 0.002 -16"><span class='ocrx_word' id='word_1_36' title='bbox 173 981 179 992; x_wconf 85' lang='grc'><strong>,</strong></span> <span class='ocrx_word' id='word_1_37' title='bbox 328 983 333 996; x_wconf 83' lang='grc'><strong>,</strong></span> <span class='ocrx_word' id='word_1_38' title='bbox 744 985 750 996; x_wconf 80' lang='grc'><strong>,</strong></span> <span class='ocrx_word' id='word_1_39' title='bbox 864 923 988 986; x_wconf 89' lang='lat' dir='ltr'>nostris</span> <span class='ocrx_word' id='word_1_40' title='bbox 1013 923 1134 986; x_wconf 87' lang='lat' dir='ltr'>litteris</span> <span class='ocrx_word' id='word_1_41' title='bbox 1158 923 1194 984; x_wconf 91' lang='lat' dir='ltr'>in</span> <span class='ocrx_word' id='word_1_42' title='bbox 1217 923 1394 995; x_wconf 90' lang='lat' dir='ltr'>mandatis,</span> <span class='ocrx_word' id='word_1_43' title='bbox 1411 925 1521 985; x_wconf 77' lang='lat' dir='ltr'>utros</span> <span class='ocrx_word' id='word_1_44' title='bbox 1542 925 1584 984; x_wconf 91' lang='lat' dir='ltr'>ad</span> <span class='ocrx_word' id='word_1_45' title='bbox 1604 939 1655 998; x_wconf 90' lang='lat' dir='ltr'>ea,</span> 
     </span>
     <span class='ocr_line' id='line_1_7' title="bbox 29 980 1659 1098; baseline 0.002 -20"><span class='ocrx_word' id='word_1_46' title='bbox 29 980 785 1051; x_wconf 47' lang='lat' dir='ltr'>ffim’hb&#39;vss’wm&#39;¹⁶¹‘M⁵⁸&#39;¹⁴⁸¹&#39;⁰”⁰‘¹¹¹Th⁶¹¹&#39;]</span> <span class='ocrx_word' id='word_1_47' title='bbox 864 1035 937 1098; x_wconf 83' lang='lat' dir='ltr'>quae</span> <span class='ocrx_word' id='word_1_48' title='bbox 959 1019 1180 1098; x_wconf 84' lang='lat' dir='ltr'>praemisimus</span> <span class='ocrx_word' id='word_1_49' title='bbox 1204 1020 1427 1096; x_wconf 83' lang='lat' dir='ltr'>exsequendo,</span> <span class='ocrx_word' id='word_1_50' title='bbox 1452 1036 1512 1098; x_wconf 91' lang='lat' dir='ltr'>per</span> <span class='ocrx_word' id='word_1_51' title='bbox 1537 1037 1659 1082; x_wconf 88' lang='lat' dir='ltr'>censu-</span> 
     </span>
     <span class='ocr_line' id='line_1_8' title="bbox 18 1105 1656 1195; baseline 0.002 -31"><span class='ocrx_word' id='word_1_52' title='bbox 18 1105 117 1164; x_wconf 84' lang='lat' dir='ltr'>iaudat</span> <span class='ocrx_word' id='word_1_53' title='bbox 131 1107 319 1164; x_wconf 73' lang='lat' dir='ltr'>uteoelesiae</span> <span class='ocrx_word' id='word_1_54' title='bbox 334 1108 362 1166; x_wconf 89' lang='lat' dir='ltr'>S.</span> <span class='ocrx_word' id='word_1_55' title='bbox 382 1108 533 1166; x_wconf 73' lang='lat' dir='ltr'>Frontonis</span> <span class='ocrx_word' id='word_1_56' title='bbox 547 1108 760 1182; x_wconf 77' lang='lat' dir='ltr'>Peiragoricelt.</span> <span class='ocrx_word' id='word_1_57' title='bbox 775 1108 809 1165; x_wconf 82' lang='lat' dir='ltr'>de</span> <span class='ocrx_word' id='word_1_58' title='bbox 863 1132 936 1179; x_wconf 75' lang='lat' dir='ltr'>ram</span> <span class='ocrx_word' id='word_1_59' title='bbox 964 1117 1236 1188; x_wconf 71' lang='lat' dir='ltr'>ecclesiasticam,</span> <span class='ocrx_word' id='word_1_60' title='bbox 1264 1116 1486 1195; x_wconf 77' lang='lat' dir='ltr'>appellatione</span> <span class='ocrx_word' id='word_1_61' title='bbox 1518 1119 1656 1190; x_wconf 73' lang='lat' dir='ltr'>remota,</span> 
     </span>
     <span class='ocr_line' id='line_1_9' title="bbox 39 1195 1656 1296; baseline 0.005 -28"><span class='ocrx_word' id='word_1_62' title='bbox 39 1196 123 1296; x_wconf 77' lang='lat' dir='ltr'>illatis</span> <span class='ocrx_word' id='word_1_63' title='bbox 152 1195 277 1268; x_wconf 83' lang='lat' dir='ltr'>injuriis</span> <span class='ocrx_word' id='word_1_64' title='bbox 302 1203 332 1253; x_wconf 75' lang='grc' dir='ltr'>θῑ</span> <span class='ocrx_word' id='word_1_65' title='bbox 353 1195 466 1256; x_wconf 86' lang='lat' dir='ltr'>damnis</span> <span class='ocrx_word' id='word_1_66' title='bbox 484 1204 680 1270; x_wconf 51' lang='lat' dir='ltr'>&amp;mittentes</span> <span class='ocrx_word' id='word_1_67' title='bbox 694 1196 808 1256; x_wconf 61' lang='grc' dir='ltr'>ὓθῑῑθῑθ·</span> <span class='ocrx_word' id='word_1_68' title='bbox 864 1214 1129 1291; x_wconf 80' lang='lat' dir='ltr'>praxiaratione</span> <span class='ocrx_word' id='word_1_69' title='bbox 1142 1215 1479 1292; x_wconf 85' lang='lat' dir='ltr'>compellantbatnm</span> <span class='ocrx_word' id='word_1_70' title='bbox 1489 1215 1656 1286; x_wconf 82' lang='lat' dir='ltr'>Laterani,</span> 
     </span>
     <span class='ocr_line' id='line_1_10' title="bbox 39 1290 1660 1391; baseline 0.002 -20"><span class='ocrx_word' id='word_1_71' title='bbox 39 1290 125 1341; x_wconf 47' lang='lat'>⁰¹³⁰*</span> <span class='ocrx_word' id='word_1_72' title='bbox 864 1314 954 1376; x_wconf 87' lang='lat' dir='ltr'>xvn</span> <span class='ocrx_word' id='word_1_73' title='bbox 987 1313 1149 1376; x_wconf 74' lang='lat' dir='ltr'><strong>kalendas</strong></span> <span class='ocrx_word' id='word_1_74' title='bbox 1171 1313 1272 1391; x_wconf 87' lang='lat' dir='ltr'>junii,</span> <span class='ocrx_word' id='word_1_75' title='bbox 1303 1314 1516 1391; x_wconf 69' lang='lat' dir='ltr'>pontificatus</span> <span class='ocrx_word' id='word_1_76' title='bbox 1553 1314 1660 1376; x_wconf 78' lang='lat' dir='ltr'>nostri</span> 
     </span>
     <span class='ocr_line' id='line_1_11' title="bbox 46 1407 1121 1490; baseline -0.004 -20"><span class='ocrx_word' id='word_1_77' title='bbox 46 1409 234 1482; x_wconf 86' lang='lat' dir='ltr'>Honorius,</span> <span class='ocrx_word' id='word_1_78' title='bbox 253 1411 330 1482; x_wconf 75' lang='lat' dir='ltr'>etc,</span> <span class='ocrx_word' id='word_1_79' title='bbox 346 1409 477 1473; x_wconf 88' lang='lat' dir='ltr'>dilectis</span> <span class='ocrx_word' id='word_1_80' title='bbox 492 1409 572 1474; x_wconf 88' lang='lat' dir='ltr'>tiliis</span> <span class='ocrx_word' id='word_1_81' title='bbox 586 1410 708 1490; x_wconf 90' lang='lat' dir='ltr'>populo</span> <span class='ocrx_word' id='word_1_82' title='bbox 720 1409 809 1474; x_wconf 81' lang='lat' dir='ltr'>xillae</span> <span class='ocrx_word' id='word_1_83' title='bbox 865 1421 954 1468; x_wconf 93' lang='lat' dir='ltr'>anno</span> <span class='ocrx_word' id='word_1_84' title='bbox 969 1407 1121 1484; x_wconf 86' lang='lat' dir='ltr'>septimo.</span> 
     </span>
     <span class='ocr_line' id='line_1_12' title="bbox 18 1505 811 1585; baseline 0.003 -17"><span class='ocrx_word' id='word_1_85' title='bbox 18 1505 100 1568; x_wconf 83' lang='lat' dir='ltr'>Podii</span> <span class='ocrx_word' id='word_1_86' title='bbox 115 1507 243 1569; x_wconf 88' lang='lat' dir='ltr'>Sancti</span> <span class='ocrx_word' id='word_1_87' title='bbox 258 1508 436 1570; x_wconf 71' lang='lat' dir='ltr'><strong>Frontonis</strong></span> <span class='ocrx_word' id='word_1_88' title='bbox 451 1508 712 1585; x_wconf 72' lang='lat' dir='ltr'>petragoricen,</span> <span class='ocrx_word' id='word_1_89' title='bbox 724 1508 811 1570; x_wconf 88' lang='lat' dir='ltr'>salu·</span> 
     </span>
     <span class='ocr_line' id='line_1_13' title="bbox 18 1605 162 1676; baseline -0.014 -10"><span class='ocrx_word' id='word_1_90' title='bbox 18 1605 83 1676; x_wconf 76' lang='lat' dir='ltr'>hm,</span> <span class='ocrx_word' id='word_1_91' title='bbox 96 1605 162 1666; x_wconf 87' lang='lat' dir='ltr'>eto.</span> 
     </span>
     <span class='ocr_line' id='line_1_14' title="bbox 46 1699 809 1781; baseline 0.005 -19"><span class='ocrx_word' id='word_1_92' title='bbox 46 1699 268 1764; x_wconf 82' lang='lat' dir='ltr'>Venerabilis</span> <span class='ocrx_word' id='word_1_93' title='bbox 291 1701 395 1766; x_wconf 87' lang='lat' dir='ltr'>irater</span> <span class='ocrx_word' id='word_1_94' title='bbox 417 1703 531 1766; x_wconf 91' lang='lat' dir='ltr'>noster</span> <span class='ocrx_word' id='word_1_95' title='bbox 533 1747 593 1766; x_wconf 93' lang='grc'><strong>.....</strong></span> <span class='ocrx_word' id='word_1_96' title='bbox 621 1703 809 1781; x_wconf 89' lang='lat' dir='ltr'>episcopus,</span> 
     </span>
     <span class='ocr_line' id='line_1_15' title="bbox 18 1745 1349 1878; baseline 0.002 -17"><span class='ocrx_word' id='word_1_97' title='bbox 18 1801 45 1861; x_wconf 88' lang='lat' dir='ltr'>at</span> <span class='ocrx_word' id='word_1_98' title='bbox 68 1797 182 1861; x_wconf 90' lang='lat' dir='ltr'>dilecti</span> <span class='ocrx_word' id='word_1_99' title='bbox 215 1799 283 1860; x_wconf 86' lang='lat' dir='ltr'>filii</span> <span class='ocrx_word' id='word_1_100' title='bbox 311 1801 493 1878; x_wconf 88' lang='lat' dir='ltr'>capitulum</span> <span class='ocrx_word' id='word_1_101' title='bbox 520 1801 671 1865; x_wconf 87' lang='lat' dir='ltr'>ecclesiae</span> <span class='ocrx_word' id='word_1_102' title='bbox 698 1801 811 1863; x_wconf 91' lang='lat' dir='ltr'>Sancti</span> <span class='ocrx_word' id='word_1_103' title='bbox 1178 1745 1349 1834; x_wconf 66' lang='lat' dir='ltr'>CXXXV</span> 
     </span>
     <span class='ocr_line' id='line_1_16' title="bbox 18 1896 1661 1978; baseline 0.002 -20"><span class='ocrx_word' id='word_1_104' title='bbox 18 1896 166 1958; x_wconf 75' lang='lat' dir='ltr'>leonton.</span> <span class='ocrx_word' id='word_1_105' title='bbox 184 1898 456 1975; x_wconf 75' lang='lat' dir='ltr'>petragoricen„</span> <span class='ocrx_word' id='word_1_106' title='bbox 471 1914 607 1976; x_wconf 86' lang='lat' dir='ltr'>gravem</span> <span class='ocrx_word' id='word_1_107' title='bbox 621 1897 718 1961; x_wconf 91' lang='lat' dir='ltr'>nobis</span> <span class='ocrx_word' id='word_1_108' title='bbox 731 1915 813 1978; x_wconf 87' lang='lat' dir='ltr'>que·</span> <span class='ocrx_word' id='word_1_109' title='bbox 866 1898 918 1959; x_wconf 80' lang='lat' dir='ltr'>Ad</span> <span class='ocrx_word' id='word_1_110' title='bbox 932 1899 1157 1960; x_wconf 67' lang='lat' dir='ltr'>emmenum</span> <span class='ocrx_word' id='word_1_111' title='bbox 1171 1899 1378 1974; x_wconf 77' lang='lat' dir='ltr'>episcopam,</span> <span class='ocrx_word' id='word_1_112' title='bbox 1388 1897 1544 1960; x_wconf 78' lang='lat' dir='ltr'><strong><em>abbatem</em></strong></span> <span class='ocrx_word' id='word_1_113' title='bbox 1551 1899 1587 1961; x_wconf 83' lang='lat' dir='ltr'>S.</span> <span class='ocrx_word' id='word_1_114' title='bbox 1595 1899 1661 1961; x_wconf 52' lang='lat'>30,</span> 
     </span>
     <span class='ocr_line' id='line_1_17' title="bbox 18 1994 1583 2075; baseline 0.001 -21"><span class='ocrx_word' id='word_1_115' title='bbox 18 1994 187 2055; x_wconf 87' lang='lat' dir='ltr'>rinoniam</span> <span class='ocrx_word' id='word_1_116' title='bbox 204 1995 412 2069; x_wconf 88' lang='lat' dir='ltr'>obtulerunt,</span> <span class='ocrx_word' id='word_1_117' title='bbox 428 1996 527 2074; x_wconf 88' lang='lat' dir='ltr'>quod,</span> <span class='ocrx_word' id='word_1_118' title='bbox 550 2013 651 2075; x_wconf 88' lang='lat' dir='ltr'>quum</span> <span class='ocrx_word' id='word_1_119' title='bbox 673 1997 708 2058; x_wconf 93' lang='lat' dir='ltr'>in</span> <span class='ocrx_word' id='word_1_120' title='bbox 730 1996 812 2059; x_wconf 82' lang='lat' dir='ltr'>vilia</span> <span class='ocrx_word' id='word_1_121' title='bbox 939 1997 1025 2064; x_wconf 80' lang='lat' dir='ltr'>otttt,</span> <span class='ocrx_word' id='word_1_122' title='bbox 1038 1996 1072 2056; x_wconf 85' lang='lat' dir='ltr'>ct</span> <span class='ocrx_word' id='word_1_123' title='bbox 1082 1995 1311 2071; x_wconf 68' lang='lat' dir='ltr'>praepositum</span> <span class='ocrx_word' id='word_1_124' title='bbox 1322 1997 1357 2057; x_wconf 84' lang='lat' dir='ltr'>S.</span> <span class='ocrx_word' id='word_1_125' title='bbox 1371 1997 1583 2068; x_wconf 77' lang='lat' dir='ltr'>aupuamtae.</span> 
     </span>
     <span class='ocr_line' id='line_1_18' title="bbox 18 2091 1368 2194; baseline 0.004 -44"><span class='ocrx_word' id='word_1_126' title='bbox 18 2091 118 2151; x_wconf 76' lang='lat' dir='ltr'>nestra</span> <span class='ocrx_word' id='word_1_127' title='bbox 129 2092 410 2170; x_wconf 88' lang='lat' dir='ltr'>jurisdictionem</span> <span class='ocrx_word' id='word_1_128' title='bbox 430 2093 553 2155; x_wconf 89' lang='lat' dir='ltr'>habere</span> <span class='ocrx_word' id='word_1_129' title='bbox 567 2092 709 2155; x_wconf 89' lang='lat' dir='ltr'>debeant</span> <span class='ocrx_word' id='word_1_130' title='bbox 723 2094 812 2156; x_wconf 88' lang='lat' dir='ltr'>tem·</span> <span class='ocrx_word' id='word_1_131' title='bbox 1160 2135 1194 2194; x_wconf 84' lang='lat' dir='ltr'>tt</span> <span class='ocrx_word' id='word_1_132' title='bbox 1206 2133 1276 2192; x_wconf 59' lang='lat' dir='ltr'>man</span> <span class='ocrx_word' id='word_1_133' title='bbox 1289 2135 1368 2193; x_wconf 78' lang='lat' dir='ltr'>tiit.</span> 
     </span>
     <span class='ocr_line' id='line_1_19' title="bbox 22 2189 811 2268; baseline 0.006 -21"><span class='ocrx_word' id='word_1_134' title='bbox 22 2189 170 2263; x_wconf 87' lang='lat' dir='ltr'>poralem,</span> <span class='ocrx_word' id='word_1_135' title='bbox 185 2205 253 2252; x_wconf 82' lang='lat' dir='ltr'>vos</span> <span class='ocrx_word' id='word_1_136' title='bbox 269 2191 385 2252; x_wconf 90' lang='lat' dir='ltr'>contra</span> <span class='ocrx_word' id='word_1_137' title='bbox 399 2192 500 2268; x_wconf 90' lang='lat' dir='ltr'>ipsos,</span> <span class='ocrx_word' id='word_1_138' title='bbox 519 2191 553 2254; x_wconf 91' lang='lat' dir='ltr'>et</span> <span class='ocrx_word' id='word_1_139' title='bbox 570 2207 686 2255; x_wconf 86' lang='lat' dir='ltr'>eorum</span> <span class='ocrx_word' id='word_1_140' title='bbox 701 2191 811 2253; x_wconf 89' lang='lat' dir='ltr'>eccle-</span> 
     </span>
     <span class='ocr_line' id='line_1_20' title="bbox 24 2285 811 2366; baseline 0.009 -21"><span class='ocrx_word' id='word_1_141' title='bbox 24 2285 811 2366; x_wconf 83' lang='lat' dir='ltr'>siam,matremxestram,calcaneumerigentes,</span> 
     </span>
     <span class='ocr_line' id='line_1_21' title="bbox 25 2382 1662 2458; baseline -0.002 -15"><span class='ocrx_word' id='word_1_142' title='bbox 25 2385 184 2458; x_wconf 89' lang='lat' dir='ltr'>majorem,</span> <span class='ocrx_word' id='word_1_143' title='bbox 212 2384 384 2458; x_wconf 88' lang='lat' dir='ltr'>consules,</span> <span class='ocrx_word' id='word_1_144' title='bbox 415 2389 448 2448; x_wconf 88' lang='lat' dir='ltr'>et</span> <span class='ocrx_word' id='word_1_145' title='bbox 480 2386 691 2449; x_wconf 83' lang='lat' dir='ltr'>consiliarios</span> <span class='ocrx_word' id='word_1_146' title='bbox 718 2385 813 2448; x_wconf 79' lang='lat' dir='ltr'>vobis</span> <span class='ocrx_word' id='word_1_147' title='bbox 868 2385 918 2444; x_wconf 82' lang='lat' dir='ltr'>liis</span> <span class='ocrx_word' id='word_1_148' title='bbox 931 2383 1049 2443; x_wconf 87' lang='lat' dir='ltr'>mandat</span> <span class='ocrx_word' id='word_1_149' title='bbox 1059 2391 1091 2442; x_wconf 92' lang='lat' dir='ltr'>ut</span> <span class='ocrx_word' id='word_1_150' title='bbox 1105 2382 1238 2442; x_wconf 87' lang='lat' dir='ltr'>abbatem</span> <span class='ocrx_word' id='word_1_151' title='bbox 1251 2384 1279 2442; x_wconf 89' lang='lat' dir='ltr'>S.</span> <span class='ocrx_word' id='word_1_152' title='bbox 1295 2383 1365 2442; x_wconf 84' lang='lat' dir='ltr'>sixti</span> <span class='ocrx_word' id='word_1_153' title='bbox 1379 2382 1536 2442; x_wconf 74' lang='lat' dir='ltr'>Placentini</span> <span class='ocrx_word' id='word_1_154' title='bbox 1553 2384 1583 2440; x_wconf 90' lang='lat' dir='ltr'>in</span> <span class='ocrx_word' id='word_1_155' title='bbox 1595 2398 1662 2457; x_wconf 88' lang='lat' dir='ltr'>pos·</span> 
     </span>
     <span class='ocr_line' id='line_1_22' title="bbox 26 2470 1662 2562; baseline 0.004 -24"><span class='ocrx_word' id='word_1_156' title='bbox 26 2481 146 2556; x_wconf 87' lang='lat' dir='ltr'>propria</span> <span class='ocrx_word' id='word_1_157' title='bbox 160 2481 358 2545; x_wconf 89' lang='lat' dir='ltr'>temeritate</span> <span class='ocrx_word' id='word_1_158' title='bbox 372 2482 522 2556; x_wconf 80' lang='lat' dir='ltr'>creastis,</span> <span class='ocrx_word' id='word_1_159' title='bbox 540 2484 596 2562; x_wconf 88' lang='lat' dir='ltr'>qui</span> <span class='ocrx_word' id='word_1_160' title='bbox 606 2483 815 2562; x_wconf 88' lang='lat' dir='ltr'>jurisdictio-</span> <span class='ocrx_word' id='word_1_161' title='bbox 902 2473 1188 2542; x_wconf 59' lang='lat' dir='ltr'>⁸⁰⁸⁸l0¹10ffl00f111nt</span> <span class='ocrx_word' id='word_1_162' title='bbox 1209 2470 1312 2544; x_wconf 86' lang='lat' dir='ltr'>quibus</span> <span class='ocrx_word' id='word_1_163' title='bbox 1333 2485 1349 2530; x_wconf 65' lang='grc' dir='ltr'><strong>ὃ</strong></span> <span class='ocrx_word' id='word_1_164' title='bbox 1371 2471 1576 2530; x_wconf 79' lang='lat' dir='ltr'>mmmnnitate</span> <span class='ocrx_word' id='word_1_165' title='bbox 1594 2473 1662 2531; x_wconf 67' lang='lat' dir='ltr'>Cle·</span> 
     </span>
     <span class='ocr_line' id='line_1_23' title="bbox 29 2561 1663 2658; baseline 0.002 -41"><span class='ocrx_word' id='word_1_166' title='bbox 29 2592 90 2636; x_wconf 65' lang='lat' dir='ltr'>nem</span> <span class='ocrx_word' id='word_1_167' title='bbox 106 2578 217 2654; x_wconf 66' lang='lat' dir='ltr'>ipsius</span> <span class='ocrx_word' id='word_1_168' title='bbox 239 2579 343 2653; x_wconf 58' lang='lat' dir='ltr'>vfflae,</span> <span class='ocrx_word' id='word_1_169' title='bbox 364 2596 404 2643; x_wconf 52' lang='grc' dir='ltr'>ἃς</span> <span class='ocrx_word' id='word_1_170' title='bbox 427 2581 661 2643; x_wconf 60' lang='lat' dir='ltr'><strong>suburbiorum</strong></span> <span class='ocrx_word' id='word_1_171' title='bbox 684 2583 756 2658; x_wconf 65' lang='lat' dir='ltr'><strong>ejus</strong></span> <span class='ocrx_word' id='word_1_172' title='bbox 778 2581 813 2642; x_wconf 68' lang='lat' dir='ltr'>in</span> <span class='ocrx_word' id='word_1_173' title='bbox 903 2563 1036 2620; x_wconf 88' lang='lat' dir='ltr'>monensi</span> <span class='ocrx_word' id='word_1_174' title='bbox 1057 2577 1108 2635; x_wconf 88' lang='lat' dir='ltr'>per</span> <span class='ocrx_word' id='word_1_175' title='bbox 1122 2561 1287 2619; x_wconf 87' lang='lat' dir='ltr'>violentiam</span> <span class='ocrx_word' id='word_1_176' title='bbox 1304 2561 1442 2636; x_wconf 84' lang='lat' dir='ltr'>spoliatus</span> <span class='ocrx_word' id='word_1_177' title='bbox 1457 2569 1510 2634; x_wconf 87' lang='lat' dir='ltr'>est,</span> <span class='ocrx_word' id='word_1_178' title='bbox 1528 2577 1663 2636; x_wconf 86' lang='lat' dir='ltr'>corpora·</span> 
     </span>
     <span class='ocr_line' id='line_1_24' title="bbox 32 2647 1494 2756; baseline 0.002 -51"><span class='ocrx_word' id='word_1_179' title='bbox 32 2689 116 2748; x_wconf 53' lang='lat' dir='ltr'>mm</span> <span class='ocrx_word' id='word_1_180' title='bbox 139 2676 254 2752; x_wconf 64' lang='lat' dir='ltr'>ipsius</span> <span class='ocrx_word' id='word_1_181' title='bbox 282 2677 433 2740; x_wconf 42' lang='lat' dir='ltr'><strong>ecclesiae</strong></span> <span class='ocrx_word' id='word_1_182' title='bbox 456 2678 687 2756; x_wconf 60' lang='lat' dir='ltr'><strong>praejudicium</strong></span> <span class='ocrx_word' id='word_1_183' title='bbox 712 2693 814 2740; x_wconf 60' lang='lat' dir='ltr'>usur,</span> <span class='ocrx_word' id='word_1_184' title='bbox 903 2652 967 2708; x_wconf 85' lang='lat' dir='ltr'>liter</span> <span class='ocrx_word' id='word_1_185' title='bbox 981 2650 1118 2708; x_wconf 90' lang='lat' dir='ltr'>inducant</span> <span class='ocrx_word' id='word_1_186' title='bbox 1129 2656 1158 2708; x_wconf 91' lang='lat' dir='ltr'>et</span> <span class='ocrx_word' id='word_1_187' title='bbox 1168 2647 1323 2708; x_wconf 81' lang='lat' dir='ltr'>defendant</span> <span class='ocrx_word' id='word_1_188' title='bbox 1337 2649 1494 2708; x_wconf 89' lang='lat' dir='ltr'>inductum.</span> 
     </span>
    </p>
   </div>
   <div class='ocr_carea' id='block_1_3' title="bbox 33 2765 1670 5776">
    <p class='ocr_par' dir='ltr' id='par_1_3' title="bbox 33 2765 1670 5776">
     <span class='ocr_line' id='line_1_25' title="bbox 33 2765 1663 2866; baseline 0.003 -33"><span class='ocrx_word' id='word_1_189' title='bbox 33 2773 141 2846; x_wconf 73' lang='lat' dir='ltr'>panus,</span> <span class='ocrx_word' id='word_1_190' title='bbox 151 2774 412 2838; x_wconf 79' lang='lat' dir='ltr'>constitutiones</span> <span class='ocrx_word' id='word_1_191' title='bbox 426 2776 570 2854; x_wconf 88' lang='lat' dir='ltr'>iniquas,</span> <span class='ocrx_word' id='word_1_192' title='bbox 580 2779 614 2838; x_wconf 88' lang='lat' dir='ltr'>et</span> <span class='ocrx_word' id='word_1_193' title='bbox 629 2765 814 2838; x_wconf 75' lang='lat' dir='ltr'>contrarias</span> <span class='ocrx_word' id='word_1_194' title='bbox 908 2777 1077 2841; x_wconf 88' lang='lat' dir='ltr'>Honorius</span> <span class='ocrx_word' id='word_1_195' title='bbox 1087 2777 1273 2854; x_wconf 89' lang='lat' dir='ltr'>episcopus,</span> <span class='ocrx_word' id='word_1_196' title='bbox 1284 2791 1401 2838; x_wconf 85' lang='lat' dir='ltr'>servus</span> <span class='ocrx_word' id='word_1_197' title='bbox 1410 2791 1583 2866; x_wconf 76' lang='lat' dir='ltr'>servorum</span> <span class='ocrx_word' id='word_1_198' title='bbox 1590 2775 1663 2850; x_wconf 88' lang='lat' dir='ltr'>Del,</span> 
     </span>
     <span class='ocr_line' id='line_1_26' title="bbox 35 2859 1662 2950; baseline 0.004 -22"><span class='ocrx_word' id='word_1_199' title='bbox 35 2869 563 2936; x_wconf 79' lang='lat' dir='ltr'>emlesiasticaelibertaticondere</span> <span class='ocrx_word' id='word_1_200' title='bbox 573 2875 812 2946; x_wconf 87' lang='lat' dir='ltr'>nonverentur,</span> <span class='ocrx_word' id='word_1_201' title='bbox 869 2873 1054 2936; x_wconf 83' lang='lat' dir='ltr'>venerabili</span> <span class='ocrx_word' id='word_1_202' title='bbox 1068 2873 1165 2934; x_wconf 85' lang='lat' dir='ltr'>tratri</span> <span class='ocrx_word' id='word_1_203' title='bbox 1184 2872 1339 2950; x_wconf 87' lang='lat' dir='ltr'>episcopo</span> <span class='ocrx_word' id='word_1_204' title='bbox 1355 2873 1388 2933; x_wconf 91' lang='lat' dir='ltr'>et</span> <span class='ocrx_word' id='word_1_205' title='bbox 1402 2859 1533 2934; x_wconf 85' lang='lat' dir='ltr'>dilectis</span> <span class='ocrx_word' id='word_1_206' title='bbox 1545 2873 1662 2934; x_wconf 88' lang='lat' dir='ltr'>tiliis...</span> 
     </span>
     <span class='ocr_line' id='line_1_27' title="bbox 36 2965 1665 3048; baseline 0.005 -25"><span class='ocrx_word' id='word_1_207' title='bbox 36 2965 62 3024; x_wconf 87' lang='lat' dir='ltr'>et</span> <span class='ocrx_word' id='word_1_208' title='bbox 82 2969 234 3043; x_wconf 81' lang='lat' dir='ltr'>cogentes</span> <span class='ocrx_word' id='word_1_209' title='bbox 263 2969 416 3032; x_wconf 90' lang='lat' dir='ltr'>homines</span> <span class='ocrx_word' id='word_1_210' title='bbox 441 2971 474 3033; x_wconf 90' lang='lat' dir='ltr'>et</span> <span class='ocrx_word' id='word_1_211' title='bbox 497 2971 637 3034; x_wconf 88' lang='lat' dir='ltr'>clericos</span> <span class='ocrx_word' id='word_1_212' title='bbox 665 2970 815 3034; x_wconf 74' lang='lat' dir='ltr'>ecciesiae</span> <span class='ocrx_word' id='word_1_213' title='bbox 869 2969 982 3033; x_wconf 91' lang='lat' dir='ltr'>abbati</span> <span class='ocrx_word' id='word_1_214' title='bbox 997 2973 1030 3034; x_wconf 86' lang='lat' dir='ltr'>S.</span> <span class='ocrx_word' id='word_1_215' title='bbox 1048 2970 1163 3033; x_wconf 80' lang='lat' dir='ltr'>savini</span> <span class='ocrx_word' id='word_1_216' title='bbox 1177 2972 1249 3038; x_wconf 80' lang='lat' dir='ltr'>et...</span> <span class='ocrx_word' id='word_1_217' title='bbox 1276 2969 1453 3047; x_wconf 82' lang='lat' dir='ltr'>praeposito</span> <span class='ocrx_word' id='word_1_218' title='bbox 1474 2971 1507 3031; x_wconf 86' lang='lat' dir='ltr'>S.</span> <span class='ocrx_word' id='word_1_219' title='bbox 1531 2969 1665 3048; x_wconf 86' lang='lat' dir='ltr'>Euphe-</span> 
     </span>
     <span class='ocr_line' id='line_1_28' title="bbox 38 3063 1664 3146; baseline 0.007 -26"><span class='ocrx_word' id='word_1_220' title='bbox 38 3063 204 3139; x_wconf 84' lang='lat' dir='ltr'>aapedictae</span> <span class='ocrx_word' id='word_1_221' title='bbox 220 3065 286 3128; x_wconf 90' lang='lat' dir='ltr'>sub</span> <span class='ocrx_word' id='word_1_222' title='bbox 301 3081 416 3130; x_wconf 90' lang='lat' dir='ltr'>eorum</span> <span class='ocrx_word' id='word_1_223' title='bbox 430 3069 585 3130; x_wconf 83' lang='lat' dir='ltr'>examine</span> <span class='ocrx_word' id='word_1_224' title='bbox 598 3068 742 3146; x_wconf 74' lang='lat' dir='ltr'>litigare,</span> <span class='ocrx_word' id='word_1_225' title='bbox 759 3067 815 3144; x_wconf 91' lang='lat' dir='ltr'>ip·</span> <span class='ocrx_word' id='word_1_226' title='bbox 869 3069 946 3130; x_wconf 84' lang='lat' dir='ltr'>miae</span> <span class='ocrx_word' id='word_1_227' title='bbox 974 3067 1191 3142; x_wconf 80' lang='lat' dir='ltr'>Placentinis,</span> <span class='ocrx_word' id='word_1_228' title='bbox 1216 3067 1357 3130; x_wconf 90' lang='lat' dir='ltr'>salntem</span> <span class='ocrx_word' id='word_1_229' title='bbox 1381 3067 1415 3129; x_wconf 88' lang='lat' dir='ltr'>et</span> <span class='ocrx_word' id='word_1_230' title='bbox 1438 3067 1664 3146; x_wconf 78' lang='lat' dir='ltr'>apostoticam</span> 
     </span>
     <span class='ocr_line' id='line_1_29' title="bbox 39 3162 1147 3229; baseline 0.009 -13"><span class='ocrx_word' id='word_1_231' title='bbox 39 3173 81 3218; x_wconf 85' lang='lat' dir='ltr'>sos</span> <span class='ocrx_word' id='word_1_232' title='bbox 101 3162 187 3225; x_wconf 90' lang='lat' dir='ltr'>toltis</span> <span class='ocrx_word' id='word_1_233' title='bbox 223 3167 262 3226; x_wconf 90' lang='lat' dir='ltr'>et</span> <span class='ocrx_word' id='word_1_234' title='bbox 288 3165 366 3228; x_wconf 86' lang='lat' dir='ltr'>aliis</span> <span class='ocrx_word' id='word_1_235' title='bbox 394 3165 622 3228; x_wconf 82' lang='lat' dir='ltr'>exactionibus</span> <span class='ocrx_word' id='word_1_236' title='bbox 657 3165 815 3228; x_wconf 90' lang='lat' dir='ltr'>indebitis</span> <span class='ocrx_word' id='word_1_237' title='bbox 870 3165 1147 3229; x_wconf 86' lang='lat' dir='ltr'>benedictionem.</span> 
     </span>
     <span class='ocr_line' id='line_1_30' title="bbox 40 3255 1666 3341; baseline 0.007 -27"><span class='ocrx_word' id='word_1_238' title='bbox 40 3255 247 3324; x_wconf 65' lang='lat' dir='ltr'>irreverenter</span> <span class='ocrx_word' id='word_1_239' title='bbox 261 3262 423 3340; x_wconf 85' lang='lat' dir='ltr'>affligere,</span> <span class='ocrx_word' id='word_1_240' title='bbox 441 3265 543 3328; x_wconf 88' lang='lat' dir='ltr'>etiam</span> <span class='ocrx_word' id='word_1_241' title='bbox 565 3264 706 3326; x_wconf 83' lang='lat' dir='ltr'>bannire</span> <span class='ocrx_word' id='word_1_242' title='bbox 725 3279 816 3340; x_wconf 87' lang='lat' dir='ltr'>prae·</span> <span class='ocrx_word' id='word_1_243' title='bbox 912 3265 948 3326; x_wconf 86' lang='lat' dir='ltr'>Si</span> <span class='ocrx_word' id='word_1_244' title='bbox 963 3263 1120 3341; x_wconf 88' lang='lat' dir='ltr'>potestas,</span> <span class='ocrx_word' id='word_1_245' title='bbox 1137 3263 1171 3325; x_wconf 90' lang='lat' dir='ltr'>et</span> <span class='ocrx_word' id='word_1_246' title='bbox 1182 3260 1322 3341; x_wconf 89' lang='lat' dir='ltr'>populus</span> <span class='ocrx_word' id='word_1_247' title='bbox 1338 3265 1531 3326; x_wconf 85' lang='lat' dir='ltr'>cremonen.</span> <span class='ocrx_word' id='word_1_248' title='bbox 1556 3279 1666 3326; x_wconf 85' lang='lat' dir='ltr'>saecu·</span> 
     </span>
     <span class='ocr_line' id='line_1_31' title="bbox 42 3359 1664 3439; baseline 0.009 -28"><span class='ocrx_word' id='word_1_249' title='bbox 42 3359 170 3434; x_wconf 82' lang='lat' dir='ltr'>sununt3</span> <span class='ocrx_word' id='word_1_250' title='bbox 193 3359 351 3422; x_wconf 89' lang='lat' dir='ltr'>inhibent</span> <span class='ocrx_word' id='word_1_251' title='bbox 370 3361 476 3424; x_wconf 87' lang='lat' dir='ltr'>etiam</span> <span class='ocrx_word' id='word_1_252' title='bbox 487 3377 529 3423; x_wconf 89' lang='lat' dir='ltr'>ne</span> <span class='ocrx_word' id='word_1_253' title='bbox 547 3361 621 3438; x_wconf 86' lang='lat' dir='ltr'>quis</span> <span class='ocrx_word' id='word_1_254' title='bbox 634 3361 741 3423; x_wconf 89' lang='lat' dir='ltr'>laicus</span> <span class='ocrx_word' id='word_1_255' title='bbox 751 3361 815 3422; x_wconf 92' lang='lat' dir='ltr'>do·</span> <span class='ocrx_word' id='word_1_256' title='bbox 871 3362 976 3424; x_wconf 90' lang='lat' dir='ltr'>larem</span> <span class='ocrx_word' id='word_1_257' title='bbox 991 3361 1174 3439; x_wconf 87' lang='lat' dir='ltr'>potentiam</span> <span class='ocrx_word' id='word_1_258' title='bbox 1190 3362 1470 3437; x_wconf 77' lang='lat' dir='ltr'>recognoscerent</span> <span class='ocrx_word' id='word_1_259' title='bbox 1489 3377 1509 3423; x_wconf 88' lang='lat' dir='ltr'>a</span> <span class='ocrx_word' id='word_1_260' title='bbox 1525 3363 1664 3425; x_wconf 88' lang='lat' dir='ltr'>Domino</span> 
     </span>
     <span class='ocr_line' id='line_1_32' title="bbox 43 3459 1666 3536; baseline 0.008 -27"><span class='ocrx_word' id='word_1_261' title='bbox 43 3465 109 3526; x_wconf 86' lang='lat' dir='ltr'>nos,</span> <span class='ocrx_word' id='word_1_262' title='bbox 122 3459 363 3531; x_wconf 88' lang='lat' dir='ltr'>possessiones,</span> <span class='ocrx_word' id='word_1_263' title='bbox 380 3461 438 3522; x_wconf 90' lang='lat' dir='ltr'>aut</span> <span class='ocrx_word' id='word_1_264' title='bbox 455 3459 605 3523; x_wconf 89' lang='lat' dir='ltr'>redditus</span> <span class='ocrx_word' id='word_1_265' title='bbox 624 3459 689 3536; x_wconf 89' lang='lat' dir='ltr'>ipsi</span> <span class='ocrx_word' id='word_1_266' title='bbox 709 3460 818 3522; x_wconf 90' lang='lat' dir='ltr'>eccle-</span> <span class='ocrx_word' id='word_1_267' title='bbox 872 3459 1082 3532; x_wconf 84' lang='lat' dir='ltr'>saeoulorum,</span> <span class='ocrx_word' id='word_1_268' title='bbox 1098 3473 1307 3536; x_wconf 84' lang='lat' dir='ltr'>nequaqnam</span> <span class='ocrx_word' id='word_1_269' title='bbox 1327 3459 1434 3536; x_wconf 89' lang='lat' dir='ltr'>ipsam</span> <span class='ocrx_word' id='word_1_270' title='bbox 1445 3460 1481 3519; x_wconf 91' lang='lat' dir='ltr'>in</span> <span class='ocrx_word' id='word_1_271' title='bbox 1494 3461 1567 3536; x_wconf 85' lang='lat' dir='ltr'>ejus</span> <span class='ocrx_word' id='word_1_272' title='bbox 1581 3476 1666 3522; x_wconf 90' lang='lat' dir='ltr'>con-</span> 
     </span>
     <span class='ocr_line' id='line_1_33' title="bbox 45 3547 1663 3633; baseline 0.006 -23"><span class='ocrx_word' id='word_1_273' title='bbox 45 3547 98 3620; x_wconf 74' lang='lat' dir='ltr'>tla,</span> <span class='ocrx_word' id='word_1_274' title='bbox 116 3553 165 3613; x_wconf 83' lang='lat' dir='ltr'>vel</span> <span class='ocrx_word' id='word_1_275' title='bbox 190 3554 296 3617; x_wconf 90' lang='lat' dir='ltr'>alicui</span> <span class='ocrx_word' id='word_1_276' title='bbox 322 3556 444 3618; x_wconf 89' lang='lat' dir='ltr'>clerico</span> <span class='ocrx_word' id='word_1_277' title='bbox 470 3555 583 3633; x_wconf 88' lang='lat' dir='ltr'>legare</span> <span class='ocrx_word' id='word_1_278' title='bbox 607 3557 739 3630; x_wconf 84' lang='lat' dir='ltr'>audeat,</span> <span class='ocrx_word' id='word_1_279' title='bbox 761 3556 818 3618; x_wconf 91' lang='lat' dir='ltr'>aut</span> <span class='ocrx_word' id='word_1_280' title='bbox 872 3557 1041 3618; x_wconf 91' lang='lat' dir='ltr'>tumeliam</span> <span class='ocrx_word' id='word_1_281' title='bbox 1065 3557 1272 3627; x_wconf 84' lang='lat' dir='ltr'>exercerent,</span> <span class='ocrx_word' id='word_1_282' title='bbox 1298 3553 1385 3617; x_wconf 91' lang='lat' dir='ltr'>bona</span> <span class='ocrx_word' id='word_1_283' title='bbox 1424 3555 1663 3632; x_wconf 89' lang='lat' dir='ltr'>ecclesiastica,</span> 
     </span>
     <span class='ocr_line' id='line_1_34' title="bbox 46 3645 1665 3732; baseline 0.009 -29"><span class='ocrx_word' id='word_1_284' title='bbox 46 3645 242 3721; x_wconf 76' lang='lat' dir='ltr'>tenderaxel</span> <span class='ocrx_word' id='word_1_285' title='bbox 259 3650 394 3714; x_wconf 87' lang='lat' dir='ltr'>donare.</span> <span class='ocrx_word' id='word_1_286' title='bbox 408 3655 574 3715; x_wconf 85' lang='lat' dir='ltr'>Praeterea</span> <span class='ocrx_word' id='word_1_287' title='bbox 589 3653 695 3731; x_wconf 86' lang='lat' dir='ltr'>ipsius</span> <span class='ocrx_word' id='word_1_288' title='bbox 710 3652 819 3716; x_wconf 90' lang='lat' dir='ltr'>eccle-</span> <span class='ocrx_word' id='word_1_289' title='bbox 872 3670 946 3732; x_wconf 79' lang='lat' dir='ltr'>qna</span> <span class='ocrx_word' id='word_1_290' title='bbox 974 3653 1113 3730; x_wconf 88' lang='lat' dir='ltr'>speciali</span> <span class='ocrx_word' id='word_1_291' title='bbox 1136 3653 1233 3715; x_wconf 89' lang='lat' dir='ltr'>titulo</span> <span class='ocrx_word' id='word_1_292' title='bbox 1259 3653 1372 3716; x_wconf 89' lang='lat' dir='ltr'>divino</span> <span class='ocrx_word' id='word_1_293' title='bbox 1398 3654 1476 3715; x_wconf 91' lang='lat' dir='ltr'>sunt</span> <span class='ocrx_word' id='word_1_294' title='bbox 1496 3654 1665 3732; x_wconf 89' lang='lat' dir='ltr'>adscripta</span> 
     </span>
     <span class='ocr_line' id='line_1_35' title="bbox 49 3741 1663 3829; baseline 0.006 -25"><span class='ocrx_word' id='word_1_295' title='bbox 49 3741 94 3804; x_wconf 83' lang='lat' dir='ltr'>sla</span> <span class='ocrx_word' id='word_1_296' title='bbox 116 3745 265 3810; x_wconf 90' lang='lat' dir='ltr'>homines</span> <span class='ocrx_word' id='word_1_297' title='bbox 301 3751 416 3810; x_wconf 89' lang='lat' dir='ltr'>eontra</span> <span class='ocrx_word' id='word_1_298' title='bbox 444 3750 702 3828; x_wconf 87' lang='lat' dir='ltr'>prohibitionem</span> <span class='ocrx_word' id='word_1_299' title='bbox 726 3751 819 3829; x_wconf 89' lang='lat' dir='ltr'>ipso-</span> <span class='ocrx_word' id='word_1_300' title='bbox 872 3767 932 3829; x_wconf 87' lang='lat' dir='ltr'>per</span> <span class='ocrx_word' id='word_1_301' title='bbox 945 3750 1140 3813; x_wconf 83' lang='lat' dir='ltr'>violentiam</span> <span class='ocrx_word' id='word_1_302' title='bbox 1153 3751 1358 3828; x_wconf 87' lang='lat' dir='ltr'>occupando,</span> <span class='ocrx_word' id='word_1_303' title='bbox 1370 3751 1404 3812; x_wconf 91' lang='lat' dir='ltr'>et</span> <span class='ocrx_word' id='word_1_304' title='bbox 1415 3750 1615 3814; x_wconf 89' lang='lat' dir='ltr'>detentando</span> <span class='ocrx_word' id='word_1_305' title='bbox 1628 3753 1663 3814; x_wconf 90' lang='lat' dir='ltr'>in</span> 
     </span>
     <span class='ocr_line' id='line_1_36' title="bbox 50 3843 1665 3927; baseline 0.009 -31"><span class='ocrx_word' id='word_1_306' title='bbox 50 3851 107 3899; x_wconf 89' lang='lat' dir='ltr'>nn</span> <span class='ocrx_word' id='word_1_307' title='bbox 131 3843 372 3908; x_wconf 85' lang='lat' dir='ltr'>inhabitatores</span> <span class='ocrx_word' id='word_1_308' title='bbox 402 3847 567 3925; x_wconf 89' lang='lat' dir='ltr'>recipiunt</span> <span class='ocrx_word' id='word_1_309' title='bbox 596 3847 692 3910; x_wconf 82' lang='lat' dir='ltr'>dictae</span> <span class='ocrx_word' id='word_1_310' title='bbox 714 3847 816 3921; x_wconf 75' lang='lat' dir='ltr'>villae,</span> <span class='ocrx_word' id='word_1_311' title='bbox 873 3849 1035 3927; x_wconf 84' lang='lat' dir='ltr'>pertinaci</span> <span class='ocrx_word' id='word_1_312' title='bbox 1050 3847 1205 3927; x_wconf 87' lang='lat' dir='ltr'>superbia</span> <span class='ocrx_word' id='word_1_313' title='bbox 1219 3849 1379 3926; x_wconf 89' lang='lat' dir='ltr'>occupata</span> <span class='ocrx_word' id='word_1_314' title='bbox 1390 3848 1572 3926; x_wconf 85' lang='lat' dir='ltr'>juramenti</span> <span class='ocrx_word' id='word_1_315' title='bbox 1582 3849 1665 3912; x_wconf 90' lang='lat' dir='ltr'>reli·</span> 
     </span>
     <span class='ocr_line' id='line_1_37' title="bbox 51 3931 1664 4024; baseline 0.008 -29"><span class='ocrx_word' id='word_1_316' title='bbox 51 3931 143 4001; x_wconf 87' lang='lat' dir='ltr'>dantes</span> <span class='ocrx_word' id='word_1_317' title='bbox 161 3958 217 4005; x_wconf 89' lang='lat' dir='ltr'>eos</span> <span class='ocrx_word' id='word_1_318' title='bbox 242 3944 431 4006; x_wconf 88' lang='lat' dir='ltr'>temeritate</span> <span class='ocrx_word' id='word_1_319' title='bbox 453 3946 588 4024; x_wconf 89' lang='lat' dir='ltr'>propria</span> <span class='ocrx_word' id='word_1_320' title='bbox 607 3943 765 4018; x_wconf 87' lang='lat' dir='ltr'>libertati,</span> <span class='ocrx_word' id='word_1_321' title='bbox 786 3946 819 4010; x_wconf 91' lang='lat' dir='ltr'>et</span> <span class='ocrx_word' id='word_1_322' title='bbox 872 3947 971 4022; x_wconf 84' lang='lat' dir='ltr'>gione</span> <span class='ocrx_word' id='word_1_323' title='bbox 986 3946 1183 4023; x_wconf 89' lang='lat' dir='ltr'>contempta,</span> <span class='ocrx_word' id='word_1_324' title='bbox 1200 3945 1233 4007; x_wconf 90' lang='lat' dir='ltr'>et</span> <span class='ocrx_word' id='word_1_325' title='bbox 1250 3944 1400 4008; x_wconf 87' lang='lat' dir='ltr'>ecclesiae</span> <span class='ocrx_word' id='word_1_326' title='bbox 1418 3945 1568 4007; x_wconf 81' lang='lat' dir='ltr'>claribus</span> <span class='ocrx_word' id='word_1_327' title='bbox 1582 3947 1664 4010; x_wconf 85' lang='lat' dir='ltr'>vili-</span> 
     </span>
     <span class='ocr_line' id='line_1_38' title="bbox 54 4029 1663 4122; baseline 0.012 -35"><span class='ocrx_word' id='word_1_328' title='bbox 54 4029 233 4112; x_wconf 84' lang='lat' dir='ltr'>sicejusdem</span> <span class='ocrx_word' id='word_1_329' title='bbox 251 4041 401 4104; x_wconf 88' lang='lat' dir='ltr'>ecelesiae</span> <span class='ocrx_word' id='word_1_330' title='bbox 415 4041 540 4119; x_wconf 84' lang='lat' dir='ltr'>praedia</span> <span class='ocrx_word' id='word_1_331' title='bbox 560 4042 690 4105; x_wconf 87' lang='lat' dir='ltr'>deserta</span> <span class='ocrx_word' id='word_1_332' title='bbox 706 4057 819 4104; x_wconf 87' lang='lat' dir='ltr'>rema·</span> <span class='ocrx_word' id='word_1_333' title='bbox 873 4043 996 4122; x_wconf 85' lang='lat' dir='ltr'>pensis.</span> <span class='ocrx_word' id='word_1_334' title='bbox 1025 4045 1106 4104; x_wconf 85' lang='lat' dir='ltr'>Cum</span> <span class='ocrx_word' id='word_1_335' title='bbox 1138 4043 1228 4104; x_wconf 84' lang='lat' dir='ltr'>enlm</span> <span class='ocrx_word' id='word_1_336' title='bbox 1264 4045 1486 4120; x_wconf 85' lang='lat' dir='ltr'>conquerente</span> <span class='ocrx_word' id='word_1_337' title='bbox 1519 4043 1598 4106; x_wconf 90' lang='lat' dir='ltr'>olim</span> <span class='ocrx_word' id='word_1_338' title='bbox 1602 4089 1663 4107; x_wconf 93' lang='grc'><strong>.....</strong></span> 
     </span>
     <span class='ocr_line' id='line_1_39' title="bbox 54 4132 1665 4217; baseline 0.013 -32"><span class='ocrx_word' id='word_1_339' title='bbox 54 4132 123 4204; x_wconf 91' lang='lat' dir='ltr'>nent,</span> <span class='ocrx_word' id='word_1_340' title='bbox 137 4137 166 4197; x_wconf 90' lang='lat' dir='ltr'>et</span> <span class='ocrx_word' id='word_1_341' title='bbox 179 4137 318 4212; x_wconf 91' lang='lat' dir='ltr'>inculta,</span> <span class='ocrx_word' id='word_1_342' title='bbox 333 4139 418 4202; x_wconf 90' lang='lat' dir='ltr'>alias</span> <span class='ocrx_word' id='word_1_343' title='bbox 434 4157 535 4217; x_wconf 90' lang='lat' dir='ltr'>super</span> <span class='ocrx_word' id='word_1_344' title='bbox 546 4140 740 4211; x_wconf 88' lang='lat' dir='ltr'>redditibus,</span> <span class='ocrx_word' id='word_1_345' title='bbox 755 4140 819 4217; x_wconf 86' lang='lat' dir='ltr'>pis·</span> <span class='ocrx_word' id='word_1_346' title='bbox 873 4141 991 4204; x_wconf 88' lang='lat' dir='ltr'>abbate</span> <span class='ocrx_word' id='word_1_347' title='bbox 1005 4139 1199 4202; x_wconf 91' lang='lat' dir='ltr'>monasterii</span> <span class='ocrx_word' id='word_1_348' title='bbox 1220 4140 1253 4201; x_wconf 87' lang='lat' dir='ltr'>S.</span> <span class='ocrx_word' id='word_1_349' title='bbox 1280 4140 1366 4202; x_wconf 79' lang='lat' dir='ltr'>sixti</span> <span class='ocrx_word' id='word_1_350' title='bbox 1389 4140 1573 4203; x_wconf 86' lang='lat' dir='ltr'>Placentia.</span> <span class='ocrx_word' id='word_1_351' title='bbox 1589 4159 1665 4206; x_wconf 91' lang='lat' dir='ltr'>mo-</span> 
     </span>
     <span class='ocr_line' id='line_1_40' title="bbox 58 4227 1663 4316; baseline 0.011 -32"><span class='ocrx_word' id='word_1_352' title='bbox 58 4227 222 4309; x_wconf 81' lang='lat' dir='ltr'>tationibns,</span> <span class='ocrx_word' id='word_1_353' title='bbox 245 4237 394 4312; x_wconf 77' lang='lat' dir='ltr'>usuagiis</span> <span class='ocrx_word' id='word_1_354' title='bbox 423 4238 581 4312; x_wconf 87' lang='lat' dir='ltr'>fluminis,</span> <span class='ocrx_word' id='word_1_355' title='bbox 598 4238 683 4316; x_wconf 89' lang='lat' dir='ltr'>qnod</span> <span class='ocrx_word' id='word_1_356' title='bbox 703 4237 818 4300; x_wconf 82' lang='lat' dir='ltr'>villam</span> <span class='ocrx_word' id='word_1_357' title='bbox 873 4239 1058 4301; x_wconf 83' lang='lat' dir='ltr'>hasterium</span> <span class='ocrx_word' id='word_1_358' title='bbox 1080 4238 1189 4315; x_wconf 90' lang='lat' dir='ltr'>ipsum</span> <span class='ocrx_word' id='word_1_359' title='bbox 1210 4252 1230 4298; x_wconf 94' lang='lat' dir='ltr'>a</span> <span class='ocrx_word' id='word_1_360' title='bbox 1253 4239 1489 4302; x_wconf 87' lang='lat' dir='ltr'>communitate</span> <span class='ocrx_word' id='word_1_361' title='bbox 1512 4239 1663 4301; x_wconf 82' lang='lat' dir='ltr'>cremon.</span> 
     </span>
     <span class='ocr_line' id='line_1_41' title="bbox 58 4317 1663 4414; baseline 0.002 -19"><span class='ocrx_word' id='word_1_362' title='bbox 58 4317 139 4395; x_wconf 65' lang='lat' dir='ltr'>iliam</span> <span class='ocrx_word' id='word_1_363' title='bbox 152 4334 354 4407; x_wconf 76' lang='lat' dir='ltr'>praeterfluit,</span> <span class='ocrx_word' id='word_1_364' title='bbox 365 4350 404 4396; x_wconf 90' lang='lat' dir='ltr'>ae</span> <span class='ocrx_word' id='word_1_365' title='bbox 415 4335 515 4396; x_wconf 89' lang='lat' dir='ltr'>rebus</span> <span class='ocrx_word' id='word_1_366' title='bbox 528 4335 604 4397; x_wconf 89' lang='lat' dir='ltr'>aliis</span> <span class='ocrx_word' id='word_1_367' title='bbox 619 4335 817 4414; x_wconf 88' lang='lat' dir='ltr'>multiplici·</span> <span class='ocrx_word' id='word_1_368' title='bbox 874 4335 1001 4398; x_wconf 91' lang='lat' dir='ltr'>duabus</span> <span class='ocrx_word' id='word_1_369' title='bbox 1016 4333 1166 4412; x_wconf 88' lang='lat' dir='ltr'>partibus</span> <span class='ocrx_word' id='word_1_370' title='bbox 1180 4335 1295 4407; x_wconf 84' lang='lat' dir='ltr'>castri,</span> <span class='ocrx_word' id='word_1_371' title='bbox 1309 4336 1343 4397; x_wconf 89' lang='lat' dir='ltr'>et</span> <span class='ocrx_word' id='word_1_372' title='bbox 1357 4335 1461 4397; x_wconf 86' lang='lat' dir='ltr'>curtis</span> <span class='ocrx_word' id='word_1_373' title='bbox 1481 4336 1663 4409; x_wconf 83' lang='lat' dir='ltr'>Wastallae,</span> 
     </span>
     <span class='ocr_line' id='line_1_42' title="bbox 60 4415 1666 4510; baseline 0.012 -34"><span class='ocrx_word' id='word_1_374' title='bbox 60 4415 98 4478; x_wconf 86' lang='lat' dir='ltr'>ter</span> <span class='ocrx_word' id='word_1_375' title='bbox 113 4422 300 4502; x_wconf 89' lang='lat' dir='ltr'>injuriantes</span> <span class='ocrx_word' id='word_1_376' title='bbox 314 4431 451 4505; x_wconf 88' lang='lat' dir='ltr'>eisdem,</span> <span class='ocrx_word' id='word_1_377' title='bbox 466 4432 552 4495; x_wconf 93' lang='lat' dir='ltr'>unde</span> <span class='ocrx_word' id='word_1_378' title='bbox 568 4432 686 4495; x_wconf 88' lang='lat' dir='ltr'>damna</span> <span class='ocrx_word' id='word_1_379' title='bbox 702 4433 819 4509; x_wconf 78' lang='lat' dir='ltr'>gravia</span> <span class='ocrx_word' id='word_1_380' title='bbox 874 4449 933 4510; x_wconf 88' lang='lat' dir='ltr'>per</span> <span class='ocrx_word' id='word_1_381' title='bbox 953 4432 1148 4496; x_wconf 86' lang='lat' dir='ltr'>violentiam</span> <span class='ocrx_word' id='word_1_382' title='bbox 1176 4431 1365 4509; x_wconf 89' lang='lat' dir='ltr'>spoliatum,</span> <span class='ocrx_word' id='word_1_383' title='bbox 1392 4446 1515 4509; x_wconf 86' lang='lat' dir='ltr'>eosque</span> <span class='ocrx_word' id='word_1_384' title='bbox 1538 4435 1666 4496; x_wconf 89' lang='lat' dir='ltr'>curtem</span> 
     </span>
     <span class='ocr_line' id='line_1_43' title="bbox 61 4510 1665 4618; baseline 0.007 -38"><span class='ocrx_word' id='word_1_385' title='bbox 61 4510 240 4618; x_wconf 70' lang='lat' dir='ltr'>incinerant</span> <span class='ocrx_word' id='word_1_386' title='bbox 253 4530 289 4591; x_wconf 89' lang='lat' dir='ltr'>et</span> <span class='ocrx_word' id='word_1_387' title='bbox 308 4529 516 4592; x_wconf 88' lang='lat' dir='ltr'>incessanter</span> <span class='ocrx_word' id='word_1_388' title='bbox 535 4531 720 4593; x_wconf 91' lang='lat' dir='ltr'>incurrunt.</span> <span class='ocrx_word' id='word_1_389' title='bbox 736 4531 819 4603; x_wconf 88' lang='lat' dir='ltr'>Quia</span> <span class='ocrx_word' id='word_1_390' title='bbox 873 4529 1038 4594; x_wconf 84' lang='lat' dir='ltr'>Luciariae</span> <span class='ocrx_word' id='word_1_391' title='bbox 1061 4529 1103 4590; x_wconf 91' lang='lat' dir='ltr'>ad</span> <span class='ocrx_word' id='word_1_392' title='bbox 1123 4528 1211 4591; x_wconf 91' lang='lat' dir='ltr'>idem</span> <span class='ocrx_word' id='word_1_393' title='bbox 1230 4529 1468 4591; x_wconf 88' lang='lat' dir='ltr'>monasterium</span> <span class='ocrx_word' id='word_1_394' title='bbox 1490 4529 1665 4605; x_wconf 89' lang='lat' dir='ltr'>pertinen-</span> 
     </span>
     <span class='ocr_line' id='line_1_44' title="bbox 65 4611 1666 4703; baseline 0.004 -19"><span class='ocrx_word' id='word_1_395' title='bbox 65 4611 216 4686; x_wconf 75' lang='lat' dir='ltr'>laternae</span> <span class='ocrx_word' id='word_1_396' title='bbox 236 4625 298 4688; x_wconf 92' lang='lat' dir='ltr'>sub</span> <span class='ocrx_word' id='word_1_397' title='bbox 314 4625 578 4690; x_wconf 86' lang='lat' dir='ltr'>dissimulatione</span> <span class='ocrx_word' id='word_1_398' title='bbox 596 4629 739 4690; x_wconf 88' lang='lat' dir='ltr'>transire</span> <span class='ocrx_word' id='word_1_399' title='bbox 759 4643 820 4690; x_wconf 90' lang='lat' dir='ltr'>nec</span> <span class='ocrx_word' id='word_1_400' title='bbox 873 4630 939 4690; x_wconf 88' lang='lat' dir='ltr'>torn</span> <span class='ocrx_word' id='word_1_401' title='bbox 950 4629 1066 4690; x_wconf 91' lang='lat' dir='ltr'>contra</span> <span class='ocrx_word' id='word_1_402' title='bbox 1076 4627 1240 4703; x_wconf 88' lang='lat' dir='ltr'>justitiam</span> <span class='ocrx_word' id='word_1_403' title='bbox 1251 4625 1411 4694; x_wconf 90' lang='lat' dir='ltr'>detinere,</span> <span class='ocrx_word' id='word_1_404' title='bbox 1424 4624 1533 4688; x_wconf 80' lang='lat' dir='ltr'>felicis</span> <span class='ocrx_word' id='word_1_405' title='bbox 1545 4643 1666 4690; x_wconf 91' lang='lat' dir='ltr'>memo·</span> 
     </span>
     <span class='ocr_line' id='line_1_45' title="bbox 65 4708 1664 4800; baseline 0.016 -37"><span class='ocrx_word' id='word_1_406' title='bbox 65 4708 192 4792; x_wconf 79' lang='lat' dir='ltr'>volumus,</span> <span class='ocrx_word' id='word_1_407' title='bbox 211 4739 274 4785; x_wconf 89' lang='lat' dir='ltr'>nec</span> <span class='ocrx_word' id='word_1_408' title='bbox 292 4723 459 4798; x_wconf 88' lang='lat' dir='ltr'>dehemus,</span> <span class='ocrx_word' id='word_1_409' title='bbox 477 4725 729 4788; x_wconf 85' lang='lat' dir='ltr'>universitatem</span> <span class='ocrx_word' id='word_1_410' title='bbox 744 4741 821 4787; x_wconf 87' lang='lat' dir='ltr'>ves-</span> <span class='ocrx_word' id='word_1_411' title='bbox 874 4726 934 4788; x_wconf 86' lang='lat' dir='ltr'>riae</span> <span class='ocrx_word' id='word_1_412' title='bbox 958 4723 1170 4788; x_wconf 87' lang='lat' dir='ltr'>Innocentius</span> <span class='ocrx_word' id='word_1_413' title='bbox 1185 4737 1281 4800; x_wconf 90' lang='lat' dir='ltr'>papa,</span> <span class='ocrx_word' id='word_1_414' title='bbox 1297 4722 1524 4800; x_wconf 87' lang='lat' dir='ltr'>praedecessor</span> <span class='ocrx_word' id='word_1_415' title='bbox 1539 4727 1664 4800; x_wconf 87' lang='lat' dir='ltr'>noster,</span> 
     </span>
     <span class='ocr_line' id='line_1_46' title="bbox 41 4800 1666 4902; baseline 0.007 -25.993"><span class='ocrx_word' id='word_1_416' title='bbox 41 4800 129 4882; x_wconf 34' lang='lat' dir='ltr'>&#39;iram</span> <span class='ocrx_word' id='word_1_417' title='bbox 140 4820 310 4892; x_wconf 88' lang='lat' dir='ltr'>rogandam</span> <span class='ocrx_word' id='word_1_418' title='bbox 325 4821 480 4884; x_wconf 89' lang='lat' dir='ltr'>duximus</span> <span class='ocrx_word' id='word_1_419' title='bbox 496 4823 529 4884; x_wconf 94' lang='lat' dir='ltr'>et</span> <span class='ocrx_word' id='word_1_420' title='bbox 549 4823 746 4885; x_wconf 86' lang='lat' dir='ltr'>hortandam</span> <span class='ocrx_word' id='word_1_421' title='bbox 761 4838 820 4901; x_wconf 92' lang='lat' dir='ltr'>per</span> <span class='ocrx_word' id='word_1_422' title='bbox 875 4838 1010 4884; x_wconf 87' lang='lat' dir='ltr'>causam</span> <span class='ocrx_word' id='word_1_423' title='bbox 1035 4819 1131 4882; x_wconf 88' lang='lat' dir='ltr'>bonae</span> <span class='ocrx_word' id='word_1_424' title='bbox 1160 4819 1330 4882; x_wconf 79' lang='lat' dir='ltr'>memoria</span> <span class='ocrx_word' id='word_1_425' title='bbox 1362 4819 1480 4897; x_wconf 88' lang='lat' dir='ltr'>Regin.</span> <span class='ocrx_word' id='word_1_426' title='bbox 1510 4823 1666 4902; x_wconf 84' lang='lat' dir='ltr'>episcopo</span> 
     </span>
     <span class='ocr_line' id='line_1_47' title="bbox 69 4901 1666 4998; baseline 0.005 -21.862"><span class='ocrx_word' id='word_1_427' title='bbox 69 4901 217 4978; x_wconf 73' lang='lat' dir='ltr'>ltosbttoa</span> <span class='ocrx_word' id='word_1_428' title='bbox 228 4917 324 4981; x_wconf 82' lang='lat' dir='ltr'>robis</span> <span class='ocrx_word' id='word_1_429' title='bbox 338 4919 462 4996; x_wconf 87' lang='lat' dir='ltr'>scripta</span> <span class='ocrx_word' id='word_1_430' title='bbox 477 4919 683 4990; x_wconf 86' lang='lat' dir='ltr'>mandantes,</span> <span class='ocrx_word' id='word_1_431' title='bbox 700 4923 820 4998; x_wconf 86' lang='lat' dir='ltr'>quate·</span> <span class='ocrx_word' id='word_1_432' title='bbox 875 4917 1109 4989; x_wconf 89' lang='lat' dir='ltr'>commisisset,</span> <span class='ocrx_word' id='word_1_433' title='bbox 1119 4915 1251 4980; x_wconf 87' lang='lat' dir='ltr'>tandem</span> <span class='ocrx_word' id='word_1_434' title='bbox 1267 4917 1341 4993; x_wconf 85' lang='lat' dir='ltr'>post</span> <span class='ocrx_word' id='word_1_435' title='bbox 1354 4916 1531 4981; x_wconf 88' lang='lat' dir='ltr'>dilationes</span> <span class='ocrx_word' id='word_1_436' title='bbox 1546 4937 1666 4998; x_wconf 89' lang='lat' dir='ltr'>quam-</span> 
     </span>
     <span class='ocr_line' id='line_1_48' title="bbox 42 5003 1665 5104; baseline 0.001 -26"><span class='ocrx_word' id='word_1_437' title='bbox 42 5003 46 5104; x_wconf 67' lang='grc' dir='ltr'>ξ</span> <span class='ocrx_word' id='word_1_438' title='bbox 73 5009 238 5102; x_wconf 64' lang='lat' dir='ltr'>lillebona</span> <span class='ocrx_word' id='word_1_439' title='bbox 253 5016 397 5079; x_wconf 90' lang='lat' dir='ltr'>creando</span> <span class='ocrx_word' id='word_1_440' title='bbox 409 5033 532 5080; x_wconf 84' lang='lat' dir='ltr'>novum</span> <span class='ocrx_word' id='word_1_441' title='bbox 544 5017 820 5096; x_wconf 86' lang='lat' dir='ltr'>inpraejudieium</span> <span class='ocrx_word' id='word_1_442' title='bbox 876 5017 1036 5096; x_wconf 86' lang='lat' dir='ltr'>plurimas</span> <span class='ocrx_word' id='word_1_443' title='bbox 1053 5014 1208 5090; x_wconf 81' lang='lat' dir='ltr'>exigente</span> <span class='ocrx_word' id='word_1_444' title='bbox 1227 5014 1437 5078; x_wconf 87' lang='lat' dir='ltr'>contumacia</span> <span class='ocrx_word' id='word_1_445' title='bbox 1458 5018 1665 5092; x_wconf 84' lang='lat' dir='ltr'>cremonen,</span> 
     </span>
     <span class='ocr_line' id='line_1_49' title="bbox 73 5099 1667 5196; baseline 0.006 -28"><span class='ocrx_word' id='word_1_446' title='bbox 73 5099 148 5168; x_wconf 80' lang='lat' dir='ltr'>ltsius</span> <span class='ocrx_word' id='word_1_447' title='bbox 170 5113 314 5178; x_wconf 84' lang='lat' dir='ltr'>ecelesiae</span> <span class='ocrx_word' id='word_1_448' title='bbox 350 5115 595 5192; x_wconf 89' lang='lat' dir='ltr'>magistratum,</span> <span class='ocrx_word' id='word_1_449' title='bbox 624 5116 821 5196; x_wconf 84' lang='lat' dir='ltr'>caeterisque</span> <span class='ocrx_word' id='word_1_450' title='bbox 876 5113 1121 5193; x_wconf 85' lang='lat' dir='ltr'>possessionem</span> <span class='ocrx_word' id='word_1_451' title='bbox 1132 5111 1309 5189; x_wconf 89' lang='lat' dir='ltr'>petitorum</span> <span class='ocrx_word' id='word_1_452' title='bbox 1320 5128 1421 5174; x_wconf 88' lang='lat' dir='ltr'>causa</span> <span class='ocrx_word' id='word_1_453' title='bbox 1434 5113 1484 5175; x_wconf 91' lang='lat' dir='ltr'>rei</span> <span class='ocrx_word' id='word_1_454' title='bbox 1495 5115 1667 5177; x_wconf 87' lang='lat' dir='ltr'>servandae</span> 
     </span>
     <span class='ocr_line' id='line_1_50' title="bbox 76 5201 1666 5292; baseline 0.009 -24"><span class='ocrx_word' id='word_1_455' title='bbox 76 5201 229 5270; x_wconf 82' lang='lat' dir='ltr'>sulradiotis</span> <span class='ocrx_word' id='word_1_456' title='bbox 253 5211 370 5284; x_wconf 91' lang='lat' dir='ltr'>modis,</span> <span class='ocrx_word' id='word_1_457' title='bbox 397 5214 454 5275; x_wconf 91' lang='lat' dir='ltr'>aut</span> <span class='ocrx_word' id='word_1_458' title='bbox 475 5213 552 5274; x_wconf 87' lang='lat' dir='ltr'>aliis</span> <span class='ocrx_word' id='word_1_459' title='bbox 574 5214 690 5276; x_wconf 89' lang='lat' dir='ltr'>eontra</span> <span class='ocrx_word' id='word_1_460' title='bbox 714 5213 821 5291; x_wconf 91' lang='lat' dir='ltr'>ipsam</span> <span class='ocrx_word' id='word_1_461' title='bbox 876 5213 962 5276; x_wconf 89' lang='lat' dir='ltr'>dicto</span> <span class='ocrx_word' id='word_1_462' title='bbox 983 5208 1187 5292; x_wconf 83' lang='lat' dir='ltr'>adjudicavit</span> <span class='ocrx_word' id='word_1_463' title='bbox 1205 5208 1329 5279; x_wconf 73' lang='lat' dir='ltr'>abbati,</span> <span class='ocrx_word' id='word_1_464' title='bbox 1352 5210 1408 5288; x_wconf 77' lang='lat' dir='ltr'>qui</span> <span class='ocrx_word' id='word_1_465' title='bbox 1432 5211 1510 5272; x_wconf 74' lang='lat' dir='ltr'>licet</span> <span class='ocrx_word' id='word_1_466' title='bbox 1531 5226 1666 5287; x_wconf 74' lang='lat' dir='ltr'>posses-</span> 
     </span>
     <span class='ocr_line' id='line_1_51' title="bbox 76 5291 1666 5388; baseline 0.018 -43"><span class='ocrx_word' id='word_1_467' title='bbox 76 5291 207 5364; x_wconf 80' lang='lat' dir='ltr'>ecclesian</span> <span class='ocrx_word' id='word_1_468' title='bbox 235 5306 420 5385; x_wconf 80' lang='lat' dir='ltr'>improvide</span> <span class='ocrx_word' id='word_1_469' title='bbox 455 5310 653 5384; x_wconf 87' lang='lat' dir='ltr'>attentastis,</span> <span class='ocrx_word' id='word_1_470' title='bbox 684 5311 822 5388; x_wconf 81' lang='lat' dir='ltr'>provide</span> <span class='ocrx_word' id='word_1_471' title='bbox 877 5311 1005 5372; x_wconf 91' lang='lat' dir='ltr'>sionem</span> <span class='ocrx_word' id='word_1_472' title='bbox 1029 5308 1137 5384; x_wconf 89' lang='lat' dir='ltr'>ipsam</span> <span class='ocrx_word' id='word_1_473' title='bbox 1161 5306 1381 5386; x_wconf 89' lang='lat' dir='ltr'>corporaliter</span> <span class='ocrx_word' id='word_1_474' title='bbox 1399 5307 1666 5384; x_wconf 89' lang='lat' dir='ltr'>apprehenderit,</span> 
     </span>
     <span class='ocr_line' id='line_1_52' title="bbox 49 5392 1670 5490; baseline 0.017 -48"><span class='ocrx_word' id='word_1_475' title='bbox 49 5473 51 5490; x_wconf 44' lang='grc' dir='ltr'>Ι</span> <span class='ocrx_word' id='word_1_476' title='bbox 79 5392 236 5476; x_wconf 78' lang='lat' dir='ltr'>revocantes,</span> <span class='ocrx_word' id='word_1_477' title='bbox 253 5419 292 5466; x_wconf 90' lang='lat' dir='ltr'>ac</span> <span class='ocrx_word' id='word_1_478' title='bbox 316 5405 558 5469; x_wconf 78' lang='lat' dir='ltr'>satisfacientes</span> <span class='ocrx_word' id='word_1_479' title='bbox 583 5407 647 5484; x_wconf 87' lang='lat' dir='ltr'>ipsi</span> <span class='ocrx_word' id='word_1_480' title='bbox 671 5408 822 5470; x_wconf 86' lang='lat' dir='ltr'>ecelesiae</span> <span class='ocrx_word' id='word_1_481' title='bbox 877 5407 955 5485; x_wconf 84' lang='lat' dir='ltr'>quia</span> <span class='ocrx_word' id='word_1_482' title='bbox 965 5408 1170 5477; x_wconf 83' lang='lat' dir='ltr'>tamensem,</span> <span class='ocrx_word' id='word_1_483' title='bbox 1183 5403 1475 5483; x_wconf 87' lang='lat' dir='ltr'>propteradversae</span> <span class='ocrx_word' id='word_1_484' title='bbox 1490 5406 1595 5479; x_wconf 88' lang='lat' dir='ltr'>partis</span> <span class='ocrx_word' id='word_1_485' title='bbox 1608 5423 1670 5484; x_wconf 90' lang='lat' dir='ltr'>po-</span> 
     </span>
     <span class='ocr_line' id='line_1_53' title="bbox 49 5490 1667 5582; baseline 0.002 -20"><span class='ocrx_word' id='word_1_486' title='bbox 49 5493 51 5556; x_wconf 70' lang='lat' dir='ltr'>i</span> <span class='ocrx_word' id='word_1_487' title='bbox 80 5490 305 5564; x_wconf 66' lang='lat' dir='ltr'>herceatores</span> <span class='ocrx_word' id='word_1_488' title='bbox 319 5501 450 5564; x_wconf 88' lang='lat' dir='ltr'>damnis</span> <span class='ocrx_word' id='word_1_489' title='bbox 462 5504 495 5566; x_wconf 87' lang='lat' dir='ltr'>et</span> <span class='ocrx_word' id='word_1_490' title='bbox 515 5503 649 5581; x_wconf 90' lang='lat' dir='ltr'>injuriis</span> <span class='ocrx_word' id='word_1_491' title='bbox 663 5504 822 5582; x_wconf 85' lang='lat' dir='ltr'>irrogatis</span> <span class='ocrx_word' id='word_1_492' title='bbox 875 5505 1025 5576; x_wconf 90' lang='lat' dir='ltr'>tentiam,</span> <span class='ocrx_word' id='word_1_493' title='bbox 1042 5519 1108 5564; x_wconf 94' lang='lat' dir='ltr'>non</span> <span class='ocrx_word' id='word_1_494' title='bbox 1124 5503 1231 5580; x_wconf 89' lang='lat' dir='ltr'>potuit</span> <span class='ocrx_word' id='word_1_495' title='bbox 1244 5501 1401 5572; x_wconf 87' lang='lat' dir='ltr'>retinere,</span> <span class='ocrx_word' id='word_1_496' title='bbox 1428 5515 1530 5576; x_wconf 86' lang='lat' dir='ltr'>snper</span> <span class='ocrx_word' id='word_1_497' title='bbox 1548 5501 1610 5566; x_wconf 91' lang='lat' dir='ltr'>hoc</span> <span class='ocrx_word' id='word_1_498' title='bbox 1625 5505 1667 5566; x_wconf 89' lang='lat' dir='ltr'>ad</span> 
     </span>
     <span class='ocr_line' id='line_1_54' title="bbox 50 5563 1667 5682; baseline 0.015 -43"><span class='ocrx_word' id='word_1_499' title='bbox 50 5563 52 5625; x_wconf 74' lang='lat' dir='ltr'>l</span> <span class='ocrx_word' id='word_1_500' title='bbox 83 5575 105 5682; x_wconf 73' lang='lat' dir='ltr'>tl</span> <span class='ocrx_word' id='word_1_501' title='bbox 117 5595 130 5638; x_wconf 88' lang='lat' dir='ltr'>a</span> <span class='ocrx_word' id='word_1_502' title='bbox 144 5587 284 5659; x_wconf 87' lang='lat' dir='ltr'>sinilibus</span> <span class='ocrx_word' id='word_1_503' title='bbox 299 5599 340 5660; x_wconf 92' lang='lat' dir='ltr'>de</span> <span class='ocrx_word' id='word_1_504' title='bbox 358 5600 479 5662; x_wconf 87' lang='lat' dir='ltr'>caetero</span> <span class='ocrx_word' id='word_1_505' title='bbox 497 5600 702 5664; x_wconf 88' lang='lat' dir='ltr'>abstinentes</span> <span class='ocrx_word' id='word_1_506' title='bbox 718 5603 824 5679; x_wconf 90' lang='lat' dir='ltr'>juris-</span> <span class='ocrx_word' id='word_1_507' title='bbox 875 5602 971 5664; x_wconf 86' lang='lat' dir='ltr'>bonae</span> <span class='ocrx_word' id='word_1_508' title='bbox 986 5601 1166 5662; x_wconf 88' lang='lat' dir='ltr'>momoriae.</span> <span class='ocrx_word' id='word_1_509' title='bbox 1183 5598 1341 5666; x_wconf 87' lang='lat' dir='ltr'>Mutinen.</span> <span class='ocrx_word' id='word_1_510' title='bbox 1360 5597 1552 5675; x_wconf 88' lang='lat' dir='ltr'>episcopum</span> <span class='ocrx_word' id='word_1_511' title='bbox 1574 5603 1667 5677; x_wconf 81' lang='lat' dir='ltr'>eius-</span> 
     </span>
     <span class='ocr_line' id='line_1_55' title="bbox 84 5667 1668 5776; baseline 0.016 -41"><span class='ocrx_word' id='word_1_512' title='bbox 84 5667 213 5753; x_wconf 81' lang='lat' dir='ltr'>lntionen</span> <span class='ocrx_word' id='word_1_513' title='bbox 230 5697 422 5760; x_wconf 90' lang='lat' dir='ltr'>consuetam</span> <span class='ocrx_word' id='word_1_514' title='bbox 441 5699 474 5760; x_wconf 92' lang='lat' dir='ltr'>et</span> <span class='ocrx_word' id='word_1_515' title='bbox 492 5696 635 5760; x_wconf 89' lang='lat' dir='ltr'>debitam</span> <span class='ocrx_word' id='word_1_516' title='bbox 648 5698 754 5762; x_wconf 90' lang='lat' dir='ltr'>libere</span> <span class='ocrx_word' id='word_1_517' title='bbox 769 5699 823 5760; x_wconf 91' lang='lat' dir='ltr'>di·</span> <span class='ocrx_word' id='word_1_518' title='bbox 878 5700 950 5761; x_wconf 90' lang='lat' dir='ltr'>dem</span> <span class='ocrx_word' id='word_1_519' title='bbox 967 5696 1220 5776; x_wconf 86' lang='lat' dir='ltr'>praedecessoris</span> <span class='ocrx_word' id='word_1_520' title='bbox 1235 5695 1339 5756; x_wconf 91' lang='lat' dir='ltr'>nostri</span> <span class='ocrx_word' id='word_1_521' title='bbox 1357 5693 1485 5756; x_wconf 89' lang='lat' dir='ltr'>litteras</span> <span class='ocrx_word' id='word_1_522' title='bbox 1509 5697 1668 5774; x_wconf 89' lang='lat' dir='ltr'>impetra-</span> 
     </span>
    </p>
   </div>
   <div class='ocr_carea' id='block_1_4' title="bbox 186 5827 1502 5886">
    <p class='ocr_par' dir='ltr' id='par_1_4' title="bbox 186 5827 1502 5886">
     <span class='ocr_line' id='line_1_56' title="bbox 186 5827 1502 5886; baseline 0.005 -7"><span class='ocrx_word' id='word_1_523' title='bbox 186 5833 285 5882; x_wconf 81' lang='lat' dir='ltr'>uruot..</span> <span class='ocrx_word' id='word_1_524' title='bbox 302 5841 376 5884; x_wconf 78' lang='lat' dir='ltr'>mus</span> <span class='ocrx_word' id='word_1_525' title='bbox 388 5829 435 5886; x_wconf 91' lang='lat' dir='ltr'>lV.</span> <span class='ocrx_word' id='word_1_526' title='bbox 1469 5827 1502 5886; x_wconf 78' lang='lat' dir='ltr'>ta</span> 
     </span>
    </p>
   </div>
   <div class='ocr_carea' id='block_1_5' title="bbox 972 2257 1557 2324">
    <p class='ocr_par' dir='ltr' id='par_1_5' title="bbox 972 2257 1557 2324">
     <span class='ocr_line' id='line_1_57' title="bbox 972 2257 1557 2324; baseline 0 -14"><span class='ocrx_word' id='word_1_527' title='bbox 972 2258 1050 2324; x_wconf 75' lang='lat' dir='ltr'>[tto</span> <span class='ocrx_word' id='word_1_528' title='bbox 1064 2257 1155 2310; x_wconf 73' lang='lat' dir='ltr'>latoris</span> <span class='ocrx_word' id='word_1_529' title='bbox 1166 2257 1194 2308; x_wconf 89' lang='lat' dir='ltr'>di</span> <span class='ocrx_word' id='word_1_530' title='bbox 1207 2257 1347 2318; x_wconf 83' lang='lat' dir='ltr'>Guastalla,</span> <span class='ocrx_word' id='word_1_531' title='bbox 1363 2258 1383 2318; x_wconf 90' lang='lat'>1,</span> <span class='ocrx_word' id='word_1_532' title='bbox 1397 2257 1454 2318; x_wconf 70' lang='lat'>362,</span> <span class='ocrx_word' id='word_1_533' title='bbox 1466 2273 1492 2309; x_wconf 92' lang='lat' dir='ltr'>n.</span> <span class='ocrx_word' id='word_1_534' title='bbox 1504 2258 1557 2324; x_wconf 81' lang='lat' dir='ltr'>aa]</span> 
     </span>
    </p>
   </div>
   <div class='ocr_carea' id='block_1_6' title="bbox 0 0 1991 6324">
    <p class='ocr_par' dir='ltr' id='par_1_6' title="bbox 0 0 1991 6324">
     <span class='ocr_line' id='line_1_58' title="bbox 0 0 1991 6324; baseline 0 0"><span class='ocrx_word' id='word_1_535' title='bbox 0 0 1991 6324; x_wconf 95' lang='lat' dir='ltr'> </span> 
     </span>
    </p>
   </div>
  </div>
 </body>
</html>
