4104 6330
109 351 166 426 aas

112 523 223 594 dimus,
240 521 288 594 ut,
313 521 549 586 constitutione
567 522 734 599 generalis
756 511 896 584 concilii

111 635 171 682 non
192 619 353 691 obstante,
375 623 557 682 memorata
571 619 732 682 beneficia
750 636 825 682 oum
839 634 897 682 ar-

112 716 337 778 ebidiaconatn
364 715 522 792 praedicto
547 716 608 778 tibi
625 716 725 778 liceat
738 717 893 804 retinere.

112 812 196 875 Nulli
210 827 300 888 ergo,
313 812 375 873 eto.
407 813 442 873 Si
457 813 531 889 quis
556 814 677 882 autem,
694 814 756 875 etc.
776 813 896 874 Datum

112 909 271 981 Laterani,
302 910 379 970 VIII
402 908 471 970 kal.
498 909 660 984 octobris,
683 908 896 987 pontificatus

112 1005 206 1068 nostri
222 1021 310 1068 anno
324 1005 475 1084 septimo.

225 1481 503 1542 Addbeodermu
514 1479 767 1541 Geminiacum.

360 1609 395 1668 26
409 1609 548 1684 septemb.
566 1608 644 1668 1222.

240 1729 392 1797 fflapnald,
406 1737 471 1784 dnn.
481 1733 514 1798 ud
526 1731 666 1792 unnim,
681 1731 694 1798 ς
707 1729 757 1796 tt]

112 1857 178 1914 dum
192 1857 322 1916 bortatur
335 1865 367 1916 ut
383 1873 449 1917 eum
469 1857 592 1916 lieberto
618 1858 790 1930 imperatore
811 1857 897 1916 dom·

220 1946 459 2022 tautinopolitano
473 1949 553 2021 pacis
567 1945 673 2005 loedera
686 1947 773 2006 ineat.

145 2072 316 2136 Theodoro
354 2073 561 2147 cominiano,
589 2073 743 2150 spiritum
766 2069 898 2137 consilii

111 2170 259 2232 sanioris.

145 2266 234 2329 Licet
247 2267 432 2330 enormiter
446 2283 507 2332 nos
528 2269 561 2330 et
575 2266 757 2332 Ecclesiam
771 2267 898 2330 Roma·

112 2375 180 2423 nam
194 2362 390 2436 offenderis,
403 2364 560 2428 dilectum
578 2364 684 2426 illium
701 2363 850 2426 nostrum
867 2363 897 2426 J.

110 2458 238 2522 titulis.
259 2462 424 2546 Praxedis
443 2461 673 2540 presbyterum
699 2460 790 2522 card.
815 2474 899 2524 ausu

112 2558 265 2634 sacrilego
287 2559 460 2636 capiendo,
476 2560 554 2636 quia
571 2559 695 2633 mmou,
716 2556 899 2624 sicutidem

112 2653 233 2716 rediens
264 2655 361 2718 nobIs
394 2657 510 2720 rotulit
538 2656 616 2718 viva
652 2670 752 2727 voce,
788 2654 899 2730 ipsum

112 2749 218 2816 devote
228 2753 393 2826 tractasti,
414 2754 493 2818 etin
509 2751 705 2816 liberatione
726 2750 898 2814 honorasti

112 2847 268 2924 decenter,
287 2866 464 2930 personam
478 2853 581 2922 tuam,
598 2851 665 2915 nisi
679 2865 738 2927 per
749 2853 783 2912 te
797 2849 899 2910 stete-

112 2945 334 3026 ritquantum
353 2964 429 3010 oum
454 2951 521 3014 Deo
547 2963 734 3024 possumus,
759 2945 898 3022 diligero

113 3041 328 3120 disponentes,
340 3045 482 3108 libenter
494 3046 562 3108 tuis
577 3044 758 3109 seeundum
776 3043 899 3105 utrum·

113 3158 168 3218 que
178 3143 347 3206 bominem
361 3141 535 3220 protutura
549 3141 762 3220 provectibus
777 3140 899 3216 eogita-

113 3255 193 3316 nus;
209 3242 380 3304 etutinam
392 3241 516 3306 nostris
528 3239 678 3305 consiliis
690 3238 896 3316 acquiescas,

113 3337 296 3412 quianam
317 3353 490 3414 speramus
508 3339 545 3402 in
558 3337 709 3408 Domino,
728 3349 898 3412 nunquam

113 3433 297 3498 exindetibi
320 3434 387 3496 uisi
407 3435 504 3510 grata
528 3435 685 3511 poterunt
707 3431 896 3510 provenire.

114 3531 189 3594 Sane
204 3532 302 3596 nobis
313 3532 499 3594 tacentibus
507 3547 574 3594 non
588 3531 736 3606 ignoras,
748 3528 898 3616 quodres

112 3629 202 3692 unte
233 3631 464 3701 concrescunt,
493 3630 527 3690 et
554 3628 747 3705 dispereunt
768 3627 898 3703 disgre-

110 3727 202 3803 gatae3
219 3727 361 3804 ideoque
372 3727 409 3789 ut
420 3725 796 3788 utdiscordiabomines
808 3724 898 3786 inter

113 3837 142 3884 se
153 3821 294 3888 luricam
300 3823 527 3894 adversantes,
540 3822 605 3884 nisi
621 3823 721 3884 aliter
732 3821 896 3898 sopiatur,

112 3920 225 3984 mmdiu
235 3923 272 3984 in
286 3922 458 3998 utriusque
471 3919 575 3996 partis
584 3919 794 3996 dispendium
806 3919 897 3982 mili·-

112 4017 162 4090 tet,
182 4019 287 4084 donec
308 4019 426 4095 perdat
453 4017 604 4088 alteram,
630 4015 684 4078 uel
707 4019 897 4096 utramque,

113 4115 199 4178 sicuti
210 4133 229 4180 e
241 4131 405 4180 converso
423 4113 602 4178 concordia
618 4114 738 4176 nititur
752 4113 794 4178 ad
810 4129 895 4178 oon-

112 4216 304 4280 ssrsantiam
332 4213 396 4278 sibi
419 4210 695 4290 obsequentium,
720 4212 754 4276 et
782 4227 895 4288 augu-

112 4315 260 4376 mentum.

146 4411 247 4481 Quare
256 4408 359 4472 saluti
371 4409 404 4474 et
413 4407 518 4487 quleti
529 4409 595 4470 tuae
603 4407 794 4485 plurimum,
809 4407 898 4470 sicut

113 4520 165 4566 nac
188 4508 259 4584 ipse
285 4505 427 4578 dubitas,
449 4503 606 4582 expedire
622 4504 793 4566 credentes
808 4505 896 4566 inter

113 4602 312 4664 carissimum
333 4601 368 4662 in
384 4601 521 4663 ¹Christo
548 4600 654 4661 fllium
681 4600 829 4660 nostrum
853 4603 892 4661 R.

113 4695 334 4774 imperatorem
358 4697 759 4774 constantinopolitanum
793 4696 894 4757 illus-

113 4794 186 4856 trem
208 4795 352 4884 stabiliri
376 4796 470 4873 pacis
498 4795 666 4873 perpetuae
690 4795 892 4868 firmitatem,

114 4891 181 4966 quta
192 4894 250 4956 tibi
262 4894 441 4972 plurimum
455 4893 517 4955 erit
533 4887 669 4964 de'oens,
687 4893 723 4954 ut
737 4893 771 4953 id
786 4892 896 4953 moni-

114 4989 201 5052 tusa
232 4991 330 5053 nobis
371 4990 518 5062 emeras,
557 4989 765 5052 nobIIItatem
803 4992 894 5053 tuam

114 5082 274 5149 hortamur
296 5087 438 5159 attente,
464 5087 626 5164 quatenus
652 5087 791 5162 provido
823 5087 893 5148 eir·

115 5186 330 5261 cumspectans
345 5183 551 5248 insatiabilia
559 5198 670 5244 rerum
686 5183 817 5255 damna,
840 5183 895 5244 in·

115 5281 339 5357 comparabilia
351 5295 568 5358 personarum
589 5281 751 5356 pericula,
769 5281 802 5342 et
814 5281 892 5341 ani-

115 5391 232 5440 marum
252 5377 485 5458 irreparabilia
509 5378 718 5450 detrimenta,
735 5393 809 5454 quae
832 5377 893 5440 tibi

115 5485 151 5532 ex
170 5473 332 5538 discordia
354 5476 510 5552 poterunt
531 5474 707 5551 provenire
732 5473 894 5536 Christia-

115 5569 239 5634 nissimo
260 5571 452 5650 imperatori
478 5571 647 5650 praedicte,
674 5570 761 5634 sicut
775 5572 892 5632 Chris-

115 5665 214 5729 tianus
225 5686 271 5743 es,
284 5670 315 5732 te
329 5669 460 5732 studeas
468 5669 559 5746 pacis
568 5669 709 5733 termino
722 5669 890 5746 copulare,

708 361 937 426 EPISTOLAE.
961 362 1039 424 LIB.
1062 364 1132 426 vlt.

949 521 998 584 ita
1010 521 1097 602 quod
1114 521 1235 586 bonam
1254 523 1296 586 de
1319 524 1362 599 te,
1377 525 1420 590 de
1440 528 1563 590 caetero
1587 525 1744 596 fiduciam

950 619 1148 689 obtinentes,
1172 620 1279 698 magis
1298 636 1339 684 ac
1359 623 1467 698 magis
1481 622 1542 687 tibi
1564 623 1743 692 reddamur

950 715 1151 780 favorabiles
1170 717 1204 780 et
1225 717 1374 796 benigni,
1399 735 1462 782 nec
1483 720 1512 782 si
1538 721 1743 800 contimtum

950 813 1071 890 egeris,
1087 829 1248 894 cogamur
1256 815 1348 878 aliud
1360 817 1520 892 cogiiaro.
1540 819 1659 880 Datum
1673 821 1743 884 La-

950 911 1137 984 uramur
1167 911 1332 976 kalendas
1354 913 1510 990 octobris,
1533 914 1744 992 ponuueatus
1770 965 1771 970 ,

950 1009 1059 1072 nostri
1073 1024 1162 1074 anuo
1177 1010 1330 1088 septimo.
1441 1025 1443 1030 ’

1298 1321 1397 1408 VIII

951 1469 1004 1529 Ad
1016 1470 1062 1530 Η.
1086 1471 1305 1533 decedamus
1324 1473 1580 1546 euodtecoman,
1596 1475 1746 1539 Petrum

992 1568 1153 1662 &reperti
1179 1567 1387 1643 scriptorem
1408 1570 1443 1630 et
1465 1573 1549 1648 Iton.
1575 1573 1617 1636 de
1638 1575 1746 1638 Colle-

991 1664 1104 1724 medto
1117 1669 1320 1728 corcodisum
1332 1668 1471 1744 ducant
1504 1710 1512 1728 .

1200 1795 1237 1854 30
1250 1795 1390 1869 septemb.
1408 1797 1488 1858 tata.

983 1915 1105 1981 [nepam
1115 1903 1356 1983 autumpnum.
1373 1921 1430 1972 uss.
1442 1923 1479 1974 m
1489 1920 1608 1972 reuda
1619 1923 1716 1987 naen]

952 2039 1069 2100 blandai
1077 2048 1109 2098 ut
1122 2039 1262 2114 maglstro
1276 2043 1422 2102 Willelmo
1435 2043 1471 2102 de
1488 2047 1591 2104 Sancto
1603 2047 1747 2108 Gennauo

1001 2135 1158 2202 proventus
1173 2129 1333 2201 praebendae
1345 2147 1406 2190 suae
1420 2133 1563 2208 assignari
1578 2133 1692 2194 lactant.

992 2263 1172 2338 Honorius,
1181 2265 1480 2337 etc.,dilectIsdliis
1489 2272 1529 2330 Η.
1537 2270 1577 2332 de
1588 2271 1749 2337 Columna

953 2359 1168 2435 subdiacono,
1185 2363 1217 2424 et
1228 2364 1326 2426 Petro
1341 2367 1493 2442 Gregorii
1507 2367 1662 2448 scriptori
1674 2385 1750 2431 nos·
1852 2383 1853 2388 ’

953 2457 1027 2532 tris,
1043 2459 1077 2524 et
1090 2461 1173 2535 Iter.
1193 2458 1236 2522 de
1259 2459 1460 2524 collemedio
1480 2464 1642 2528 canonico
1656 2468 1750 2528 Ana-

952 2555 1041 2630 gniae
1067 2555 1218 2618 ParIsIus
1239 2559 1529 2636 commorantibus,
1557 2561 1750 2628 salutemet

952 2652 1466 2734 apostolicambonadiotionem.

993 2750 1099 2819 Quum
1111 2749 1206 2815 bonae
1220 2753 1388 2814 memoriae
1407 2755 1450 2822 R.¹
1463 2754 1610 2818 decanus
1619 2758 1747 2834 Arion„

953 2846 995 2908 ad
1006 2846 1124 2908 Sedem
1133 2848 1515 2925 ApostoIIcamreniens,
1525 2853 1747 2930 praebendam,

953 2961 1052 3026 quam
1065 2946 1102 3006 iu
1113 2946 1226 3008 Arien.
1243 2947 1386 3010 ecclesia
1397 2947 1578 3020 obtinebat,
1592 2951 1627 3013 in
1640 2953 1749 3014 mani-

953 3041 1015 3104 bus
1048 3042 1161 3105 dileoti
1192 3043 1254 3107 tilii
1281 3043 1396 3108 [ratris
1423 3048 1494 3108 Iac.
1527 3048 1692 3124 capellani
1716 3051 1749 3112 et

953 3139 1192 3220 poenitentiarii
1216 3142 1323 3205 nostri
1338 3143 1443 3206 libere
1456 3145 1669 3221 resignasset,
1686 3163 1747 3212 nos

953 3254 1028 3302 eam
1062 3237 1181 3300 dilecto
1217 3239 1287 3302 lilio
1315 3241 1474 3318 magistro
1502 3243 1672 3306 Willelmo
1706 3244 1747 3314 de

955 3336 1076 3399 Sancto
1092 3339 1256 3398 Germano
1279 3354 1368 3400 nunu
1382 3339 1555 3418 capellano
1570 3341 1684 3404 nostro
1699 3342 1747 3404 li-

952 3431 1112 3496 beraliier
1130 3434 1350 3504 conterentes,
1366 3436 1512 3514 capitulo
1531 3439 1645 3501 Anien.
1668 3456 1749 3502 nos·

951 3529 1013 3592 tris
1038 3530 1189 3595 dedimus
1204 3532 1325 3594 litteris
1347 3533 1381 3594 in
1396 3535 1572 3608 mandatis
1590 3537 1626 3598 ut
1646 3551 1745 3598 eum-

951 3627 1027 3690 dem
1063 3628 1261 3704 magistrum
1303 3630 1344 3690 ad
1387 3630 1599 3707 praebendam
1638 3635 1746 3710 ipsam

951 3725 1139 3802 reciperent
1150 3726 1185 3786 in
1199 3727 1394 3789 canonicum
1408 3731 1441 3790 et
1456 3728 1490 3789 in
1508 3728 1656 3792 fratrem.
1681 3731 1746 3794 Sed

951 3822 1030 3885 licet
1042 3838 1118 3884 eum
1132 3823 1331 3902 reciperent,
1342 3823 1468 3885 tructus
1481 3825 1587 3902 ipsius
1601 3827 1746 3889 retinue-

950 3920 1030 3982 runt
1040 3920 1237 3998 praebendae,
1250 3921 1397 3982 diceutes
1410 3922 1635 3998 supradictum
1646 3924 1750 3986 deca·-
1797 3960 1798 3963 =

951 4032 1031 4077 num
1046 4015 1102 4093 qui
1115 4015 1244 4080 obierat
1259 4017 1403 4090 interim,
1418 4018 1483 4079 sibi
1495 4018 1598 4082 luisse
1613 4020 1648 4081 in
1665 4037 1749 4099 qua·‚

950 4113 1747 4192 damsummapecuuiaeobligatumetseoundum

950 4211 1224 4274 consuetudinem
1233 4211 1448 4288 approbatam
1463 4213 1613 4276 ecclesiae
1629 4215 1742 4278 brien.

926 4303 927 4356 ἶ
950 4307 991 4370 de
1003 4307 1165 4370 fructibus
1181 4309 1349 4385 sequentis
1365 4310 1445 4370 anni
1456 4309 1547 4372 licite
1569 4310 1746 4388 disponere

950 4405 1121 4482 petulase,
1151 4421 1251 4486 quum
1289 4405 1380 4468 eirca
1415 4405 1535 4470 festum
1571 4405 1743 4471 beatorum

927 4523 928 4528 ¹
948 4502 1181 4580 Apostolorum
1197 4502 1288 4564 Petri
1303 4504 1336 4564 et
1347 4502 1444 4568 Pauli
1457 4504 1545 4566 vlam
1556 4503 1744 4568 luerituni-

948 4615 1054 4662 versae
1065 4599 1177 4662 carnis
1193 4599 1375 4676 ingressus
1386 4600 1598 4664 tructusrero
1605 4602 1742 4665 secundi

949 4697 1029 4758 aurii
1066 4697 1289 4774 permiserunt
1316 4700 1354 4759 A.
1379 4697 1592 4760 thesaurario
1614 4700 1739 4774 trien,

949 4811 1009 4874 pro
1024 4793 1129 4874 ipsius
1156 4793 1306 4856 ecclesiae
1322 4794 1553 4858 communibus
1571 4799 1740 4876 occupari,

949 4892 1054 4966 uteie
1077 4891 1166 4952 idem
1187 4891 1346 4966 magister
1374 4891 1459 4954 douo
1483 4895 1605 4956 nostrae
1622 4897 1742 4971 gratiae

949 5004 1008 5068 per
1021 4987 1202 5052 triennium
1217 4986 1446 5052 frustraretur.
1470 4989 1563 5052 Unde
1582 5008 1643 5054 nos
1662 5010 1741 5071 pro-

948 5085 1024 5148 vide
1036 5084 1254 5158 attendentes,
1271 5086 1358 5163 quod
1369 5086 1515 5150 decanus
1530 5087 1589 5149 ille
1602 5091 1741 5168 postre-

949 5183 1169 5260 signationem
1179 5181 1380 5260 praebendae,
1400 5183 1440 5246 de
1455 5184 1529 5262 ipsa
1541 5200 1607 5246 non
1622 5185 1737 5260 valuit,

948 5295 1009 5341 nec
1019 5278 1125 5342 voluit
1136 5278 1314 5358 quidquam
1339 5279 1551 5359 disponere...
1566 5280 1692 5344 decano
1707 5287 1741 5347 et

948 5377 1093 5454 capitulo
1115 5377 1262 5454 ejusdem
1275 5375 1436 5448 ecelesiae,
1453 5377 1576 5438 nostris
1589 5377 1739 5442 dedimus

948 5473 1068 5538 litteris
1087 5474 1124 5534 in
1150 5473 1326 5546 mandatis
1340 5473 1376 5534 ut
1392 5472 1519 5536 tructus
1532 5474 1637 5552 ipsius
1653 5493 1740 5556 prae-

947 5570 1062 5632 bendae
1078 5586 1097 5631 a
1110 5571 1257 5648 tempore
1270 5569 1458 5632 collationis
1472 5573 1594 5634 nostrae
1610 5589 1738 5636 memo·
1841 5624 1844 5634 .

947 5669 1019 5734 rato
1035 5667 1203 5744 magistro,
1232 5668 1284 5730 vel
1300 5668 1508 5742 procuratori
1526 5652 1598 5745 ejus
1611 5669 1738 5747 integre

1683 369 1744 432 ῃ)
1816 367 1819 384 .
