4104 6330
104 377 158 440 209

104 531 263 598 sententiis
285 532 468 611 subjacere,
492 541 545 596 'ac
574 533 755 597 sententias
778 534 879 612 ipsas,

103 631 230 710 pulsatis
242 633 411 708 campanis
422 633 456 694 et
470 631 617 694 candelis
630 633 793 704 accensis,
811 632 882 693 sin-

102 729 180 808 golis
199 728 316 793 diebus
333 729 526 802 Dominicis,
549 731 611 792 etc.
637 732 757 793 Datum
779 730 881 792 Late-

100 827 178 898 rani,
204 829 248 888 lll
275 841 380 888 nonas
405 826 494 905 julii,
532 826 743 904 pontificatus
775 827 881 890 nomm

102 939 181 985 anno
202 923 307 986 sexto.

370 1184 598 1273 dcxxxltl

118 1337 163 1397 Ad
180 1334 385 1397 abbatissam
403 1349 444 1396 ac
465 1337 631 1396 moniales
653 1333 860 1395 monasterti

365 1435 450 1494 Jesa
462 1433 601 1494 Cbrtstt.

387 1562 476 1635 tlulli
497 1563 576 1620 2222.

224 1684 740 1752 [Ναηήᾳαο,Αιιηι1.ὢιοῐε.,Ν,226.]
796 1755 803 1762 .

122 1801 278 1860 llonastorii
299 1803 368 1860 lesu
382 1800 496 1870 Christi,
518 1799 714 1860 Claterciensis
734 1799 852 1870 ordinis,

281 1890 498 1948 translationem
521 1888 681 1948 eonllrmat.
718 1905 721 1914 ·

132 2015 293 2078 Honorius
331 2003 519 2092 opiscopus,
554 2029 671 2076 servus
705 2029 880 2075 servorum

99 2112 160 2183 ltel,
183 2111 371 2184 abbatissae,
397 2128 437 2173 ac
452 2111 652 2174 monialibus
686 2111 880 2172 monasterii

98 2211 166 2272 lesu
182 2210 316 2282 Christi,
338 2210 570 2271 cisterciencis
583 2209 722 2280 ordinis,
741 2209 880 2285 Papien-

98 2307 137 2368 sls
150 2305 313 2381 dloecesis,
330 2307 519 2369 salutemet
537 2306 761 2384 apostolicam
773 2305 879 2367 bene-

98 2401 276 2466 dictionem.

132 2501 360 2564 Referentibus
371 2500 466 2564 vobis
480 2501 668 2575 didicimus,
680 2503 767 2579 quod
778 2516 880 2580 quum

703 374 933 437 EPISTOLAE.
955 376 1034 438 LIB.
1057 377 1112 438 v1.

1224 545 1446 635 GCXXXIV

1010 699 1062 759 Art
1075 698 1230 759 abbatem
1249 698 1282 760 et
1300 701 1456 772 amorem
1476 700 1577 762 Vallis
1589 699 1654 760 Det

1136 795 1372 858 cisterciensis
1386 799 1532 858 ordinis.

1235 935 1327 1010 ttulit
1346 937 1425 994 liat.

1072 1069 1222 1135 [llanrique
1233 1070 1329 1121 Annal.
1342 1069 1457 1128 Cistere„
1471 1069 1513 1128 lV,
1525 1067 1592 1130 aaa]

935 1194 961 1252 Α
975 1194 1208 1252 commissionum
1228 1193 1454 1267 Apostolicorum
1473 1191 1661 1252 sollieitudine
1675 1205 1726 1250 cos

1289 1284 1398 1342 eximit.

976 1401 1145 1463 Honorius
1174 1401 1360 1478 episeopus,
1400 1413 1516 1461 servus
1552 1411 1725 1461 serrorum
1789 1473 1792 1482 y

935 1499 1006 1571 Dei,
1023 1499 1135 1562 abbati
1150 1499 1182 1561 et
1201 1497 1306 1576 priori
1320 1496 1425 1559 Vallis
1438 1497 1509 1570 Dei,
1524 1495 1724 1558 cistercien-

935 1596 982 1657 sis
1000 1595 1138 1669 ordinis,
1156 1595 1297 1658 salutem
1325 1598 1359 1659 et
1380 1593 1605 1672 apostolicam
1622 1591 1726 1654 bene-

935 1693 1126 1756 dictionem.

974 1793 1001 1854 Α
1016 1791 1112 1852 nobis
1127 1790 1298 1854 humiliter
1312 1790 1516 1868 postulastis,
1541 1788 1578 1851 ut
1592 1781 1667 1850 cum
1681 1801 1725 1848 ex

935 1905 974 1953 eo
999 1888 1085 1966 qrnod
1113 1905 1134 1950 a
1159 1905 1262 1967 puero
1291 1889 1326 1949 in
1354 1887 1523 1964 ergastulo
1550 1881 1723 1947 claustrali

934 1986 1056 2059 fuistis,
1071 1989 1138 2050 viri
1152 1987 1226 2050 sitis
1239 1987 1418 2063 simplices,
1442 1985 1475 2048 et
1489 1996 1666 2044 causarum
1681 1979 1726 2043 sit

933 2085 1028 2150 vobis
1044 2086 1207 2148 discussio
1222 2084 1411 2164 peregrina,
1433 2083 1466 2144 et
1482 2080 1616 2158 propter
1633 2078 1726 2155 judi-

935 2185 1061 2246 ciorum
1076 2184 1250 2260 strepitum
1279 2180 1459 2256 contingat,
1492 2177 1615 2240 sanctae
1644 2189 1726 2237 oon-

933 2282 1159 2359 templationis
1198 2281 1232 2342 in
1266 2279 1361 2342 vobis
1401 2277 1521 2338 ostium
1555 2272 1723 2350 impediri,

934 2381 1082 2442 eximere
1108 2395 1169 2440 ros
1193 2393 1212 2438 a
1239 2375 1509 2439 commissionum
1535 2370 1726 2433 nostrarum

935 2477 1159 2540 sollicitudine
1178 2475 1402 2552 dignaremur.
1419 2473 1489 2534 Nos
1507 2484 1586 2546 ergo
1602 2466 1725 2530 restris

98 2598 326 2663 monasterium
356 2602 515 2673 vestrum,
553 2601 588 2661 in
627 2615 691 2678 quo
724 2599 880 2661 monachi
935 2573 1232 2652 supplicationibus
1248 2571 1444 2642 annuentes,
1459 2565 1627 2630 devotioni
1649 2578 1728 2626 res-

98 2693 228 2771 tuerant,
244 2695 287 2758 ad
299 2713 375 2758 eum
388 2699 510 2760 statum
522 2697 722 2774 pervenerit,
735 2697 772 2759 ut
785 2697 879 2758 nulla
934 2672 994 2735 “ae
1023 2672 1221 2734 ⁸¹10101'it310
1253 2669 1467 2746 praesentium
1502 2663 1724 2739 indulgemus,

99 2793 139 2854 ibi
151 2809 241 2870 prena
253 2795 399 2871 vestigia
415 2795 478 2868 sui,
499 2795 655 2857 videlicet
678 2795 880 2857 cistercien·
933 2787 976 2833 1¹⁰
999 2786 1059 2849 1³⁰1*
1081 2767 1333 2832 commissiones
1357 2780 1439 2843 quas
1470 2764 1509 2825 1¹⁰
1536 2762 1658 2824 ὓθῒθΐθ
1683 2757 1726 2820 ad
1758 2828 1769 2849 ,

99 2891 138 2951 ns
157 2892 293 2964 ordinis,
323 2893 574 2965 remansissent,
596 2892 724 2953 dnonas
749 2893 879 2955 tantum
933 2884 994 2931 vos
1009 2867 1183 2944 impetrari
1208 2863 1395 2940 contigerit,
1412 2858 1591 2939 procedere
1608 2859 1727 2920 tenea-

99 2989 258 3052 monacbis
272 2991 309 3051 et
325 3005 392 3051 nno
414 3005 576 3052 converso
598 2989 878 3051 commorantibus
934 2967 1027 3037 mint
1044 2966 1073 3026 ⁸1
1089 2964 1130 3027 de
1142 2962 1350 3038 indulgentia
1369 2957 1561 3037 hujusmodi
1584 2969 1652 3018 11⁰ss
1674 2953 1727 3014 ἴθ-

98 3084 129 3146 in
142 3086 251 3149 eodem
269 3109 277 3149 :
294 3101 355 3148 vos
378 3087 414 3149 in
434 3087 638 3149 monasterio
665 3089 698 3148 s,
730 3087 880 3149 Christo.
934 3062 1041 3125 cerint
1052 3060 1264 3123 mentionem.
1279 3057 1371 3120 Datis
1388 3054 1556 3126 Laterani,
1574 3053 1604 3113 ll
1617 3065 1725 3114 nonas

98 3183 183 3258 phori
202 3184 393 3262 Papiensis,
409 3183 641 3247 cisterciensis
656 3185 794 3256 ordinis,
813 3199 878 3261 quo
930 3160 1020 3240 julii,
1046 3159 1260 3238 P⁰ss¹ifl⁰atu⁸
1275 3155 1382 3218 ¹10⁸ffi
1395 3169 1484 3216 ΜΟ
1498 3151 1604 3214 sem·

99 3281 166 3342 tunc
183 3281 418 3354 merebamini,
442 3283 579 3360 propter
601 3283 879 3358 incongruitatem

98 3376 163 3446 loci,
176 3379 290 3442 rivere
305 3381 554 3442 commodanon
570 3381 724 3457 possode,
736 3395 880 3443 venera-

98 3473 165 3536 bilis
178 3476 283 3540 irater
295 3479 409 3540 noster
419 3478 594 3555 Papiensis
604 3477 791 3556 episcopus,
804 3493 880 3540 ves-

98 3572 184 3636 treet
197 3576 338 3653 capituli
353 3575 405 3636 sni
427 3576 605 3638 accedente
629 3591 806 3648 consensu,
820 3592 879 3638 vos

100 3671 135 3730 ad
149 3673 322 3748 praelatum
343 3673 516 3735 transtulit
540 3675 778 3736 monasterium
799 3677 880 3737 besu

1231 3515 1433 3607 GCXXXV

994 3672 1047 3732 Ad
1065 3671 1262 3746 episcopam
1278 3671 1442 3730 AEsiama
1460 3665 1494 3727 et
1511 3662 1667 3726 abbatem

1073 3768 1107 3829 S.
1122 3769 1243 3828 Saotat
1258 3769 1392 3827 AEstaae
1406 3765 1572 3826 ottrecests.

1229 3896 1324 3970 tjnlil
1349 3895 1428 3953 2222.

967 4019 1094 4083 [Theisoa
1109 4019 1193 4071 Codex
1205 4019 1269 4084 dipl.
1285 4017 1393 4070 dominii
1404 4021 1492 4083 temp,
1503 4017 1523 4076 l,
1535 4015 1575 4076 ll,
1590 4030 1616 4066 n.
1627 4013 1695 4081 tlt]

100 3767 221 3843 Christi,
235 3773 274 3833 ut
288 3771 324 3831 in
337 3786 375 3833 eo
389 3770 570 3832 secundum
586 3769 816 3833 cisterciensis
830 3787 880 3833 re·

99 3866 196 3940 gulam
208 3868 376 3944 degeretis
391 3890 398 3928 :
413 3867 534 3930 dilecto
549 3868 619 3929 lilio
633 3869 752 3930 abbate
768 3869 808 3930 de
823 3871 881 3930 Go-

97 3960 196 4026 lumba
231 3965 274 4026 de
312 3964 467 4027 mandato
512 3965 714 4027 venerabilis
765 3964 879 4028 fratris

99 4063 191 4122 nostrl
213 4063 377 4124 Ostiensis
402 4063 561 4142 episcopi,
588 4063 787 4142 Apostolicae
820 4067 880 4127 Se-

100 4155 143 4218 dis
168 4158 282 4236 legati,
312 4176 472 4237 personas
501 4160 536 4221 in
563 4159 636 4222 loco
662 4162 879 4224 consistentes

100 4255 213 4327 eodem,
228 4257 272 4319 ad
288 4258 378 4318 aliud
392 4259 630 4320 monasterium
644 4259 877 4322 transferente.

100 4351 285 4430 Hujusmodi
299 4370 379 4418 vero
400 4355 665 4428 translationem,
685 4358 772 4420 sicut
796 4374 878 4435 pro·
974 4361 1141 4422 Honorius
1150 4361 1457 4439 episcopusservus
1467 4372 1641 4422 servorum
1652 4355 1723 4428 Dei,

101 4452 220 4524 ponitis,
238 4453 500 4530 praenominatus
516 4453 655 4530 legatus,
676 4471 776 4543 quum
805 4471 879 4517 eam
933 4453 1120 4520 venerabili
1135 4458 1231 4520 fratri
1247 4458 1402 4536 episcopo
1416 4457 1535 4522 AEsino
1557 4455 1590 4516 et
1602 4453 1724 4514 dilecto

100 4548 223 4621 provide
242 4551 364 4612 iactam
387 4551 602 4629 prospiceret,
619 4553 727 4613 ratam
751 4553 876 4626 habuit,
935 4555 1040 4617 lilio...
1066 4555 1178 4619 abbati
1203 4557 1235 4617 S.
1254 4556 1381 4626 savini,
1404 4555 1533 4615 AEsinae
1557 4551 1721 4623 dioecesis,

99 4645 312 4722 allegationis
333 4649 531 4712 auctoritate
556 4648 774 4710 nihilominus
794 4667 877 4713 con·
934 4653 1074 4715 salutem
1090 4653 1357 4730 etApostolicam
1372 4651 1647 4713 benedictionem.

100 4739 241 4808 llrmasit.
258 4747 328 4808 Nos
351 4747 454 4823 igitur
475 4748 596 4810 vestris
620 4749 877 4825 supplicationi·
974 4753 1054 4812 Cum
1070 4752 1160 4812 cives
1175 4751 1286 4812 AEslni
1301 4750 1424 4812 nostris
1449 4765 1484 4810 se
1500 4747 1644 4809 offerant
1664 4745 1725 4808 be-

99 4835 151 4900 bus
170 4843 332 4916 inclinati,
356 4844 441 4922 quod
458 4861 477 4906 a
492 4845 580 4906 dieto
597 4847 756 4923 Papiensi
774 4847 876 4924 episc.
933 4848 1109 4925 neplacltis
1149 4848 1328 4926 parituros,
1370 4833 1583 4924 praesentium
1630 4843 1724 4906 vobis

28 4933 31 4944 '
100 4951 189 5016 super
198 4942 262 5004 hoc
272 4943 469 5019 provideas
477 4943 604 5005 utiliter
612 4943 735 5006 laetum
747 4947 807 5018 est,
817 4946 878 5007 eta
934 4945 1131 5008 auctoritate
1144 4945 1350 5018 mandamus,
1368 4947 1531 5022 quatenus
1554 4943 1628 5006 rice
1646 4957 1726 5003 nos-

46 5099 54 5115 ,
99 5041 269 5102 memorato
298 5041 442 5102 Ostiensi
464 5041 673 5118 postmodum
698 5043 878 5104 conflrma—
933 5045 985 5106 tra
1005 5044 1206 5121 juratoriam
1232 5046 1264 5105 et
1287 5044 1389 5104 aliam
1416 5041 1633 5104 suldoientem
1653 5041 1725 5100 slu-

99 5133 169 5206 tum,
192 5139 277 5200 sicut
300 5138 335 5198 ln
360 5141 432 5216 ejus
445 5137 565 5200 litteris
582 5140 781 5214 continetur,
798 5156 880 5203 auc·
934 5142 1039 5226 deatis
1051 5142 1091 5204 ab
1108 5143 1157 5204 eis
1170 5141 1320 5217 recipere
1335 5139 1590 5219 pignoraticiam
1601 5137 1726 5198 cautio·

98 5227 221 5295 toritate
245 5235 435 5312 Apostolica
463 5235 709 5310 confirmamus,
738 5238 771 5300 et
791 5255 880 5315 prae·
933 5234 1722 5317 nem,quodmandatisnostrisdebeantobedire.

99 5331 190 5407 sentis
199 5333 313 5410 scripti
324 5333 510 5411 patrocinio
522 5335 775 5398 communimus.
786 5337 878 5398 Nulli
934 5340 1004 5409 Quo
1019 5337 1118 5410 lacto,
1135 5337 1168 5399 ld
1180 5337 1275 5399 nohis
1291 5353 1350 5414 per
1363 5337 1491 5399 litteras
1504 5335 1633 5396 vestras
1649 5332 1726 5394 lide·

967 4147 1004 4206 Ut
1019 4145 1055 4204 ab
1069 4145 1177 4204 AEsinis
1191 4145 1301 4204 civibus
1323 4144 1484 4202 cantionem
1499 4143 1535 4200 de
1558 4141 1685 4217 parendo

1164 4235 1293 4292 ecclesie
1312 4234 1460 4307 recipient.

99 5437 178 5501 ergo,
195 5430 285 5492 otc...
301 5431 393 5492 Datis
413 5431 581 5504 Laterani,
599 5433 645 5494 ΙΙΙ
660 5449 767 5496 nonas
786 5435 876 5511 julii,
933 5437 1010 5497 liter
1036 5437 1223 5513 exponatis.
1250 5438 1368 5497 Datum
1384 5433 1551 5505 Laterani,
1573 5433 1604 5494 ΙΙ
1619 5445 1725 5493 nonas

98 5525 299 5597 pontificatus
314 5529 420 5591 nostri
434 5545 521 5591 anno
537 5530 644 5592 sexto.
930 5533 1018 5610 julii,
1035 5535 1247 5613 pontillcatus
1264 5532 1371 5596 nostri
1386 5547 1473 5594 anno
1487 5531 1593 5593 sexto.
