<?xml version="1.0" encoding="UTF-8"?>
<!DOCTYPE html PUBLIC "-//W3C//DTD XHTML 1.0 Transitional//EN"
    "http://www.w3.org/TR/xhtml1/DTD/xhtml1-transitional.dtd">
<html xmlns="http://www.w3.org/1999/xhtml" xml:lang="en" lang="en">
 <head>
  <title>
</title>
<meta http-equiv="Content-Type" content="text/html;charset=utf-8" />
  <meta name='ocr-system' content='tesseract 3.04.00' />
  <meta name='ocr-capabilities' content='ocr_page ocr_carea ocr_par ocr_line ocrx_word'/>
</head>
<body>
  <div class='ocr_page' id='page_1' title='image "./mediiaevibiblio06bottgoog_0309.png"; bbox 0 0 3948 6326; ppageno 0'>
   <div class='ocr_carea' id='block_1_1' title="bbox 251 335 1895 961">
    <p class='ocr_par' dir='ltr' id='par_1_1' title="bbox 269 335 1895 858">
     <span class='ocr_line' id='line_1_1' title="bbox 269 335 1894 404; baseline 0.007 -12"><span class='ocrx_word' id='word_1_1' title='bbox 269 335 329 392; x_wconf 77' lang='lat'><strong>587</strong></span> <span class='ocrx_word' id='word_1_2' title='bbox 894 339 1068 400; x_wconf 82' lang='lat' dir='ltr'><strong>llONORli</strong></span> <span class='ocrx_word' id='word_1_3' title='bbox 1093 341 1137 400; x_wconf 94' lang='lat' dir='ltr'><strong>lll</strong></span> <span class='ocrx_word' id='word_1_4' title='bbox 1158 342 1307 402; x_wconf 73' lang='lat' dir='ltr'><strong>OPERA.</strong></span> <span class='ocrx_word' id='word_1_5' title='bbox 1845 344 1894 404; x_wconf 82' lang='lat'><strong>588</strong></span> 
     </span>
     <span class='ocr_line' id='line_1_2' title="bbox 269 492 1895 574; baseline 0.006 -22"><span class='ocrx_word' id='word_1_6' title='bbox 269 492 424 556; x_wconf 78' lang='lat' dir='ltr'><strong>fundator</strong></span> <span class='ocrx_word' id='word_1_7' title='bbox 449 495 483 557; x_wconf 92' lang='lat' dir='ltr'><strong>et</strong></span> <span class='ocrx_word' id='word_1_8' title='bbox 509 493 668 572; x_wconf 90' lang='lat' dir='ltr'><strong>patronus</strong></span> <span class='ocrx_word' id='word_1_9' title='bbox 696 497 890 560; x_wconf 91' lang='lat' dir='ltr'><strong>monasterii</strong></span> <span class='ocrx_word' id='word_1_10' title='bbox 913 497 1057 569; x_wconf 84' lang='lat' dir='ltr'><strong>Thaiihi,</strong></span> <span class='ocrx_word' id='word_1_11' title='bbox 1116 513 1229 558; x_wconf 90' lang='lat' dir='ltr'><strong>sorum</strong></span> <span class='ocrx_word' id='word_1_12' title='bbox 1246 497 1420 570; x_wconf 86' lang='lat' dir='ltr'><strong>molestiis,</strong></span> <span class='ocrx_word' id='word_1_13' title='bbox 1438 499 1593 574; x_wconf 77' lang='lat' dir='ltr'><strong>potentia</strong></span> <span class='ocrx_word' id='word_1_14' title='bbox 1613 499 1679 560; x_wconf 80' lang='lat' dir='ltr'><strong>tuae</strong></span> <span class='ocrx_word' id='word_1_15' title='bbox 1698 498 1832 562; x_wconf 85' lang='lat' dir='ltr'><strong>dextera</strong></span> <span class='ocrx_word' id='word_1_16' title='bbox 1852 503 1895 562; x_wconf 89' lang='lat' dir='ltr'><strong>te-</strong></span> 
     </span>
     <span class='ocr_line' id='line_1_3' title="bbox 269 590 1893 671; baseline 0.006 -21"><span class='ocrx_word' id='word_1_17' title='bbox 269 590 396 651; x_wconf 91' lang='lat' dir='ltr'><strong>ordinis</strong></span> <span class='ocrx_word' id='word_1_18' title='bbox 421 594 454 652; x_wconf 89' lang='lat' dir='ltr'><strong>S.</strong></span> <span class='ocrx_word' id='word_1_19' title='bbox 475 593 655 664; x_wconf 73' lang='lat' dir='ltr'>Benedicti,</span> <span class='ocrx_word' id='word_1_20' title='bbox 673 594 768 656; x_wconf 85' lang='lat' dir='ltr'><strong>noble</strong></span> <span class='ocrx_word' id='word_1_21' title='bbox 790 594 961 657; x_wconf 88' lang='lat' dir='ltr'><strong>humiliter</strong></span> <span class='ocrx_word' id='word_1_22' title='bbox 983 611 1062 670; x_wconf 92' lang='lat' dir='ltr'><strong>sup-</strong></span> <span class='ocrx_word' id='word_1_23' title='bbox 1116 595 1243 666; x_wconf 89' lang='lat' dir='ltr'><strong>ncaris,</strong></span> <span class='ocrx_word' id='word_1_24' title='bbox 1271 593 1316 656; x_wconf 87' lang='lat' dir='ltr'><strong>ita</strong></span> <span class='ocrx_word' id='word_1_25' title='bbox 1343 595 1428 671; x_wconf 85' lang='lat' dir='ltr'><strong>quod</strong></span> <span class='ocrx_word' id='word_1_26' title='bbox 1457 596 1726 671; x_wconf 75' lang='lat' dir='ltr'><strong>propitiationem</strong></span> <span class='ocrx_word' id='word_1_27' title='bbox 1762 596 1893 660; x_wconf 78' lang='lat' dir='ltr'><strong>divinam</strong></span> 
     </span>
     <span class='ocr_line' id='line_1_4' title="bbox 270 687 1894 768; baseline 0.004 -20"><span class='ocrx_word' id='word_1_28' title='bbox 270 687 416 762; x_wconf 75' lang='lat' dir='ltr'><strong>plicavit,</strong></span> <span class='ocrx_word' id='word_1_29' title='bbox 430 691 476 760; x_wconf 92' lang='lat' dir='ltr'><strong>ut,</strong></span> <span class='ocrx_word' id='word_1_30' title='bbox 489 707 588 766; x_wconf 81' lang='lat' dir='ltr'><strong>anim</strong></span> <span class='ocrx_word' id='word_1_31' title='bbox 600 690 686 752; x_wconf 88' lang='lat' dir='ltr'><strong>idem</strong></span> <span class='ocrx_word' id='word_1_32' title='bbox 698 693 946 762; x_wconf 89' lang='lat' dir='ltr'><strong>monasterium,</strong></span> <span class='ocrx_word' id='word_1_33' title='bbox 959 705 1062 768; x_wconf 91' lang='lat' dir='ltr'><strong>prop·</strong></span> <span class='ocrx_word' id='word_1_34' title='bbox 1116 689 1194 752; x_wconf 91' lang='lat' dir='ltr'><strong>inde</strong></span> <span class='ocrx_word' id='word_1_35' title='bbox 1215 691 1375 752; x_wconf 91' lang='lat' dir='ltr'><strong>merearis</strong></span> <span class='ocrx_word' id='word_1_36' title='bbox 1396 690 1541 762; x_wconf 89' lang='lat' dir='ltr'><strong>uberius,</strong></span> <span class='ocrx_word' id='word_1_37' title='bbox 1556 691 1589 754; x_wconf 89' lang='lat' dir='ltr'><strong>et</strong></span> <span class='ocrx_word' id='word_1_38' title='bbox 1603 707 1664 765; x_wconf 82' lang='lat' dir='ltr'><strong>nos</strong></span> <span class='ocrx_word' id='word_1_39' title='bbox 1678 695 1894 756; x_wconf 86' lang='lat' dir='ltr'><strong>mansuetudi-</strong></span> 
     </span>
     <span class='ocr_line' id='line_1_5' title="bbox 269 785 1892 858; baseline 0.004 -15"><span class='ocrx_word' id='word_1_40' title='bbox 269 787 320 844; x_wconf 90' lang='lat' dir='ltr'><strong>ter</strong></span> <span class='ocrx_word' id='word_1_41' title='bbox 334 785 597 858; x_wconf 82' lang='lat' dir='ltr'><strong>dissolutionem,</strong></span> <span class='ocrx_word' id='word_1_42' title='bbox 615 791 647 850; x_wconf 90' lang='lat' dir='ltr'><strong>et</strong></span> <span class='ocrx_word' id='word_1_43' title='bbox 661 789 823 850; x_wconf 91' lang='lat' dir='ltr'><strong>malitiam</strong></span> <span class='ocrx_word' id='word_1_44' title='bbox 841 788 1060 850; x_wconf 82' lang='lat' dir='ltr'><strong>habitantium</strong></span> <span class='ocrx_word' id='word_1_45' title='bbox 1116 803 1190 848; x_wconf 90' lang='lat' dir='ltr'><strong>nem</strong></span> <span class='ocrx_word' id='word_1_46' title='bbox 1212 789 1302 850; x_wconf 88' lang='lat' dir='ltr'><strong>tuam</strong></span> <span class='ocrx_word' id='word_1_47' title='bbox 1326 785 1504 849; x_wconf 83' lang='lat' dir='ltr'><strong>debeamus</strong></span> <span class='ocrx_word' id='word_1_48' title='bbox 1531 789 1648 849; x_wconf 89' lang='lat' dir='ltr'><strong>merito</strong></span> <span class='ocrx_word' id='word_1_49' title='bbox 1665 790 1892 852; x_wconf 88' lang='lat' dir='ltr'><strong>commendare.</strong></span> 
     </span>
    </p>

    <p class='ocr_par' dir='ltr' id='par_1_2' title="bbox 251 881 1895 961">
     <span class='ocr_line' id='line_1_6' title="bbox 251 881 1895 961; baseline 0.004 -21"><span class='ocrx_word' id='word_1_50' title='bbox 251 881 429 949; x_wconf 87' lang='lat' dir='ltr'><strong>hactenus</strong></span> <span class='ocrx_word' id='word_1_51' title='bbox 452 884 487 943; x_wconf 92' lang='lat' dir='ltr'><strong>in</strong></span> <span class='ocrx_word' id='word_1_52' title='bbox 512 885 638 956; x_wconf 90' lang='lat' dir='ltr'><strong>eodem,</strong></span> <span class='ocrx_word' id='word_1_53' title='bbox 663 885 706 946; x_wconf 91' lang='lat' dir='ltr'><strong>sit</strong></span> <span class='ocrx_word' id='word_1_54' title='bbox 733 886 815 946; x_wconf 91' lang='lat' dir='ltr'><strong>adeo</strong></span> <span class='ocrx_word' id='word_1_55' title='bbox 841 886 1060 952; x_wconf 88' lang='lat' dir='ltr'><strong>immutatum,</strong></span> <span class='ocrx_word' id='word_1_56' title='bbox 1117 886 1233 947; x_wconf 86' lang='lat' dir='ltr'><strong>Datum</strong></span> <span class='ocrx_word' id='word_1_57' title='bbox 1252 885 1419 957; x_wconf 85' lang='lat' dir='ltr'><strong>Laterani,</strong></span> <span class='ocrx_word' id='word_1_58' title='bbox 1443 887 1486 946; x_wconf 82' lang='lat' dir='ltr'><strong>1v</strong></span> <span class='ocrx_word' id='word_1_59' title='bbox 1499 901 1576 946; x_wconf 86' lang='lat' dir='ltr'><strong>uon.</strong></span> <span class='ocrx_word' id='word_1_60' title='bbox 1595 885 1724 961; x_wconf 73' lang='lat' dir='ltr'><strong>aprilis</strong></span> <span class='ocrx_word' id='word_1_61' title='bbox 1747 900 1833 947; x_wconf 93' lang='lat' dir='ltr'><strong>anno</strong></span> <span class='ocrx_word' id='word_1_62' title='bbox 1848 903 1895 948; x_wconf 94' lang='lat' dir='ltr'><strong>oc-</strong></span> 
     </span>
    </p>
   </div>
   <div class='ocr_carea' id='block_1_2' title="bbox 270 978 1204 1059">
    <p class='ocr_par' dir='ltr' id='par_1_3' title="bbox 270 978 1204 1059">
     <span class='ocr_line' id='line_1_7' title="bbox 270 978 1204 1059; baseline 0.004 -22"><span class='ocrx_word' id='word_1_63' title='bbox 270 978 355 1054; x_wconf 86' lang='lat' dir='ltr'><strong>quod</strong></span> <span class='ocrx_word' id='word_1_64' title='bbox 371 979 428 1039; x_wconf 79' lang='lat' dir='ltr'><strong>vix</strong></span> <span class='ocrx_word' id='word_1_65' title='bbox 444 996 529 1041; x_wconf 92' lang='lat' dir='ltr'><strong>unus</strong></span> <span class='ocrx_word' id='word_1_66' title='bbox 540 980 588 1040; x_wconf 93' lang='lat' dir='ltr'><strong>ibi</strong></span> <span class='ocrx_word' id='word_1_67' title='bbox 603 983 812 1048; x_wconf 75' lang='lat' dir='ltr'><strong>remanserit,</strong></span> <span class='ocrx_word' id='word_1_68' title='bbox 829 984 885 1059; x_wconf 83' lang='lat' dir='ltr'><strong>qui</strong></span> <span class='ocrx_word' id='word_1_69' title='bbox 900 983 1011 1044; x_wconf 81' lang='lat' dir='ltr'><strong>valeat</strong></span> <span class='ocrx_word' id='word_1_70' title='bbox 1027 981 1062 1042; x_wconf 94' lang='lat' dir='ltr'><strong>in</strong></span> <span class='ocrx_word' id='word_1_71' title='bbox 1116 983 1204 1042; x_wconf 88' lang='lat' dir='ltr'><strong>tave.</strong></span> 
     </span>
    </p>
   </div>
   <div class='ocr_carea' id='block_1_3' title="bbox 268 1075 1063 1640">
    <p class='ocr_par' dir='ltr' id='par_1_4' title="bbox 268 1075 1063 1640">
     <span class='ocr_line' id='line_1_8' title="bbox 268 1075 1061 1156; baseline 0.006 -22"><span class='ocrx_word' id='word_1_72' title='bbox 268 1075 341 1150; x_wconf 89' lang='lat' dir='ltr'><strong>ipso</strong></span> <span class='ocrx_word' id='word_1_73' title='bbox 357 1076 525 1138; x_wconf 86' lang='lat' dir='ltr'><strong>celebrare</strong></span> <span class='ocrx_word' id='word_1_74' title='bbox 541 1077 664 1150; x_wconf 86' lang='lat' dir='ltr'><strong>divina,</strong></span> <span class='ocrx_word' id='word_1_75' title='bbox 687 1079 780 1151; x_wconf 93' lang='lat' dir='ltr'><strong>illud,</strong></span> <span class='ocrx_word' id='word_1_76' title='bbox 797 1081 972 1156; x_wconf 87' lang='lat' dir='ltr'><strong>antequam</strong></span> <span class='ocrx_word' id='word_1_77' title='bbox 986 1095 1061 1139; x_wconf 92' lang='lat' dir='ltr'><strong>om-</strong></span> 
     </span>
     <span class='ocr_line' id='line_1_9' title="bbox 270 1173 1063 1250; baseline 0.005 -18"><span class='ocrx_word' id='word_1_78' title='bbox 270 1173 350 1234; x_wconf 94' lang='lat' dir='ltr'><strong>nino</strong></span> <span class='ocrx_word' id='word_1_79' title='bbox 361 1173 526 1250; x_wconf 87' lang='lat' dir='ltr'><strong>depereat,</strong></span> <span class='ocrx_word' id='word_1_80' title='bbox 540 1176 742 1237; x_wconf 92' lang='lat' dir='ltr'><strong>monasterio</strong></span> <span class='ocrx_word' id='word_1_81' title='bbox 754 1178 786 1236; x_wconf 90' lang='lat' dir='ltr'><strong>S.</strong></span> <span class='ocrx_word' id='word_1_82' title='bbox 799 1176 928 1246; x_wconf 84' lang='lat' dir='ltr'><strong>Crucis,</strong></span> <span class='ocrx_word' id='word_1_83' title='bbox 940 1177 1063 1236; x_wconf 91' lang='lat' dir='ltr'><strong>Cister-</strong></span> 
     </span>
     <span class='ocr_line' id='line_1_10' title="bbox 271 1269 1062 1350; baseline 0.006 -22"><span class='ocrx_word' id='word_1_84' title='bbox 271 1269 393 1330; x_wconf 90' lang='lat' dir='ltr'><strong>ciensis</strong></span> <span class='ocrx_word' id='word_1_85' title='bbox 418 1271 555 1342; x_wconf 92' lang='lat' dir='ltr'><strong>ordinis,</strong></span> <span class='ocrx_word' id='word_1_86' title='bbox 581 1272 700 1350; x_wconf 84' lang='lat' dir='ltr'><strong>subjici</strong></span> <span class='ocrx_word' id='word_1_87' title='bbox 727 1271 923 1344; x_wconf 85' lang='lat' dir='ltr'><strong>faceremus,</strong></span> <span class='ocrx_word' id='word_1_88' title='bbox 947 1274 1062 1348; x_wconf 88' lang='lat' dir='ltr'><strong>parato</strong></span> 
     </span>
     <span class='ocr_line' id='line_1_11' title="bbox 272 1366 1062 1444; baseline 0.005 -20"><span class='ocrx_word' id='word_1_89' title='bbox 272 1366 343 1441; x_wconf 90' lang='lat' dir='ltr'><strong>ipso</strong></span> <span class='ocrx_word' id='word_1_90' title='bbox 355 1382 449 1427; x_wconf 89' lang='lat' dir='ltr'><strong>snum</strong></span> <span class='ocrx_word' id='word_1_91' title='bbox 461 1367 501 1428; x_wconf 87' lang='lat' dir='ltr'><strong>ad</strong></span> <span class='ocrx_word' id='word_1_92' title='bbox 513 1369 545 1428; x_wconf 94' lang='lat' dir='ltr'><strong>id</strong></span> <span class='ocrx_word' id='word_1_93' title='bbox 562 1369 720 1444; x_wconf 79' lang='lat' dir='ltr'><strong>praestare</strong></span> <span class='ocrx_word' id='word_1_94' title='bbox 735 1385 944 1430; x_wconf 88' lang='lat' dir='ltr'><strong>consensum.</strong></span> <span class='ocrx_word' id='word_1_95' title='bbox 957 1372 1062 1442; x_wconf 90' lang='lat' dir='ltr'><strong>Quum</strong></span> 
     </span>
     <span class='ocr_line' id='line_1_12' title="bbox 272 1463 1063 1538; baseline 0.006 -17"><span class='ocrx_word' id='word_1_96' title='bbox 272 1463 375 1536; x_wconf 86' lang='lat' dir='ltr'><strong>igitur</strong></span> <span class='ocrx_word' id='word_1_97' title='bbox 394 1464 458 1524; x_wconf 92' lang='lat' dir='ltr'><strong>ioci</strong></span> <span class='ocrx_word' id='word_1_98' title='bbox 479 1465 687 1526; x_wconf 72' lang='lat' dir='ltr'><strong>dioecesanus</strong></span> <span class='ocrx_word' id='word_1_99' title='bbox 707 1467 844 1538; x_wconf 77' lang='lat' dir='ltr'><strong>existas,</strong></span> <span class='ocrx_word' id='word_1_100' title='bbox 862 1465 1063 1528; x_wconf 79' lang='lat' dir='ltr'><strong>fraternitati</strong></span> 
     </span>
     <span class='ocr_line' id='line_1_13' title="bbox 271 1560 1062 1640; baseline 0.004 -21"><span class='ocrx_word' id='word_1_101' title='bbox 271 1560 337 1620; x_wconf 87' lang='lat' dir='ltr'><strong>tuae</strong></span> <span class='ocrx_word' id='word_1_102' title='bbox 350 1563 409 1635; x_wconf 84' lang='lat' dir='ltr'><strong>per</strong></span> <span class='ocrx_word' id='word_1_103' title='bbox 425 1562 615 1637; x_wconf 81' lang='lat' dir='ltr'><strong>Apostolica</strong></span> <span class='ocrx_word' id='word_1_104' title='bbox 627 1563 750 1640; x_wconf 89' lang='lat' dir='ltr'><strong>scripta</strong></span> <span class='ocrx_word' id='word_1_105' title='bbox 765 1563 960 1624; x_wconf 90' lang='lat' dir='ltr'><strong>mandamus</strong></span> <span class='ocrx_word' id='word_1_106' title='bbox 976 1578 1062 1639; x_wconf 88' lang='lat' dir='ltr'><strong>qua-</strong></span> 
     </span>
    </p>
   </div>
   <div class='ocr_carea' id='block_1_4' title="bbox 166 1657 1064 1736">
    <p class='ocr_par' dir='ltr' id='par_1_5' title="bbox 166 1657 1064 1736">
     <span class='ocr_line' id='line_1_14' title="bbox 166 1657 1064 1736; baseline 0.003 -20"><span class='ocrx_word' id='word_1_107' title='bbox 166 1695 172 1702; x_wconf 89' lang='lat'><em>·</em></span> <span class='ocrx_word' id='word_1_108' title='bbox 270 1659 368 1716; x_wconf 89' lang='lat' dir='ltr'><strong>tenus</strong></span> <span class='ocrx_word' id='word_1_109' title='bbox 383 1657 571 1734; x_wconf 88' lang='lat' dir='ltr'><strong>hujusmodi</strong></span> <span class='ocrx_word' id='word_1_110' title='bbox 588 1659 638 1720; x_wconf 90' lang='lat' dir='ltr'><strong>rei</strong></span> <span class='ocrx_word' id='word_1_111' title='bbox 654 1660 913 1722; x_wconf 87' lang='lat' dir='ltr'><strong>circumstantiis</strong></span> <span class='ocrx_word' id='word_1_112' title='bbox 928 1658 1064 1736; x_wconf 84' lang='lat' dir='ltr'><strong>provide</strong></span> 
     </span>
    </p>
   </div>
   <div class='ocr_carea' id='block_1_5' title="bbox 270 1752 1067 2300">
    <p class='ocr_par' dir='ltr' id='par_1_6' title="bbox 270 1752 1067 2300">
     <span class='ocr_line' id='line_1_15' title="bbox 271 1752 1063 1834; baseline 0.013 -22"><span class='ocrx_word' id='word_1_113' title='bbox 271 1752 530 1830; x_wconf 86' lang='lat' dir='ltr'><strong>circumspectis,</strong></span> <span class='ocrx_word' id='word_1_114' title='bbox 560 1756 605 1827; x_wconf 90' lang='lat' dir='ltr'><strong>id,</strong></span> <span class='ocrx_word' id='word_1_115' title='bbox 638 1757 667 1816; x_wconf 90' lang='lat' dir='ltr'><strong>si</strong></span> <span class='ocrx_word' id='word_1_116' title='bbox 702 1757 859 1834; x_wconf 84' lang='lat' dir='ltr'><strong>expedire</strong></span> <span class='ocrx_word' id='word_1_117' title='bbox 886 1757 1063 1822; x_wconf 81' lang='lat' dir='ltr'><strong>videbitur,</strong></span> 
     </span>
     <span class='ocr_line' id='line_1_16' title="bbox 271 1849 1066 1929; baseline 0.004 -21"><span class='ocrx_word' id='word_1_118' title='bbox 271 1849 404 1910; x_wconf 86' lang='lat' dir='ltr'><strong>studeas</strong></span> <span class='ocrx_word' id='word_1_119' title='bbox 427 1850 620 1928; x_wconf 90' lang='lat' dir='ltr'><strong>adimplere,</strong></span> <span class='ocrx_word' id='word_1_120' title='bbox 643 1854 788 1929; x_wconf 85' lang='lat' dir='ltr'><strong>proviso,</strong></span> <span class='ocrx_word' id='word_1_121' title='bbox 807 1856 854 1924; x_wconf 93' lang='lat' dir='ltr'><strong>ut,</strong></span> <span class='ocrx_word' id='word_1_122' title='bbox 869 1853 898 1912; x_wconf 94' lang='lat' dir='ltr'><strong>si</strong></span> <span class='ocrx_word' id='word_1_123' title='bbox 914 1853 972 1929; x_wconf 87' lang='lat' dir='ltr'><strong>qui</strong></span> <span class='ocrx_word' id='word_1_124' title='bbox 990 1853 1066 1912; x_wconf 91' lang='lat' dir='ltr'><strong>sunt</strong></span> 
     </span>
     <span class='ocr_line' id='line_1_17' title="bbox 270 1945 1067 2024; baseline 0.004 -19"><span class='ocrx_word' id='word_1_125' title='bbox 270 1945 394 2016; x_wconf 72' lang='lat' dir='ltr'><strong>ibisci</strong></span> <span class='ocrx_word' id='word_1_126' title='bbox 411 1948 573 2024; x_wconf 88' lang='lat' dir='ltr'><strong>recipiant</strong></span> <span class='ocrx_word' id='word_1_127' title='bbox 585 1950 816 2010; x_wconf 83' lang='lat' dir='ltr'><strong>cisterciensis</strong></span> <span class='ocrx_word' id='word_1_128' title='bbox 831 1949 960 2010; x_wconf 90' lang='lat' dir='ltr'><strong>ordinis</strong></span> <span class='ocrx_word' id='word_1_129' title='bbox 973 1948 1067 2008; x_wconf 88' lang='lat' dir='ltr'><strong>insti·</strong></span> 
     </span>
     <span class='ocr_line' id='line_1_18' title="bbox 271 2045 1063 2121; baseline 0.004 -21"><span class='ocrx_word' id='word_1_130' title='bbox 271 2045 426 2112; x_wconf 71' lang='lat' dir='ltr'><strong>tutaret</strong></span> <span class='ocrx_word' id='word_1_131' title='bbox 449 2045 484 2103; x_wconf 94' lang='lat' dir='ltr'><strong>in</strong></span> <span class='ocrx_word' id='word_1_132' title='bbox 507 2045 582 2105; x_wconf 91' lang='lat' dir='ltr'><strong>aliis</strong></span> <span class='ocrx_word' id='word_1_133' title='bbox 609 2046 821 2106; x_wconf 89' lang='lat' dir='ltr'><strong>monasteriis</strong></span> <span class='ocrx_word' id='word_1_134' title='bbox 847 2045 1063 2121; x_wconf 86' lang='lat' dir='ltr'><strong>recipiantur.</strong></span> 
     </span>
     <span class='ocr_line' id='line_1_19' title="bbox 271 2139 1064 2219; baseline 0.003 -21"><span class='ocrx_word' id='word_1_135' title='bbox 271 2139 389 2200; x_wconf 86' lang='lat' dir='ltr'><strong>Datum</strong></span> <span class='ocrx_word' id='word_1_136' title='bbox 406 2141 573 2210; x_wconf 83' lang='lat' dir='ltr'><strong>Laterani,</strong></span> <span class='ocrx_word' id='word_1_137' title='bbox 597 2144 640 2202; x_wconf 91' lang='lat' dir='ltr'><strong>IV</strong></span> <span class='ocrx_word' id='word_1_138' title='bbox 661 2158 768 2203; x_wconf 91' lang='lat' dir='ltr'><strong>nonas</strong></span> <span class='ocrx_word' id='word_1_139' title='bbox 785 2142 914 2219; x_wconf 86' lang='lat' dir='ltr'><strong>aprilis,</strong></span> <span class='ocrx_word' id='word_1_140' title='bbox 926 2140 1064 2218; x_wconf 87' lang='lat' dir='ltr'><strong>pontiti·</strong></span> 
     </span>
     <span class='ocr_line' id='line_1_20' title="bbox 273 2226 731 2300; baseline 0.013 -6"><span class='ocrx_word' id='word_1_141' title='bbox 273 2226 366 2296; x_wconf 87' lang='lat' dir='ltr'><strong>catus</strong></span> <span class='ocrx_word' id='word_1_142' title='bbox 378 2239 481 2298; x_wconf 89' lang='lat' dir='ltr'><strong>nostri</strong></span> <span class='ocrx_word' id='word_1_143' title='bbox 496 2253 586 2299; x_wconf 86' lang='lat' dir='ltr'><strong>anno</strong></span> <span class='ocrx_word' id='word_1_144' title='bbox 601 2241 731 2300; x_wconf 83' lang='lat' dir='ltr'><strong>octavo.</strong></span> 
     </span>
    </p>
   </div>
   <div class='ocr_carea' id='block_1_6' title="bbox 555 2547 785 2636">
    <p class='ocr_par' dir='ltr' id='par_1_7' title="bbox 555 2547 785 2636">
     <span class='ocr_line' id='line_1_21' title="bbox 555 2547 785 2636; baseline -0.004 -1"><span class='ocrx_word' id='word_1_145' title='bbox 555 2547 785 2636; x_wconf 81' lang='lat' dir='ltr'>CLXXVIII</span> 
     </span>
    </p>
   </div>
   <div class='ocr_carea' id='block_1_7' title="bbox 371 2705 966 2786">
    <p class='ocr_par' dir='ltr' id='par_1_8' title="bbox 371 2705 966 2786">
     <span class='ocr_line' id='line_1_22' title="bbox 371 2705 966 2786; baseline -0.005 -16"><span class='ocrx_word' id='word_1_146' title='bbox 371 2710 423 2770; x_wconf 79' lang='lat' dir='ltr'><strong>Art</strong></span> <span class='ocrx_word' id='word_1_147' title='bbox 437 2710 613 2771; x_wconf 81' lang='lat' dir='ltr'><strong>Andrcom</strong></span> <span class='ocrx_word' id='word_1_148' title='bbox 625 2723 744 2785; x_wconf 74' lang='lat' dir='ltr'><strong>repam</strong></span> <span class='ocrx_word' id='word_1_149' title='bbox 759 2705 966 2786; x_wconf 80' lang='lat' dir='ltr'><strong>Hunpartm.</strong></span> 
     </span>
    </p>
   </div>
   <div class='ocr_carea' id='block_1_8' title="bbox 434 2833 907 3026">
    <p class='ocr_par' dir='ltr' id='par_1_9' title="bbox 434 2833 907 3026">
     <span class='ocr_line' id='line_1_23' title="bbox 559 2833 780 2910; baseline -0.009 -14"><span class='ocrx_word' id='word_1_150' title='bbox 559 2837 686 2910; x_wconf 74' lang='lat' dir='ltr'><strong>iaprilis</strong></span> <span class='ocrx_word' id='word_1_151' title='bbox 701 2833 780 2896; x_wconf 70' lang='lat' dir='ltr'><strong>itti.</strong></span> 
     </span>
     <span class='ocr_line' id='line_1_24' title="bbox 434 2959 907 3026; baseline -0.004 -16"><span class='ocrx_word' id='word_1_152' title='bbox 434 2959 524 3024; x_wconf 67' lang='lat' dir='ltr'><strong>[Fciam</strong></span> <span class='ocrx_word' id='word_1_153' title='bbox 539 2959 601 3012; x_wconf 86' lang='lat' dir='ltr'><strong>Cod.</strong></span> <span class='ocrx_word' id='word_1_154' title='bbox 617 2959 734 3026; x_wconf 80' lang='lat' dir='ltr'><strong>diplom..</strong></span> <span class='ocrx_word' id='word_1_155' title='bbox 752 2961 795 3019; x_wconf 90' lang='lat' dir='ltr'><strong>Ill,</strong></span> <span class='ocrx_word' id='word_1_156' title='bbox 809 2975 826 3018; x_wconf 87' lang='lat' dir='ltr'><strong>r,</strong></span> <span class='ocrx_word' id='word_1_157' title='bbox 839 2959 907 3024; x_wconf 67' lang='lat' dir='ltr'><strong>ibt]</strong></span> 
     </span>
    </p>
   </div>
   <div class='ocr_carea' id='block_1_9' title="bbox 274 3083 1064 3248">
    <p class='ocr_par' dir='ltr' id='par_1_10' title="bbox 274 3083 1064 3248">
     <span class='ocr_line' id='line_1_25' title="bbox 309 3083 1032 3158; baseline -0.004 -16"><span class='ocrx_word' id='word_1_158' title='bbox 309 3087 386 3142; x_wconf 84' lang='lat' dir='ltr'><strong>Boua</strong></span> <span class='ocrx_word' id='word_1_159' title='bbox 398 3092 425 3142; x_wconf 90' lang='lat' dir='ltr'><strong>et</strong></span> <span class='ocrx_word' id='word_1_160' title='bbox 440 3085 636 3142; x_wconf 87' lang='lat' dir='ltr'><strong>immunitates</strong></span> <span class='ocrx_word' id='word_1_161' title='bbox 647 3084 767 3142; x_wconf 80' lang='lat' dir='ltr'><strong>abbatias</strong></span> <span class='ocrx_word' id='word_1_162' title='bbox 778 3083 814 3142; x_wconf 90' lang='lat' dir='ltr'><strong>de</strong></span> <span class='ocrx_word' id='word_1_163' title='bbox 829 3087 921 3158; x_wconf 85' lang='lat' dir='ltr'><strong>Egres</strong></span> <span class='ocrx_word' id='word_1_164' title='bbox 934 3091 1032 3142; x_wconf 87' lang='lat' dir='ltr'><strong>contra</strong></span> 
     </span>
     <span class='ocr_line' id='line_1_26' title="bbox 274 3171 1064 3248; baseline -0.003 -18"><span class='ocrx_word' id='word_1_165' title='bbox 274 3175 489 3246; x_wconf 78' lang='lat' dir='ltr'><strong>impugnatores</strong></span> <span class='ocrx_word' id='word_1_166' title='bbox 504 3173 633 3244; x_wconf 86' lang='lat' dir='ltr'><strong>tuendas,</strong></span> <span class='ocrx_word' id='word_1_167' title='bbox 649 3172 772 3230; x_wconf 76' lang='lat' dir='ltr'><strong>Andreas</strong></span> <span class='ocrx_word' id='word_1_168' title='bbox 791 3175 854 3248; x_wconf 86' lang='lat' dir='ltr'><strong>regi</strong></span> <span class='ocrx_word' id='word_1_169' title='bbox 874 3171 1064 3230; x_wconf 89' lang='lat' dir='ltr'><strong>commendat.</strong></span> 
     </span>
    </p>
   </div>
   <div class='ocr_carea' id='block_1_10' title="bbox 276 3305 1072 4645">
    <p class='ocr_par' dir='ltr' id='par_1_11' title="bbox 316 3305 1015 3383">
     <span class='ocr_line' id='line_1_27' title="bbox 316 3305 1015 3383; baseline -0.001 -17"><span class='ocrx_word' id='word_1_170' title='bbox 316 3307 495 3377; x_wconf 90' lang='lat' dir='ltr'><strong>Honorius,</strong></span> <span class='ocrx_word' id='word_1_171' title='bbox 511 3308 587 3378; x_wconf 82' lang='lat' dir='ltr'><strong>eto,</strong></span> <span class='ocrx_word' id='word_1_172' title='bbox 601 3305 723 3368; x_wconf 87' lang='lat' dir='ltr'><strong>illustri</strong></span> <span class='ocrx_word' id='word_1_173' title='bbox 736 3308 807 3383; x_wconf 80' lang='lat' dir='ltr'><strong>regi</strong></span> <span class='ocrx_word' id='word_1_174' title='bbox 823 3306 1015 3383; x_wconf 80' lang='lat' dir='ltr'><strong>Hungariae.</strong></span> 
     </span>
    </p>

    <p class='ocr_par' dir='ltr' id='par_1_12' title="bbox 276 3403 1072 4645">
     <span class='ocr_line' id='line_1_28' title="bbox 316 3403 1068 3479; baseline 0.001 -16"><span class='ocrx_word' id='word_1_175' title='bbox 316 3404 422 3479; x_wconf 91' lang='lat' dir='ltr'><strong>lmpii,</strong></span> <span class='ocrx_word' id='word_1_176' title='bbox 439 3405 524 3464; x_wconf 90' lang='lat' dir='ltr'><strong>sicut</strong></span> <span class='ocrx_word' id='word_1_177' title='bbox 536 3419 639 3475; x_wconf 90' lang='lat' dir='ltr'><strong>mare,</strong></span> <span class='ocrx_word' id='word_1_178' title='bbox 656 3403 821 3466; x_wconf 80' lang='lat' dir='ltr'><strong>terrentes</strong></span> <span class='ocrx_word' id='word_1_179' title='bbox 834 3403 993 3466; x_wconf 80' lang='lat' dir='ltr'><strong>adversus</strong></span> <span class='ocrx_word' id='word_1_180' title='bbox 1008 3419 1068 3464; x_wconf 89' lang='lat' dir='ltr'><strong>ec-</strong></span> 
     </span>
     <span class='ocr_line' id='line_1_29' title="bbox 276 3501 1069 3573; baseline 0 -11"><span class='ocrx_word' id='word_1_181' title='bbox 276 3501 396 3562; x_wconf 89' lang='lat' dir='ltr'><strong>clesias</strong></span> <span class='ocrx_word' id='word_1_182' title='bbox 415 3501 448 3564; x_wconf 90' lang='lat' dir='ltr'><strong>et</strong></span> <span class='ocrx_word' id='word_1_183' title='bbox 465 3501 555 3562; x_wconf 85' lang='lat' dir='ltr'><strong>viros</strong></span> <span class='ocrx_word' id='word_1_184' title='bbox 578 3501 832 3573; x_wconf 87' lang='lat' dir='ltr'><strong>ecclesiasticos,</strong></span> <span class='ocrx_word' id='word_1_185' title='bbox 849 3502 1069 3563; x_wconf 89' lang='lat' dir='ltr'><strong>intumescere</strong></span> 
     </span>
     <span class='ocr_line' id='line_1_30' title="bbox 277 3597 1070 3674; baseline -0.003 -15"><span class='ocrx_word' id='word_1_186' title='bbox 277 3613 343 3660; x_wconf 95' lang='lat' dir='ltr'><strong>non</strong></span> <span class='ocrx_word' id='word_1_187' title='bbox 357 3597 531 3670; x_wconf 90' lang='lat' dir='ltr'><strong>desistunt,</strong></span> <span class='ocrx_word' id='word_1_188' title='bbox 547 3598 788 3674; x_wconf 89' lang='lat' dir='ltr'><strong>persecutionis</strong></span> <span class='ocrx_word' id='word_1_189' title='bbox 802 3598 974 3659; x_wconf 85' lang='lat' dir='ltr'><strong>diabolicae</strong></span> <span class='ocrx_word' id='word_1_190' title='bbox 990 3612 1070 3659; x_wconf 93' lang='lat' dir='ltr'><strong>con-</strong></span> 
     </span>
     <span class='ocr_line' id='line_1_31' title="bbox 276 3694 1069 3770; baseline -0.003 -13"><span class='ocrx_word' id='word_1_191' title='bbox 276 3695 379 3758; x_wconf 89' lang='lat' dir='ltr'><strong>tinuis</strong></span> <span class='ocrx_word' id='word_1_192' title='bbox 403 3694 536 3756; x_wconf 85' lang='lat' dir='ltr'><strong>flatibus</strong></span> <span class='ocrx_word' id='word_1_193' title='bbox 554 3695 732 3770; x_wconf 67' lang='lat' dir='ltr'><strong>agitasset</strong></span> <span class='ocrx_word' id='word_1_194' title='bbox 750 3695 832 3756; x_wconf 89' lang='lat' dir='ltr'><strong>illuc</strong></span> <span class='ocrx_word' id='word_1_195' title='bbox 847 3695 1069 3757; x_wconf 91' lang='lat' dir='ltr'><strong>turbulentius</strong></span> 
     </span>
     <span class='ocr_line' id='line_1_32' title="bbox 279 3791 1069 3870; baseline 0 -18"><span class='ocrx_word' id='word_1_196' title='bbox 279 3793 452 3870; x_wconf 87' lang='lat' dir='ltr'><strong>proruunt,</strong></span> <span class='ocrx_word' id='word_1_197' title='bbox 467 3791 522 3852; x_wconf 89' lang='lat' dir='ltr'><strong>ubi</strong></span> <span class='ocrx_word' id='word_1_198' title='bbox 539 3807 608 3852; x_wconf 87' lang='lat' dir='ltr'><strong>suae</strong></span> <span class='ocrx_word' id='word_1_199' title='bbox 623 3791 759 3854; x_wconf 86' lang='lat' dir='ltr'><strong>malitiae</strong></span> <span class='ocrx_word' id='word_1_200' title='bbox 779 3807 845 3854; x_wconf 94' lang='lat' dir='ltr'><strong>non</strong></span> <span class='ocrx_word' id='word_1_201' title='bbox 861 3792 1069 3854; x_wconf 86' lang='lat' dir='ltr'><strong>invenientes</strong></span> 
     </span>
     <span class='ocr_line' id='line_1_33' title="bbox 277 3886 1067 3966; baseline -0.005 -15"><span class='ocrx_word' id='word_1_202' title='bbox 277 3889 452 3966; x_wconf 92' lang='lat' dir='ltr'><strong>objectum,</strong></span> <span class='ocrx_word' id='word_1_203' title='bbox 485 3903 558 3949; x_wconf 90' lang='lat' dir='ltr'><strong>eam</strong></span> <span class='ocrx_word' id='word_1_204' title='bbox 584 3886 718 3950; x_wconf 80' lang='lat' dir='ltr'><strong>valeant</strong></span> <span class='ocrx_word' id='word_1_205' title='bbox 746 3890 887 3965; x_wconf 92' lang='lat' dir='ltr'><strong>amplius</strong></span> <span class='ocrx_word' id='word_1_206' title='bbox 902 3889 1067 3964; x_wconf 80' lang='lat' dir='ltr'><strong>dilatare.</strong></span> 
     </span>
     <span class='ocr_line' id='line_1_34' title="bbox 279 3985 1068 4063; baseline -0.003 -15"><span class='ocrx_word' id='word_1_207' title='bbox 279 3987 341 4048; x_wconf 85' lang='lat' dir='ltr'><strong>Sed</strong></span> <span class='ocrx_word' id='word_1_208' title='bbox 359 4002 458 4063; x_wconf 86' lang='lat' dir='ltr'><strong>quum</strong></span> <span class='ocrx_word' id='word_1_209' title='bbox 474 3985 584 4046; x_wconf 87' lang='lat' dir='ltr'><strong>aliena</strong></span> <span class='ocrx_word' id='word_1_210' title='bbox 602 3985 669 4046; x_wconf 90' lang='lat' dir='ltr'><strong>sint</strong></span> <span class='ocrx_word' id='word_1_211' title='bbox 688 3987 917 4062; x_wconf 89' lang='lat' dir='ltr'><strong>compescendi</strong></span> <span class='ocrx_word' id='word_1_212' title='bbox 934 3987 1068 4057; x_wconf 83' lang='lat' dir='ltr'><strong>virtute,</strong></span> 
     </span>
     <span class='ocr_line' id='line_1_35' title="bbox 277 4081 1070 4160; baseline 0 -18"><span class='ocrx_word' id='word_1_213' title='bbox 277 4083 332 4160; x_wconf 87' lang='lat' dir='ltr'><strong>qui</strong></span> <span class='ocrx_word' id='word_1_214' title='bbox 349 4098 410 4144; x_wconf 92' lang='lat' dir='ltr'><strong>suo</strong></span> <span class='ocrx_word' id='word_1_215' title='bbox 425 4082 492 4141; x_wconf 90' lang='lat' dir='ltr'><strong>sint</strong></span> <span class='ocrx_word' id='word_1_216' title='bbox 507 4081 589 4142; x_wconf 78' lang='lat' dir='ltr'><strong>vttio</strong></span> <span class='ocrx_word' id='word_1_217' title='bbox 604 4082 756 4157; x_wconf 84' lang='lat' dir='ltr'><strong>inquieti,</strong></span> <span class='ocrx_word' id='word_1_218' title='bbox 772 4083 917 4158; x_wconf 82' lang='lat' dir='ltr'><strong>expedit,</strong></span> <span class='ocrx_word' id='word_1_219' title='bbox 934 4083 970 4143; x_wconf 91' lang='lat' dir='ltr'><strong>nt</strong></span> <span class='ocrx_word' id='word_1_220' title='bbox 985 4097 1070 4143; x_wconf 90' lang='lat' dir='ltr'><strong>con-</strong></span> 
     </span>
     <span class='ocr_line' id='line_1_36' title="bbox 276 4177 1069 4256; baseline -0.005 -14"><span class='ocrx_word' id='word_1_221' title='bbox 276 4181 328 4242; x_wconf 91' lang='lat' dir='ltr'><strong>tra</strong></span> <span class='ocrx_word' id='word_1_222' title='bbox 355 4177 544 4255; x_wconf 90' lang='lat' dir='ltr'><strong>superbiam</strong></span> <span class='ocrx_word' id='word_1_223' title='bbox 568 4177 758 4255; x_wconf 84' lang='lat' dir='ltr'><strong>iniquorum</strong></span> <span class='ocrx_word' id='word_1_224' title='bbox 784 4179 875 4240; x_wconf 87' lang='lat' dir='ltr'><strong>zelus</strong></span> <span class='ocrx_word' id='word_1_225' title='bbox 903 4182 1069 4256; x_wconf 86' lang='lat' dir='ltr'><strong>potentum</strong></span> 
     </span>
     <span class='ocr_line' id='line_1_37' title="bbox 277 4275 1069 4352; baseline -0.005 -12"><span class='ocrx_word' id='word_1_226' title='bbox 277 4277 404 4340; x_wconf 92' lang='lat' dir='ltr'><strong>obicem</strong></span> <span class='ocrx_word' id='word_1_227' title='bbox 423 4291 459 4336; x_wconf 90' lang='lat' dir='ltr'><strong>se</strong></span> <span class='ocrx_word' id='word_1_228' title='bbox 476 4277 631 4352; x_wconf 89' lang='lat' dir='ltr'><strong>opponat,</strong></span> <span class='ocrx_word' id='word_1_229' title='bbox 647 4276 704 4350; x_wconf 90' lang='lat' dir='ltr'><strong>qui</strong></span> <span class='ocrx_word' id='word_1_230' title='bbox 719 4275 877 4337; x_wconf 89' lang='lat' dir='ltr'><strong>correctis</strong></span> <span class='ocrx_word' id='word_1_231' title='bbox 892 4278 1069 4352; x_wconf 88' lang='lat' dir='ltr'><strong>perversis,</strong></span> 
     </span>
     <span class='ocr_line' id='line_1_38' title="bbox 277 4371 1072 4454; baseline -0.003 -18"><span class='ocrx_word' id='word_1_232' title='bbox 277 4373 506 4454; x_wconf 87' lang='lat' dir='ltr'><strong>pusillanimes</strong></span> <span class='ocrx_word' id='word_1_233' title='bbox 517 4371 716 4432; x_wconf 88' lang='lat' dir='ltr'><strong>consoletur.</strong></span> <span class='ocrx_word' id='word_1_234' title='bbox 726 4373 832 4443; x_wconf 82' lang='lat' dir='ltr'><strong>Quum</strong></span> <span class='ocrx_word' id='word_1_235' title='bbox 848 4371 971 4449; x_wconf 88' lang='lat' dir='ltr'><strong>itaque,</strong></span> <span class='ocrx_word' id='word_1_236' title='bbox 985 4372 1072 4435; x_wconf 88' lang='lat' dir='ltr'><strong>siout</strong></span> 
     </span>
     <span class='ocr_line' id='line_1_39' title="bbox 279 4468 1071 4534; baseline -0.005 0"><span class='ocrx_word' id='word_1_237' title='bbox 279 4471 391 4534; x_wconf 87' lang='lat' dir='ltr'><strong>dilecti</strong></span> <span class='ocrx_word' id='word_1_238' title='bbox 417 4469 476 4530; x_wconf 88' lang='lat' dir='ltr'><strong>iiiii</strong></span> <span class='ocrx_word' id='word_1_239' title='bbox 497 4468 598 4530; x_wconf 92' lang='lat' dir='ltr'><strong>abbas</strong></span> <span class='ocrx_word' id='word_1_240' title='bbox 619 4469 652 4529; x_wconf 92' lang='lat' dir='ltr'><strong>et</strong></span> <span class='ocrx_word' id='word_1_241' title='bbox 675 4470 858 4530; x_wconf 84' lang='lat' dir='ltr'><strong>conventus</strong></span> <span class='ocrx_word' id='word_1_242' title='bbox 877 4471 1071 4531; x_wconf 90' lang='lat' dir='ltr'><strong>monasterii</strong></span> 
     </span>
     <span class='ocr_line' id='line_1_40' title="bbox 279 4565 1070 4645; baseline -0.003 -15"><span class='ocrx_word' id='word_1_243' title='bbox 279 4571 319 4630; x_wconf 93' lang='lat' dir='ltr'><strong>de</strong></span> <span class='ocrx_word' id='word_1_244' title='bbox 338 4572 450 4645; x_wconf 81' lang='lat' dir='ltr'><strong>Egres,</strong></span> <span class='ocrx_word' id='word_1_245' title='bbox 467 4565 696 4627; x_wconf 87' lang='lat' dir='ltr'><strong>Cisterciensis</strong></span> <span class='ocrx_word' id='word_1_246' title='bbox 716 4566 854 4638; x_wconf 91' lang='lat' dir='ltr'><strong>ordinis,</strong></span> <span class='ocrx_word' id='word_1_247' title='bbox 871 4566 967 4628; x_wconf 92' lang='lat' dir='ltr'><strong>nobis</strong></span> <span class='ocrx_word' id='word_1_248' title='bbox 989 4583 1070 4641; x_wconf 81' lang='lat' dir='ltr'><strong>gra-</strong></span> 
     </span>
    </p>
   </div>
   <div class='ocr_carea' id='block_1_11' title="bbox 1420 1195 1607 1282">
    <p class='ocr_par' dir='ltr' id='par_1_13' title="bbox 1420 1195 1607 1282">
     <span class='ocr_line' id='line_1_41' title="bbox 1420 1195 1607 1282; baseline 0.005 -1"><span class='ocrx_word' id='word_1_249' title='bbox 1420 1195 1607 1282; x_wconf 81' lang='lat' dir='ltr'>CLXXIX</span> 
     </span>
    </p>
   </div>
   <div class='ocr_carea' id='block_1_12' title="bbox 1176 1345 1847 1426">
    <p class='ocr_par' dir='ltr' id='par_1_14' title="bbox 1176 1345 1847 1426">
     <span class='ocr_line' id='line_1_42' title="bbox 1176 1345 1847 1426; baseline 0 -18"><span class='ocrx_word' id='word_1_250' title='bbox 1176 1345 1392 1408; x_wconf 70' lang='lat' dir='ltr'><strong>abaciacum</strong></span> <span class='ocrx_word' id='word_1_251' title='bbox 1406 1345 1440 1406; x_wconf 88' lang='lat' dir='ltr'><strong>ct</strong></span> <span class='ocrx_word' id='word_1_252' title='bbox 1454 1347 1660 1408; x_wconf 80' lang='lat' dir='ltr'><strong>conuentum</strong></span> <span class='ocrx_word' id='word_1_253' title='bbox 1670 1349 1712 1408; x_wconf 82' lang='lat' dir='ltr'><strong>de</strong></span> <span class='ocrx_word' id='word_1_254' title='bbox 1726 1349 1847 1426; x_wconf 77' lang='lat' dir='ltr'><strong>Eprcs.</strong></span> 
     </span>
    </p>
   </div>
   <div class='ocr_carea' id='block_1_13' title="bbox 1278 1475 1752 1663">
    <p class='ocr_par' dir='ltr' id='par_1_15' title="bbox 1278 1475 1752 1663">
     <span class='ocr_line' id='line_1_43' title="bbox 1401 1475 1626 1547; baseline -0.009 -13"><span class='ocrx_word' id='word_1_255' title='bbox 1401 1475 1419 1534; x_wconf 80' lang='lat'><em>2</em></span> <span class='ocrx_word' id='word_1_256' title='bbox 1437 1475 1535 1547; x_wconf 86' lang='lat' dir='ltr'><strong>aprilis</strong></span> <span class='ocrx_word' id='word_1_257' title='bbox 1547 1475 1626 1534; x_wconf 79' lang='lat' dir='ltr'><strong>ins.</strong></span> 
     </span>
     <span class='ocr_line' id='line_1_44' title="bbox 1278 1597 1752 1663; baseline 0 -15"><span class='ocrx_word' id='word_1_258' title='bbox 1278 1597 1370 1661; x_wconf 70' lang='lat' dir='ltr'><strong>[ieje.</strong></span> <span class='ocrx_word' id='word_1_259' title='bbox 1385 1597 1446 1648; x_wconf 86' lang='lat' dir='ltr'><strong>Cod.</strong></span> <span class='ocrx_word' id='word_1_260' title='bbox 1460 1597 1576 1662; x_wconf 71' lang='lat' dir='ltr'><strong>diplom„</strong></span> <span class='ocrx_word' id='word_1_261' title='bbox 1589 1599 1631 1658; x_wconf 86' lang='lat' dir='ltr'><strong>III,</strong></span> <span class='ocrx_word' id='word_1_262' title='bbox 1649 1613 1668 1658; x_wconf 83' lang='grc' dir='ltr'><strong>ι,</strong></span> <span class='ocrx_word' id='word_1_263' title='bbox 1684 1599 1752 1663; x_wconf 71' lang='lat'><strong>252]</strong></span> 
     </span>
    </p>
   </div>
   <div class='ocr_carea' id='block_1_14' title="bbox 1118 1721 1895 1884">
    <p class='ocr_par' dir='ltr' id='par_1_16' title="bbox 1118 1721 1895 1884">
     <span class='ocr_line' id='line_1_45' title="bbox 1118 1721 1895 1796; baseline 0.004 -17"><span class='ocrx_word' id='word_1_264' title='bbox 1118 1722 1376 1780; x_wconf 78' lang='lat' dir='ltr'><strong>commutationem</strong></span> <span class='ocrx_word' id='word_1_265' title='bbox 1397 1721 1537 1780; x_wconf 89' lang='lat' dir='ltr'><strong>bonorum</strong></span> <span class='ocrx_word' id='word_1_266' title='bbox 1557 1723 1629 1780; x_wconf 89' lang='lat' dir='ltr'><strong>inter</strong></span> <span class='ocrx_word' id='word_1_267' title='bbox 1649 1737 1749 1796; x_wconf 83' lang='lat' dir='ltr'><strong>regem</strong></span> <span class='ocrx_word' id='word_1_268' title='bbox 1768 1723 1895 1782; x_wconf 85' lang='lat' dir='ltr'><strong>Andrean</strong></span> 
     </span>
     <span class='ocr_line' id='line_1_46' title="bbox 1225 1809 1805 1884; baseline 0.01 -19"><span class='ocrx_word' id='word_1_269' title='bbox 1225 1817 1252 1866; x_wconf 89' lang='lat' dir='ltr'><strong>et</strong></span> <span class='ocrx_word' id='word_1_270' title='bbox 1268 1817 1439 1867; x_wconf 88' lang='lat' dir='ltr'><strong>conventum</strong></span> <span class='ocrx_word' id='word_1_271' title='bbox 1451 1809 1487 1868; x_wconf 90' lang='lat' dir='ltr'><strong>de</strong></span> <span class='ocrx_word' id='word_1_272' title='bbox 1500 1813 1591 1884; x_wconf 81' lang='lat' dir='ltr'><strong>Egres</strong></span> <span class='ocrx_word' id='word_1_273' title='bbox 1604 1819 1694 1869; x_wconf 87' lang='lat' dir='ltr'><strong>ratam</strong></span> <span class='ocrx_word' id='word_1_274' title='bbox 1708 1811 1805 1871; x_wconf 87' lang='lat' dir='ltr'><strong>babet.</strong></span> 
     </span>
    </p>
   </div>
   <div class='ocr_carea' id='block_1_15' title="bbox 1120 1935 1959 2305">
    <p class='ocr_par' dir='ltr' id='par_1_17' title="bbox 1120 1935 1895 2106">
     <span class='ocr_line' id='line_1_47' title="bbox 1159 1935 1895 2014; baseline 0.007 -20"><span class='ocrx_word' id='word_1_275' title='bbox 1159 1935 1337 2004; x_wconf 89' lang='lat' dir='ltr'><strong>Honorius,</strong></span> <span class='ocrx_word' id='word_1_276' title='bbox 1354 1935 1466 1998; x_wconf 91' lang='lat' dir='ltr'><strong>abbati</strong></span> <span class='ocrx_word' id='word_1_277' title='bbox 1486 1936 1520 1998; x_wconf 89' lang='lat' dir='ltr'><strong>et</strong></span> <span class='ocrx_word' id='word_1_278' title='bbox 1540 1938 1717 2000; x_wconf 85' lang='lat' dir='ltr'><strong>conventui</strong></span> <span class='ocrx_word' id='word_1_279' title='bbox 1738 1937 1780 2000; x_wconf 88' lang='lat' dir='ltr'><strong>de</strong></span> <span class='ocrx_word' id='word_1_280' title='bbox 1799 1941 1895 2014; x_wconf 78' lang='lat' dir='ltr'><strong>Egres,</strong></span> 
     </span>
     <span class='ocr_line' id='line_1_48' title="bbox 1120 2032 1582 2106; baseline 0.002 -14"><span class='ocrx_word' id='word_1_281' title='bbox 1120 2032 1349 2093; x_wconf 79' lang='lat' dir='ltr'><strong>cisterciensis</strong></span> <span class='ocrx_word' id='word_1_282' title='bbox 1365 2033 1503 2106; x_wconf 89' lang='lat' dir='ltr'><strong>ordinis,</strong></span> <span class='ocrx_word' id='word_1_283' title='bbox 1520 2034 1582 2096; x_wconf 87' lang='lat' dir='ltr'><strong>etc.</strong></span> 
     </span>
    </p>

    <p class='ocr_par' dir='ltr' id='par_1_18' title="bbox 1121 2129 1959 2305">
     <span class='ocr_line' id='line_1_49' title="bbox 1160 2129 1897 2206; baseline 0.005 -18"><span class='ocrx_word' id='word_1_284' title='bbox 1160 2130 1265 2200; x_wconf 86' lang='lat' dir='ltr'><strong>Quum</strong></span> <span class='ocrx_word' id='word_1_285' title='bbox 1289 2143 1308 2190; x_wconf 90' lang='lat' dir='ltr'><strong>a</strong></span> <span class='ocrx_word' id='word_1_286' title='bbox 1336 2129 1431 2190; x_wconf 91' lang='lat' dir='ltr'><strong>nobis</strong></span> <span class='ocrx_word' id='word_1_287' title='bbox 1456 2131 1594 2206; x_wconf 90' lang='lat' dir='ltr'><strong>petitur,</strong></span> <span class='ocrx_word' id='word_1_288' title='bbox 1620 2131 1696 2202; x_wconf 72' lang='lat' dir='ltr'><strong>etc„</strong></span> <span class='ocrx_word' id='word_1_289' title='bbox 1723 2146 1829 2205; x_wconf 73' lang='lat' dir='ltr'><strong>usercc</strong></span> <span class='ocrx_word' id='word_1_290' title='bbox 1851 2147 1897 2192; x_wconf 91' lang='lat' dir='ltr'><strong>as-</strong></span> 
     </span>
     <span class='ocr_line' id='line_1_50' title="bbox 1121 2225 1959 2305; baseline 0.004 -19"><span class='ocrx_word' id='word_1_291' title='bbox 1121 2241 1233 2286; x_wconf 88' lang='lat' dir='ltr'><strong>sensu.</strong></span> <span class='ocrx_word' id='word_1_292' title='bbox 1253 2225 1549 2288; x_wconf 81' lang='lat' dir='ltr'><strong>commutationem</strong></span> <span class='ocrx_word' id='word_1_293' title='bbox 1567 2227 1655 2289; x_wconf 92' lang='lat' dir='ltr'><strong>inter</strong></span> <span class='ocrx_word' id='word_1_294' title='bbox 1671 2244 1743 2298; x_wconf 80' lang='lat' dir='ltr'><strong>ros,</strong></span> <span class='ocrx_word' id='word_1_295' title='bbox 1761 2245 1805 2289; x_wconf 80' lang='lat' dir='ltr'><strong>ex</strong></span> <span class='ocrx_word' id='word_1_296' title='bbox 1819 2231 1897 2305; x_wconf 88' lang='lat' dir='ltr'><strong>parte</strong></span> <span class='ocrx_word' id='word_1_297' title='bbox 1958 2251 1959 2296; x_wconf 48' lang='grc' dir='ltr'>γ</span> 
     </span>
    </p>
   </div>
   <div class='ocr_carea' id='block_1_16' title="bbox 1084 2322 1897 2394">
    <p class='ocr_par' dir='ltr' id='par_1_19' title="bbox 1084 2322 1897 2394">
     <span class='ocr_line' id='line_1_51' title="bbox 1084 2322 1897 2394; baseline 0.004 -13"><span class='ocrx_word' id='word_1_298' title='bbox 1084 2359 1089 2370; x_wconf 85' lang='lat'><em>-</em></span> <span class='ocrx_word' id='word_1_299' title='bbox 1120 2337 1198 2394; x_wconf 85' lang='lat' dir='ltr'><strong>una,</strong></span> <span class='ocrx_word' id='word_1_300' title='bbox 1222 2322 1255 2383; x_wconf 90' lang='lat' dir='ltr'><strong>et</strong></span> <span class='ocrx_word' id='word_1_301' title='bbox 1274 2323 1484 2384; x_wconf 86' lang='lat' dir='ltr'><strong>carlssimum</strong></span> <span class='ocrx_word' id='word_1_302' title='bbox 1505 2325 1541 2385; x_wconf 93' lang='lat' dir='ltr'><strong>iu</strong></span> <span class='ocrx_word' id='word_1_303' title='bbox 1560 2324 1691 2387; x_wconf 86' lang='lat' dir='ltr'><strong>Christo</strong></span> <span class='ocrx_word' id='word_1_304' title='bbox 1710 2325 1815 2386; x_wconf 86' lang='lat' dir='ltr'><strong>tilium</strong></span> <span class='ocrx_word' id='word_1_305' title='bbox 1829 2342 1897 2386; x_wconf 90' lang='lat' dir='ltr'><strong>nos-</strong></span> 
     </span>
    </p>
   </div>
   <div class='ocr_carea' id='block_1_17' title="bbox 1120 2419 1961 3738">
    <p class='ocr_par' dir='ltr' id='par_1_20' title="bbox 1120 2419 1961 3738">
     <span class='ocr_line' id='line_1_52' title="bbox 1120 2419 1898 2498; baseline 0.003 -18"><span class='ocrx_word' id='word_1_306' title='bbox 1120 2419 1206 2480; x_wconf 91' lang='lat' dir='ltr'><strong>trum</strong></span> <span class='ocrx_word' id='word_1_307' title='bbox 1222 2420 1260 2480; x_wconf 76' lang='lat' dir='ltr'><strong>A.</strong></span> <span class='ocrx_word' id='word_1_308' title='bbox 1278 2419 1441 2480; x_wconf 90' lang='lat' dir='ltr'><strong>illustrem</strong></span> <span class='ocrx_word' id='word_1_309' title='bbox 1470 2435 1581 2496; x_wconf 80' lang='lat' dir='ltr'><strong>regem</strong></span> <span class='ocrx_word' id='word_1_310' title='bbox 1604 2423 1786 2498; x_wconf 78' lang='lat' dir='ltr'><strong>Huugarite</strong></span> <span class='ocrx_word' id='word_1_311' title='bbox 1805 2437 1843 2483; x_wconf 85' lang='lat' dir='ltr'><strong>ex</strong></span> <span class='ocrx_word' id='word_1_312' title='bbox 1855 2423 1898 2482; x_wconf 88' lang='lat' dir='ltr'><strong>al-</strong></span> 
     </span>
     <span class='ocr_line' id='line_1_53' title="bbox 1120 2516 1898 2595; baseline 0.005 -19"><span class='ocrx_word' id='word_1_313' title='bbox 1120 2517 1210 2588; x_wconf 91' lang='lat' dir='ltr'><strong>tera,</strong></span> <span class='ocrx_word' id='word_1_314' title='bbox 1242 2530 1342 2592; x_wconf 87' lang='lat' dir='ltr'><strong>super</strong></span> <span class='ocrx_word' id='word_1_315' title='bbox 1364 2516 1562 2594; x_wconf 84' lang='lat' dir='ltr'><strong>quibusdam</strong></span> <span class='ocrx_word' id='word_1_316' title='bbox 1590 2519 1850 2595; x_wconf 88' lang='lat' dir='ltr'><strong>possessionibus</strong></span> <span class='ocrx_word' id='word_1_317' title='bbox 1872 2521 1898 2580; x_wconf 92' lang='lat' dir='ltr'><strong>et</strong></span> 
     </span>
     <span class='ocr_line' id='line_1_54' title="bbox 1121 2612 1897 2692; baseline 0.006 -21"><span class='ocrx_word' id='word_1_318' title='bbox 1121 2612 1220 2674; x_wconf 89' lang='lat' dir='ltr'><strong>rebus</strong></span> <span class='ocrx_word' id='word_1_319' title='bbox 1236 2613 1312 2674; x_wconf 88' lang='lat' dir='ltr'><strong>aliis</strong></span> <span class='ocrx_word' id='word_1_320' title='bbox 1327 2612 1369 2673; x_wconf 93' lang='lat' dir='ltr'><strong>ab</strong></span> <span class='ocrx_word' id='word_1_321' title='bbox 1385 2613 1501 2676; x_wconf 91' lang='lat' dir='ltr'><strong>eodem</strong></span> <span class='ocrx_word' id='word_1_322' title='bbox 1517 2630 1595 2690; x_wconf 84' lang='lat' dir='ltr'><strong>rege</strong></span> <span class='ocrx_word' id='word_1_323' title='bbox 1610 2615 1645 2676; x_wconf 95' lang='lat' dir='ltr'><strong>in</strong></span> <span class='ocrx_word' id='word_1_324' title='bbox 1668 2615 1897 2692; x_wconf 83' lang='lat' dir='ltr'><strong>eleemosynam</strong></span> 
     </span>
     <span class='ocr_line' id='line_1_55' title="bbox 1121 2709 1960 2788; baseline 0 -16"><span class='ocrx_word' id='word_1_325' title='bbox 1121 2709 1215 2772; x_wconf 85' lang='lat' dir='ltr'><strong>vobis</strong></span> <span class='ocrx_word' id='word_1_326' title='bbox 1229 2709 1326 2781; x_wconf 90' lang='lat' dir='ltr'><strong>datis,</strong></span> <span class='ocrx_word' id='word_1_327' title='bbox 1342 2713 1440 2788; x_wconf 89' lang='lat' dir='ltr'><strong>prout</strong></span> <span class='ocrx_word' id='word_1_328' title='bbox 1455 2711 1489 2772; x_wconf 94' lang='lat' dir='ltr'><strong>in</strong></span> <span class='ocrx_word' id='word_1_329' title='bbox 1504 2711 1631 2774; x_wconf 89' lang='lat' dir='ltr'><strong>eisdem</strong></span> <span class='ocrx_word' id='word_1_330' title='bbox 1653 2712 1774 2774; x_wconf 87' lang='lat' dir='ltr'><strong>litterIs</strong></span> <span class='ocrx_word' id='word_1_331' title='bbox 1795 2712 1897 2774; x_wconf 86' lang='lat' dir='ltr'><strong>dicitur</strong></span> <span class='ocrx_word' id='word_1_332' title='bbox 1959 2729 1960 2736; x_wconf 50' lang='lat'>¹</span> 
     </span>
     <span class='ocr_line' id='line_1_56' title="bbox 1122 2807 1897 2882; baseline 0.001 -15"><span class='ocrx_word' id='word_1_333' title='bbox 1122 2807 1253 2882; x_wconf 89' lang='lat' dir='ltr'><strong>plenius</strong></span> <span class='ocrx_word' id='word_1_334' title='bbox 1285 2807 1460 2878; x_wconf 86' lang='lat' dir='ltr'><strong>contineri,</strong></span> <span class='ocrx_word' id='word_1_335' title='bbox 1488 2809 1710 2870; x_wconf 87' lang='lat' dir='ltr'><strong>mediantibus</strong></span> <span class='ocrx_word' id='word_1_336' title='bbox 1750 2809 1897 2872; x_wconf 91' lang='lat' dir='ltr'><strong>nobilibus</strong></span> 
     </span>
     <span class='ocr_line' id='line_1_57' title="bbox 1122 2903 1899 2980; baseline 0.004 -15"><span class='ocrx_word' id='word_1_337' title='bbox 1122 2904 1204 2965; x_wconf 85' lang='lat' dir='ltr'><strong>viris</strong></span> <span class='ocrx_word' id='word_1_338' title='bbox 1225 2905 1342 2980; x_wconf 85' lang='lat' dir='ltr'><strong>Keuag</strong></span> <span class='ocrx_word' id='word_1_339' title='bbox 1361 2907 1394 2965; x_wconf 90' lang='lat' dir='ltr'><strong>et</strong></span> <span class='ocrx_word' id='word_1_340' title='bbox 1417 2903 1584 2968; x_wconf 83' lang='lat' dir='ltr'><strong>Clemente</strong></span> <span class='ocrx_word' id='word_1_341' title='bbox 1596 2907 1812 2980; x_wconf 90' lang='lat' dir='ltr'><strong>contractam,</strong></span> <span class='ocrx_word' id='word_1_342' title='bbox 1828 2907 1899 2968; x_wconf 88' lang='lat' dir='ltr'><strong>sicut</strong></span> 
     </span>
     <span class='ocr_line' id='line_1_58' title="bbox 1123 2999 1897 3078; baseline 0.003 -18"><span class='ocrx_word' id='word_1_343' title='bbox 1123 3000 1186 3062; x_wconf 85' lang='lat' dir='ltr'><strong>rite</strong></span> <span class='ocrx_word' id='word_1_344' title='bbox 1201 3000 1234 3061; x_wconf 91' lang='lat' dir='ltr'><strong>et</strong></span> <span class='ocrx_word' id='word_1_345' title='bbox 1250 2999 1388 3077; x_wconf 91' lang='lat' dir='ltr'><strong>provide</strong></span> <span class='ocrx_word' id='word_1_346' title='bbox 1403 2999 1490 3062; x_wconf 84' lang='lat' dir='ltr'><strong>tacta</strong></span> <span class='ocrx_word' id='word_1_347' title='bbox 1507 3001 1569 3076; x_wconf 85' lang='lat' dir='ltr'><strong>est,</strong></span> <span class='ocrx_word' id='word_1_348' title='bbox 1591 3003 1789 3064; x_wconf 88' lang='lat' dir='ltr'><strong>auctoritate</strong></span> <span class='ocrx_word' id='word_1_349' title='bbox 1803 3007 1897 3078; x_wconf 85' lang='lat' dir='ltr'><strong>apos·</strong></span> 
     </span>
     <span class='ocr_line' id='line_1_59' title="bbox 1121 3095 1961 3180; baseline 0 -22"><span class='ocrx_word' id='word_1_350' title='bbox 1121 3097 1223 3158; x_wconf 91' lang='lat' dir='ltr'><strong>tolica</strong></span> <span class='ocrx_word' id='word_1_351' title='bbox 1236 3095 1470 3158; x_wconf 81' lang='lat' dir='ltr'><strong>confirmamus</strong></span> <span class='ocrx_word' id='word_1_352' title='bbox 1487 3099 1521 3158; x_wconf 88' lang='lat' dir='ltr'><strong>et</strong></span> <span class='ocrx_word' id='word_1_353' title='bbox 1530 3098 1705 3174; x_wconf 77' lang='lat' dir='ltr'><strong>presentis</strong></span> <span class='ocrx_word' id='word_1_354' title='bbox 1721 3099 1833 3176; x_wconf 91' lang='lat' dir='ltr'><strong>scripti</strong></span> <span class='ocrx_word' id='word_1_355' title='bbox 1845 3114 1897 3175; x_wconf 90' lang='lat' dir='ltr'><strong>pa·</strong></span> <span class='ocrx_word' id='word_1_356' title='bbox 1960 3156 1961 3180; x_wconf 17' lang='grc' dir='ltr'><strong>ξ</strong></span> 
     </span>
     <span class='ocr_line' id='line_1_60' title="bbox 1122 3191 1961 3270; baseline 0 -18"><span class='ocrx_word' id='word_1_357' title='bbox 1122 3191 1264 3252; x_wconf 86' lang='lat' dir='ltr'><strong>trocinio</strong></span> <span class='ocrx_word' id='word_1_358' title='bbox 1288 3191 1541 3252; x_wconf 90' lang='lat' dir='ltr'><strong>communimus.</strong></span> <span class='ocrx_word' id='word_1_359' title='bbox 1568 3192 1661 3254; x_wconf 92' lang='lat' dir='ltr'><strong>Nulli</strong></span> <span class='ocrx_word' id='word_1_360' title='bbox 1680 3207 1761 3270; x_wconf 79' lang='lat' dir='ltr'><strong>ergo</strong></span> <span class='ocrx_word' id='word_1_361' title='bbox 1778 3193 1896 3255; x_wconf 92' lang='lat' dir='ltr'><strong>omnino</strong></span> <span class='ocrx_word' id='word_1_362' title='bbox 1960 3201 1961 3216; x_wconf 64' lang='lat'>¹</span> 
     </span>
     <span class='ocr_line' id='line_1_61' title="bbox 1123 3286 1898 3365; baseline 0 -17"><span class='ocrx_word' id='word_1_363' title='bbox 1123 3286 1294 3348; x_wconf 89' lang='lat' dir='ltr'><strong>hominnm</strong></span> <span class='ocrx_word' id='word_1_364' title='bbox 1309 3288 1409 3350; x_wconf 89' lang='lat' dir='ltr'><strong>liceat</strong></span> <span class='ocrx_word' id='word_1_365' title='bbox 1423 3289 1509 3349; x_wconf 89' lang='lat' dir='ltr'><strong>hanc</strong></span> <span class='ocrx_word' id='word_1_366' title='bbox 1521 3289 1677 3365; x_wconf 84' lang='lat' dir='ltr'><strong>paginam</strong></span> <span class='ocrx_word' id='word_1_367' title='bbox 1694 3291 1817 3352; x_wconf 81' lang='lat' dir='ltr'><strong>nostrae</strong></span> <span class='ocrx_word' id='word_1_368' title='bbox 1831 3305 1898 3350; x_wconf 93' lang='lat' dir='ltr'><strong>con-</strong></span> 
     </span>
     <span class='ocr_line' id='line_1_62' title="bbox 1124 3383 1900 3462; baseline 0.001 -18"><span class='ocrx_word' id='word_1_369' title='bbox 1124 3383 1320 3446; x_wconf 83' lang='lat' dir='ltr'><strong>firmationis</strong></span> <span class='ocrx_word' id='word_1_370' title='bbox 1337 3385 1531 3462; x_wconf 80' lang='lat' dir='ltr'><strong>intringere,</strong></span> <span class='ocrx_word' id='word_1_371' title='bbox 1548 3387 1601 3448; x_wconf 87' lang='lat' dir='ltr'><strong>vel</strong></span> <span class='ocrx_word' id='word_1_372' title='bbox 1622 3387 1653 3447; x_wconf 92' lang='lat' dir='ltr'><strong>ei</strong></span> <span class='ocrx_word' id='word_1_373' title='bbox 1673 3403 1758 3448; x_wconf 92' lang='lat' dir='ltr'><strong>ausu</strong></span> <span class='ocrx_word' id='word_1_374' title='bbox 1772 3389 1900 3449; x_wconf 87' lang='lat' dir='ltr'><strong>temera·</strong></span> 
     </span>
     <span class='ocr_line' id='line_1_63' title="bbox 1123 3481 1900 3560; baseline 0 -18"><span class='ocrx_word' id='word_1_375' title='bbox 1123 3481 1173 3543; x_wconf 93' lang='lat' dir='ltr'><strong>rio</strong></span> <span class='ocrx_word' id='word_1_376' title='bbox 1202 3481 1380 3544; x_wconf 85' lang='lat' dir='ltr'><strong>contraire.</strong></span> <span class='ocrx_word' id='word_1_377' title='bbox 1412 3483 1447 3544; x_wconf 90' lang='lat' dir='ltr'><strong>Si</strong></span> <span class='ocrx_word' id='word_1_378' title='bbox 1473 3483 1548 3560; x_wconf 88' lang='lat' dir='ltr'><strong>quis</strong></span> <span class='ocrx_word' id='word_1_379' title='bbox 1576 3483 1687 3546; x_wconf 88' lang='lat' dir='ltr'><strong>autem</strong></span> <span class='ocrx_word' id='word_1_380' title='bbox 1715 3484 1780 3546; x_wconf 90' lang='lat' dir='ltr'><strong>hoc</strong></span> <span class='ocrx_word' id='word_1_381' title='bbox 1806 3485 1900 3546; x_wconf 89' lang='lat' dir='ltr'><strong>atten-</strong></span> 
     </span>
     <span class='ocr_line' id='line_1_64' title="bbox 1122 3579 1897 3657; baseline -0.005 -16"><span class='ocrx_word' id='word_1_382' title='bbox 1122 3579 1278 3651; x_wconf 73' lang='lat' dir='ltr'><strong>tarasio.</strong></span> <span class='ocrx_word' id='word_1_383' title='bbox 1295 3579 1414 3641; x_wconf 88' lang='lat' dir='ltr'><strong>Datum</strong></span> <span class='ocrx_word' id='word_1_384' title='bbox 1429 3581 1597 3652; x_wconf 87' lang='lat' dir='ltr'><strong>Laterani,</strong></span> <span class='ocrx_word' id='word_1_385' title='bbox 1615 3583 1658 3642; x_wconf 88' lang='lat' dir='ltr'><strong>lV</strong></span> <span class='ocrx_word' id='word_1_386' title='bbox 1670 3597 1776 3644; x_wconf 89' lang='lat' dir='ltr'><strong>nonas</strong></span> <span class='ocrx_word' id='word_1_387' title='bbox 1787 3579 1897 3657; x_wconf 81' lang='lat' dir='ltr'><strong>aprilis,</strong></span> 
     </span>
     <span class='ocr_line' id='line_1_65' title="bbox 1123 3678 1353 3738; baseline 0 -2"><span class='ocrx_word' id='word_1_388' title='bbox 1123 3691 1211 3737; x_wconf 91' lang='lat' dir='ltr'><strong>anno</strong></span> <span class='ocrx_word' id='word_1_389' title='bbox 1225 3678 1353 3738; x_wconf 81' lang='lat' dir='ltr'><strong>octavo.</strong></span> 
     </span>
    </p>
   </div>
   <div class='ocr_carea' id='block_1_18' title="bbox 1438 3908 1605 3995">
    <p class='ocr_par' dir='ltr' id='par_1_21' title="bbox 1438 3908 1605 3995">
     <span class='ocr_line' id='line_1_66' title="bbox 1438 3908 1605 3995; baseline -0.006 0"><span class='ocrx_word' id='word_1_390' title='bbox 1438 3908 1605 3995; x_wconf 85' lang='lat' dir='ltr'>CLXXX</span> 
     </span>
    </p>
   </div>
   <div class='ocr_carea' id='block_1_19' title="bbox 1186 4059 1851 4134">
    <p class='ocr_par' dir='ltr' id='par_1_22' title="bbox 1186 4059 1851 4134">
     <span class='ocr_line' id='line_1_67' title="bbox 1186 4059 1851 4134; baseline 0.002 -17"><span class='ocrx_word' id='word_1_391' title='bbox 1186 4059 1235 4118; x_wconf 83' lang='lat' dir='ltr'><strong>Act</strong></span> <span class='ocrx_word' id='word_1_392' title='bbox 1257 4059 1593 4134; x_wconf 72' lang='lat' dir='ltr'><strong>arcmmssopterum</strong></span> <span class='ocrx_word' id='word_1_393' title='bbox 1616 4061 1724 4122; x_wconf 80' lang='lat' dir='ltr'><strong>terroe</strong></span> <span class='ocrx_word' id='word_1_394' title='bbox 1744 4065 1851 4123; x_wconf 78' lang='lat' dir='ltr'><strong>Boace.</strong></span> 
     </span>
    </p>
   </div>
   <div class='ocr_carea' id='block_1_20' title="bbox 1295 4187 1760 4378">
    <p class='ocr_par' dir='ltr' id='par_1_23' title="bbox 1295 4187 1760 4378">
     <span class='ocr_line' id='line_1_68' title="bbox 1408 4187 1634 4260; baseline 0.004 -14"><span class='ocrx_word' id='word_1_395' title='bbox 1408 4189 1425 4246; x_wconf 76' lang='grc' dir='ltr'><strong>Ξ</strong></span> <span class='ocrx_word' id='word_1_396' title='bbox 1441 4187 1539 4260; x_wconf 78' lang='lat' dir='ltr'><strong>aprilis</strong></span> <span class='ocrx_word' id='word_1_397' title='bbox 1555 4189 1634 4246; x_wconf 69' lang='lat' dir='ltr'><strong>Im.</strong></span> 
     </span>
     <span class='ocr_line' id='line_1_69' title="bbox 1295 4309 1760 4378; baseline 0.004 -16"><span class='ocrx_word' id='word_1_398' title='bbox 1295 4311 1386 4374; x_wconf 58' lang='lat' dir='ltr'><strong>[Fciam</strong></span> <span class='ocrx_word' id='word_1_399' title='bbox 1396 4309 1459 4361; x_wconf 88' lang='lat' dir='ltr'><strong>Cod.</strong></span> <span class='ocrx_word' id='word_1_400' title='bbox 1475 4311 1593 4375; x_wconf 77' lang='lat' dir='ltr'><strong>diplom,</strong></span> <span class='ocrx_word' id='word_1_401' title='bbox 1606 4313 1648 4372; x_wconf 96' lang='lat' dir='ltr'><strong>III,</strong></span> <span class='ocrx_word' id='word_1_402' title='bbox 1662 4327 1681 4372; x_wconf 86' lang='lat'><strong>1,</strong></span> <span class='ocrx_word' id='word_1_403' title='bbox 1692 4311 1760 4378; x_wconf 77' lang='lat' dir='ltr'><strong>toa]</strong></span> 
     </span>
    </p>
   </div>
   <div class='ocr_carea' id='block_1_21' title="bbox 1125 4434 1901 4598">
    <p class='ocr_par' dir='ltr' id='par_1_24' title="bbox 1125 4434 1901 4598">
     <span class='ocr_line' id='line_1_70' title="bbox 1125 4434 1901 4508; baseline -0.001 -16"><span class='ocrx_word' id='word_1_404' title='bbox 1125 4434 1378 4508; x_wconf 70' lang='lat' dir='ltr'><strong>archipresbytero</strong></span> <span class='ocrx_word' id='word_1_405' title='bbox 1392 4444 1474 4494; x_wconf 82' lang='lat' dir='ltr'><strong>terrm</strong></span> <span class='ocrx_word' id='word_1_406' title='bbox 1489 4437 1571 4494; x_wconf 80' lang='lat' dir='ltr'><strong>Bozoe</strong></span> <span class='ocrx_word' id='word_1_407' title='bbox 1584 4438 1782 4496; x_wconf 85' lang='lat' dir='ltr'><strong>auctoritatem</strong></span> <span class='ocrx_word' id='word_1_408' title='bbox 1793 4452 1866 4496; x_wconf 87' lang='lat' dir='ltr'><strong>suam</strong></span> <span class='ocrx_word' id='word_1_409' title='bbox 1878 4437 1901 4494; x_wconf 89' lang='lat' dir='ltr'><strong>iu</strong></span> 
     </span>
     <span class='ocr_line' id='line_1_71' title="bbox 1238 4521 1808 4598; baseline 0.005 -18"><span class='ocrx_word' id='word_1_410' title='bbox 1238 4521 1357 4580; x_wconf 72' lang='lat' dir='ltr'><strong>clericos</strong></span> <span class='ocrx_word' id='word_1_411' title='bbox 1368 4525 1544 4598; x_wconf 89' lang='lat' dir='ltr'><strong>colonosque</strong></span> <span class='ocrx_word' id='word_1_412' title='bbox 1555 4523 1592 4582; x_wconf 90' lang='lat' dir='ltr'><strong>de</strong></span> <span class='ocrx_word' id='word_1_413' title='bbox 1606 4527 1694 4584; x_wconf 82' lang='lat' dir='ltr'><strong>bozze</strong></span> <span class='ocrx_word' id='word_1_414' title='bbox 1710 4525 1808 4584; x_wconf 84' lang='lat' dir='ltr'><strong>desert.</strong></span> 
     </span>
    </p>
   </div>
   <div class='ocr_carea' id='block_1_22' title="bbox 264 4659 1902 5716">
    <p class='ocr_par' dir='ltr' id='par_1_25' title="bbox 277 4659 1901 4836">
     <span class='ocr_line' id='line_1_72' title="bbox 278 4659 1901 4740; baseline -0.004 -14"><span class='ocrx_word' id='word_1_415' title='bbox 278 4667 363 4726; x_wconf 87' lang='lat' dir='ltr'><strong>viter</strong></span> <span class='ocrx_word' id='word_1_416' title='bbox 373 4666 451 4725; x_wconf 89' lang='lat' dir='ltr'><strong>sunt</strong></span> <span class='ocrx_word' id='word_1_417' title='bbox 462 4661 646 4740; x_wconf 88' lang='lat' dir='ltr'><strong>conquesti,</strong></span> <span class='ocrx_word' id='word_1_418' title='bbox 664 4662 759 4724; x_wconf 89' lang='lat' dir='ltr'><strong>multi</strong></span> <span class='ocrx_word' id='word_1_419' title='bbox 773 4663 814 4724; x_wconf 91' lang='lat' dir='ltr'><strong>de</strong></span> <span class='ocrx_word' id='word_1_420' title='bbox 828 4664 976 4740; x_wconf 89' lang='lat' dir='ltr'><strong>partibus</strong></span> <span class='ocrx_word' id='word_1_421' title='bbox 990 4663 1069 4736; x_wconf 91' lang='lat' dir='ltr'><strong>illis,</strong></span> <span class='ocrx_word' id='word_1_422' title='bbox 1165 4659 1349 4732; x_wconf 87' lang='lat' dir='ltr'><strong>Honorius,</strong></span> <span class='ocrx_word' id='word_1_423' title='bbox 1383 4660 1478 4732; x_wconf 80' lang='lat' dir='ltr'><strong>etc,</strong></span> <span class='ocrx_word' id='word_1_424' title='bbox 1499 4659 1787 4739; x_wconf 78' lang='lat' dir='ltr'><strong>archipresbytero</strong></span> <span class='ocrx_word' id='word_1_425' title='bbox 1817 4663 1901 4722; x_wconf 79' lang='lat' dir='ltr'><strong>terre</strong></span> 
     </span>
     <span class='ocr_line' id='line_1_73' title="bbox 277 4756 1751 4836; baseline -0.004 -12"><span class='ocrx_word' id='word_1_426' title='bbox 277 4765 365 4824; x_wconf 92' lang='lat' dir='ltr'><strong>inter</strong></span> <span class='ocrx_word' id='word_1_427' title='bbox 380 4761 529 4821; x_wconf 91' lang='lat' dir='ltr'><strong>sanctum</strong></span> <span class='ocrx_word' id='word_1_428' title='bbox 545 4761 578 4820; x_wconf 88' lang='lat' dir='ltr'><strong>et</strong></span> <span class='ocrx_word' id='word_1_429' title='bbox 595 4759 769 4836; x_wconf 81' lang='lat' dir='ltr'><strong>profanum</strong></span> <span class='ocrx_word' id='word_1_430' title='bbox 784 4761 920 4820; x_wconf 93' lang='lat' dir='ltr'><strong>minime</strong></span> <span class='ocrx_word' id='word_1_431' title='bbox 939 4759 1069 4822; x_wconf 89' lang='lat' dir='ltr'><strong>discer-</strong></span> <span class='ocrx_word' id='word_1_432' title='bbox 1124 4759 1231 4827; x_wconf 81' lang='lat' dir='ltr'><strong>Bozae,</strong></span> <span class='ocrx_word' id='word_1_433' title='bbox 1249 4757 1282 4818; x_wconf 90' lang='lat' dir='ltr'><strong>et</strong></span> <span class='ocrx_word' id='word_1_434' title='bbox 1294 4756 1382 4820; x_wconf 82' lang='lat' dir='ltr'><strong>ultra</strong></span> <span class='ocrx_word' id='word_1_435' title='bbox 1396 4757 1524 4818; x_wconf 89' lang='lat' dir='ltr'><strong>montes</strong></span> <span class='ocrx_word' id='word_1_436' title='bbox 1535 4757 1675 4830; x_wconf 85' lang='lat' dir='ltr'><strong>nivium,</strong></span> <span class='ocrx_word' id='word_1_437' title='bbox 1688 4761 1751 4820; x_wconf 91' lang='lat' dir='ltr'><strong>etc.</strong></span> 
     </span>
    </p>

    <p class='ocr_par' dir='ltr' id='par_1_26' title="bbox 264 4852 1902 5716">
     <span class='ocr_line' id='line_1_74' title="bbox 277 4852 1900 4933; baseline -0.001 -11"><span class='ocrx_word' id='word_1_438' title='bbox 277 4859 405 4928; x_wconf 89' lang='lat' dir='ltr'><strong>nentes,</strong></span> <span class='ocrx_word' id='word_1_439' title='bbox 429 4871 490 4918; x_wconf 90' lang='lat' dir='ltr'><strong>nec</strong></span> <span class='ocrx_word' id='word_1_440' title='bbox 509 4855 665 4924; x_wconf 86' lang='lat' dir='ltr'><strong>contenti,</strong></span> <span class='ocrx_word' id='word_1_441' title='bbox 682 4857 769 4933; x_wconf 89' lang='lat' dir='ltr'><strong>quod</strong></span> <span class='ocrx_word' id='word_1_442' title='bbox 787 4856 822 4916; x_wconf 91' lang='lat' dir='ltr'><strong>in</strong></span> <span class='ocrx_word' id='word_1_443' title='bbox 839 4855 936 4917; x_wconf 91' lang='lat' dir='ltr'><strong>bonis</strong></span> <span class='ocrx_word' id='word_1_444' title='bbox 956 4871 1071 4918; x_wconf 92' lang='lat' dir='ltr'><strong>eorum</strong></span> <span class='ocrx_word' id='word_1_445' title='bbox 1166 4853 1325 4914; x_wconf 80' lang='lat' dir='ltr'><strong>(terentes</strong></span> <span class='ocrx_word' id='word_1_446' title='bbox 1341 4852 1381 4913; x_wconf 91' lang='lat' dir='ltr'><strong>de</strong></span> <span class='ocrx_word' id='word_1_447' title='bbox 1400 4853 1490 4914; x_wconf 90' lang='lat' dir='ltr'><strong>clero</strong></span> <span class='ocrx_word' id='word_1_448' title='bbox 1505 4855 1539 4916; x_wconf 86' lang='lat' dir='ltr'><strong>et</strong></span> <span class='ocrx_word' id='word_1_449' title='bbox 1559 4855 1680 4931; x_wconf 92' lang='lat' dir='ltr'><strong>populo</strong></span> <span class='ocrx_word' id='word_1_450' title='bbox 1696 4857 1795 4916; x_wconf 75' lang='lat' dir='ltr'><strong>terras</strong></span> <span class='ocrx_word' id='word_1_451' title='bbox 1808 4856 1900 4920; x_wconf 75' lang='lat' dir='ltr'><strong>Bora,</strong></span> 
     </span>
     <span class='ocr_line' id='line_1_75' title="bbox 279 4947 1902 5035; baseline -0.007 -17"><span class='ocrx_word' id='word_1_452' title='bbox 279 4952 496 5035; x_wconf 84' lang='lat' dir='ltr'><strong>prodigaliter</strong></span> <span class='ocrx_word' id='word_1_453' title='bbox 506 4952 762 5024; x_wconf 88' lang='lat' dir='ltr'><strong>debacchantur,</strong></span> <span class='ocrx_word' id='word_1_454' title='bbox 773 4953 837 5014; x_wconf 90' lang='lat' dir='ltr'><strong>nisi</strong></span> <span class='ocrx_word' id='word_1_455' title='bbox 847 4968 886 5013; x_wconf 89' lang='lat' dir='ltr'><strong>ea</strong></span> <span class='ocrx_word' id='word_1_456' title='bbox 898 4953 1068 5029; x_wconf 90' lang='lat' dir='ltr'><strong>diripiant,</strong></span> <span class='ocrx_word' id='word_1_457' title='bbox 1126 4949 1159 5011; x_wconf 90' lang='lat' dir='ltr'><strong>et</strong></span> <span class='ocrx_word' id='word_1_458' title='bbox 1172 4949 1260 5011; x_wconf 90' lang='lat' dir='ltr'><strong>ultra</strong></span> <span class='ocrx_word' id='word_1_459' title='bbox 1275 4952 1404 5012; x_wconf 89' lang='lat' dir='ltr'><strong>montes</strong></span> <span class='ocrx_word' id='word_1_460' title='bbox 1427 4951 1565 5023; x_wconf 83' lang='lat' dir='ltr'><strong>nivium,</strong></span> <span class='ocrx_word' id='word_1_461' title='bbox 1583 4953 1742 5028; x_wconf 87' lang='lat' dir='ltr'><strong>tanquam</strong></span> <span class='ocrx_word' id='word_1_462' title='bbox 1759 4953 1797 5014; x_wconf 92' lang='lat' dir='ltr'><strong>de</strong></span> <span class='ocrx_word' id='word_1_463' title='bbox 1814 4947 1902 5026; x_wconf 91' lang='lat' dir='ltr'><strong>spiri·</strong></span> 
     </span>
     <span class='ocr_line' id='line_1_76' title="bbox 280 5045 1902 5130; baseline -0.008 -14"><span class='ocrx_word' id='word_1_464' title='bbox 280 5055 317 5116; x_wconf 93' lang='lat' dir='ltr'><strong>ut</strong></span> <span class='ocrx_word' id='word_1_465' title='bbox 331 5051 516 5130; x_wconf 87' lang='lat' dir='ltr'><strong>praedones,</strong></span> <span class='ocrx_word' id='word_1_466' title='bbox 532 5049 683 5126; x_wconf 89' lang='lat' dir='ltr'><strong>aliasque</strong></span> <span class='ocrx_word' id='word_1_467' title='bbox 695 5049 842 5126; x_wconf 92' lang='lat' dir='ltr'><strong>ipsorum</strong></span> <span class='ocrx_word' id='word_1_468' title='bbox 857 5048 1027 5111; x_wconf 87' lang='lat' dir='ltr'><strong>libertates</strong></span> <span class='ocrx_word' id='word_1_469' title='bbox 1039 5052 1073 5113; x_wconf 91' lang='lat' dir='ltr'><strong>et</strong></span> <span class='ocrx_word' id='word_1_470' title='bbox 1125 5047 1270 5108; x_wconf 90' lang='lat' dir='ltr'><strong>tualibus</strong></span> <span class='ocrx_word' id='word_1_471' title='bbox 1296 5047 1391 5108; x_wconf 85' lang='lat' dir='ltr'><strong>Sedis</strong></span> <span class='ocrx_word' id='word_1_472' title='bbox 1411 5047 1609 5124; x_wconf 81' lang='lat' dir='ltr'><strong>apostoncae</strong></span> <span class='ocrx_word' id='word_1_473' title='bbox 1635 5049 1724 5122; x_wconf 85' lang='lat' dir='ltr'><strong>tiliis,</strong></span> <span class='ocrx_word' id='word_1_474' title='bbox 1740 5064 1847 5112; x_wconf 89' lang='lat' dir='ltr'><strong>curam</strong></span> <span class='ocrx_word' id='word_1_475' title='bbox 1875 5045 1902 5104; x_wconf 87' lang='lat' dir='ltr'><strong>et</strong></span> 
     </span>
     <span class='ocr_line' id='line_1_77' title="bbox 279 5141 1901 5224; baseline -0.009 -10"><span class='ocrx_word' id='word_1_476' title='bbox 279 5149 504 5215; x_wconf 90' lang='lat' dir='ltr'><strong>immunitates</strong></span> <span class='ocrx_word' id='word_1_477' title='bbox 523 5146 591 5208; x_wconf 91' lang='lat' dir='ltr'><strong>tam</strong></span> <span class='ocrx_word' id='word_1_478' title='bbox 610 5161 630 5207; x_wconf 88' lang='lat' dir='ltr'><strong>a</strong></span> <span class='ocrx_word' id='word_1_479' title='bbox 655 5145 739 5206; x_wconf 88' lang='lat' dir='ltr'><strong>Sede</strong></span> <span class='ocrx_word' id='word_1_480' title='bbox 752 5147 952 5222; x_wconf 74' lang='lat' dir='ltr'><strong>apostolice,</strong></span> <span class='ocrx_word' id='word_1_481' title='bbox 973 5163 1071 5224; x_wconf 84' lang='lat' dir='ltr'><strong>quam</strong></span> <span class='ocrx_word' id='word_1_482' title='bbox 1126 5143 1382 5204; x_wconf 84' lang='lat' dir='ltr'><strong>sollicttudinem</strong></span> <span class='ocrx_word' id='word_1_483' title='bbox 1412 5145 1602 5220; x_wconf 88' lang='lat' dir='ltr'><strong>specialem,</strong></span> <span class='ocrx_word' id='word_1_484' title='bbox 1628 5147 1661 5208; x_wconf 92' lang='lat' dir='ltr'><strong>te</strong></span> <span class='ocrx_word' id='word_1_485' title='bbox 1689 5147 1771 5224; x_wconf 89' lang='lat' dir='ltr'><strong>ipsis</strong></span> <span class='ocrx_word' id='word_1_486' title='bbox 1791 5141 1901 5222; x_wconf 86' lang='lat' dir='ltr'><strong>praedci</strong></span> 
     </span>
     <span class='ocr_line' id='line_1_78' title="bbox 280 5241 1899 5326; baseline -0.009 -14"><span class='ocrx_word' id='word_1_487' title='bbox 280 5245 519 5326; x_wconf 91' lang='lat' dir='ltr'><strong>aprincipibus</strong></span> <span class='ocrx_word' id='word_1_488' title='bbox 532 5242 596 5304; x_wconf 89' lang='lat' dir='ltr'><strong>sibi</strong></span> <span class='ocrx_word' id='word_1_489' title='bbox 607 5257 793 5314; x_wconf 90' lang='lat' dir='ltr'><strong>concessas,</strong></span> <span class='ocrx_word' id='word_1_490' title='bbox 807 5243 997 5320; x_wconf 85' lang='lat' dir='ltr'><strong>frequenter</strong></span> <span class='ocrx_word' id='word_1_491' title='bbox 1008 5244 1073 5304; x_wconf 93' lang='lat' dir='ltr'><strong>im·</strong></span> <span class='ocrx_word' id='word_1_492' title='bbox 1126 5241 1264 5302; x_wconf 83' lang='lat' dir='ltr'><strong>fecimus</strong></span> <span class='ocrx_word' id='word_1_493' title='bbox 1279 5241 1313 5301; x_wconf 95' lang='lat' dir='ltr'><strong>in</strong></span> <span class='ocrx_word' id='word_1_494' title='bbox 1337 5241 1661 5319; x_wconf 86' lang='lat' dir='ltr'><strong>archipresbyterum</strong></span> <span class='ocrx_word' id='word_1_495' title='bbox 1686 5244 1720 5306; x_wconf 91' lang='lat' dir='ltr'><strong>et</strong></span> <span class='ocrx_word' id='word_1_496' title='bbox 1743 5245 1899 5308; x_wconf 89' lang='lat' dir='ltr'><strong>rectorem,</strong></span> 
     </span>
     <span class='ocr_line' id='line_1_79' title="bbox 281 5337 1900 5425; baseline -0.009 -17"><span class='ocrx_word' id='word_1_497' title='bbox 281 5346 445 5425; x_wconf 78' lang='lat' dir='ltr'><strong>pugnent3</strong></span> <span class='ocrx_word' id='word_1_498' title='bbox 487 5339 702 5402; x_wconf 90' lang='lat' dir='ltr'><strong>serenitatem</strong></span> <span class='ocrx_word' id='word_1_499' title='bbox 740 5341 884 5402; x_wconf 82' lang='lat' dir='ltr'><strong>vestram</strong></span> <span class='ocrx_word' id='word_1_500' title='bbox 925 5341 1071 5416; x_wconf 80' lang='lat' dir='ltr'><strong>rogando</strong></span> <span class='ocrx_word' id='word_1_501' title='bbox 1128 5339 1163 5399; x_wconf 92' lang='lat' dir='ltr'><strong>ut</strong></span> <span class='ocrx_word' id='word_1_502' title='bbox 1173 5354 1274 5414; x_wconf 80' lang='lat' dir='ltr'><strong>quum</strong></span> <span class='ocrx_word' id='word_1_503' title='bbox 1287 5339 1601 5414; x_wconf 35' lang='lat' dir='ltr'><strong>praetervRomanum</strong></span> <span class='ocrx_word' id='word_1_504' title='bbox 1610 5341 1800 5402; x_wconf 78' lang='lat' dir='ltr'><strong>Pontificem</strong></span> <span class='ocrx_word' id='word_1_505' title='bbox 1811 5337 1900 5398; x_wconf 89' lang='lat' dir='ltr'><strong>alium</strong></span> 
     </span>
     <span class='ocr_line' id='line_1_80' title="bbox 264 5434 1902 5515; baseline -0.008 -10"><span class='ocrx_word' id='word_1_506' title='bbox 264 5455 463 5510; x_wconf 86' lang='lat' dir='ltr'><strong>¹monemus,</strong></span> <span class='ocrx_word' id='word_1_507' title='bbox 489 5439 522 5500; x_wconf 90' lang='lat' dir='ltr'><strong>et</strong></span> <span class='ocrx_word' id='word_1_508' title='bbox 550 5439 723 5500; x_wconf 89' lang='lat' dir='ltr'><strong>hortamur</strong></span> <span class='ocrx_word' id='word_1_509' title='bbox 747 5438 883 5509; x_wconf 89' lang='lat' dir='ltr'><strong>attente,</strong></span> <span class='ocrx_word' id='word_1_510' title='bbox 909 5439 1072 5515; x_wconf 88' lang='lat' dir='ltr'><strong>quatenus</strong></span> <span class='ocrx_word' id='word_1_511' title='bbox 1127 5436 1301 5512; x_wconf 74' lang='lat' dir='ltr'><strong>prelatum</strong></span> <span class='ocrx_word' id='word_1_512' title='bbox 1325 5449 1391 5496; x_wconf 91' lang='lat' dir='ltr'><strong>non</strong></span> <span class='ocrx_word' id='word_1_513' title='bbox 1415 5434 1572 5509; x_wconf 88' lang='lat' dir='ltr'><strong>habeant,</strong></span> <span class='ocrx_word' id='word_1_514' title='bbox 1596 5436 1638 5498; x_wconf 90' lang='lat' dir='ltr'><strong>ad</strong></span> <span class='ocrx_word' id='word_1_515' title='bbox 1655 5438 1688 5499; x_wconf 90' lang='lat' dir='ltr'><strong>te</strong></span> <span class='ocrx_word' id='word_1_516' title='bbox 1705 5435 1828 5514; x_wconf 89' lang='lat' dir='ltr'><strong>possint</strong></span> <span class='ocrx_word' id='word_1_517' title='bbox 1849 5434 1902 5493; x_wconf 87' lang='lat' dir='ltr'><strong>ha-</strong></span> 
     </span>
     <span class='ocr_line' id='line_1_81' title="bbox 282 5531 1901 5614; baseline -0.007 -13"><span class='ocrx_word' id='word_1_518' title='bbox 282 5539 434 5602; x_wconf 86' lang='lat' dir='ltr'><strong>abbatem</strong></span> <span class='ocrx_word' id='word_1_519' title='bbox 471 5537 504 5598; x_wconf 89' lang='lat' dir='ltr'><strong>et</strong></span> <span class='ocrx_word' id='word_1_520' title='bbox 530 5535 728 5598; x_wconf 88' lang='lat' dir='ltr'><strong>conventum</strong></span> <span class='ocrx_word' id='word_1_521' title='bbox 750 5534 926 5614; x_wconf 76' lang='lat' dir='ltr'><strong>praedictos</strong></span> <span class='ocrx_word' id='word_1_522' title='bbox 947 5533 1072 5594; x_wconf 90' lang='lat' dir='ltr'><strong>habens</strong></span> <span class='ocrx_word' id='word_1_523' title='bbox 1126 5531 1205 5593; x_wconf 93' lang='lat' dir='ltr'><strong>bere</strong></span> <span class='ocrx_word' id='word_1_524' title='bbox 1221 5547 1405 5604; x_wconf 89' lang='lat' dir='ltr'><strong>recursum,</strong></span> <span class='ocrx_word' id='word_1_525' title='bbox 1418 5547 1477 5609; x_wconf 93' lang='lat' dir='ltr'><strong>pro</strong></span> <span class='ocrx_word' id='word_1_526' title='bbox 1492 5533 1729 5610; x_wconf 69' lang='lat' dir='ltr'><strong>questionibus</strong></span> <span class='ocrx_word' id='word_1_527' title='bbox 1746 5545 1901 5608; x_wconf 80' lang='lat' dir='ltr'><strong>emergen-</strong></span> 
     </span>
     <span class='ocr_line' id='line_1_82' title="bbox 283 5625 1900 5716; baseline -0.008 -18"><span class='ocrx_word' id='word_1_528' title='bbox 283 5633 480 5716; x_wconf 89' lang='lat' dir='ltr'><strong>propensius</strong></span> <span class='ocrx_word' id='word_1_529' title='bbox 502 5633 760 5704; x_wconf 87' lang='lat' dir='ltr'><strong>commendatos,</strong></span> <span class='ocrx_word' id='word_1_530' title='bbox 784 5632 910 5708; x_wconf 90' lang='lat' dir='ltr'><strong>ipsosa</strong></span> <span class='ocrx_word' id='word_1_531' title='bbox 932 5645 1069 5708; x_wconf 88' lang='lat' dir='ltr'><strong>perver·</strong></span> <span class='ocrx_word' id='word_1_532' title='bbox 1127 5629 1215 5692; x_wconf 88' lang='lat' dir='ltr'><strong>tibus</strong></span> <span class='ocrx_word' id='word_1_533' title='bbox 1250 5629 1338 5691; x_wconf 91' lang='lat' dir='ltr'><strong>inter</strong></span> <span class='ocrx_word' id='word_1_534' title='bbox 1371 5645 1449 5700; x_wconf 89' lang='lat' dir='ltr'><strong>eos,</strong></span> <span class='ocrx_word' id='word_1_535' title='bbox 1481 5631 1624 5710; x_wconf 84' lang='lat' dir='ltr'><strong>aliisque</strong></span> <span class='ocrx_word' id='word_1_536' title='bbox 1658 5631 1818 5703; x_wconf 79' lang='lat' dir='ltr'><strong>articulis,</strong></span> <span class='ocrx_word' id='word_1_537' title='bbox 1853 5625 1900 5703; x_wconf 82' lang='lat' dir='ltr'><strong>qui</strong></span> 
     </span>
    </p>
   </div>
   <div class='ocr_carea' id='block_1_23' title="bbox 0 0 1989 6324">
    <p class='ocr_par' dir='ltr' id='par_1_27' title="bbox 0 0 1989 6324">
     <span class='ocr_line' id='line_1_83' title="bbox 0 0 1989 6324; baseline 0 0"><span class='ocrx_word' id='word_1_538' title='bbox 0 0 1989 6324; x_wconf 95' lang='lat' dir='ltr'><strong> </strong></span> 
     </span>
    </p>
   </div>
  </div>
 </body>
</html>
