4104 6330
315 359 372 422 tat
937 357 1113 420 HONORll
1135 359 1182 418 111
1202 358 1354 458 crana,
1900 360 1960 422 1³2

313 516 464 582 crederet
490 517 689 590 evocandos,
712 517 956 580 communicato
977 529 1108 596 qunque
1202 518 1422 580 sacrosancta
1438 519 1588 580 Romana
1607 517 1757 580 Ecclesia
1777 519 1914 582 devotos
1928 521 1962 582 et

313 615 448 680 illorum
462 616 495 678 et
515 617 657 678 aliorum
682 617 880 693 prudentum
902 615 1053 686 consilio,
1078 615 1108 678 si
1163 613 1306 678 humiles
1328 615 1417 677 ‘tilios
1444 630 1487 677 ex
1511 616 1677 678 consueto
1696 617 1829 694 pietatis
1850 616 1960 680 cilicio

308 701 481 777 *constaret
494 713 612 785 eidem,
628 713 824 789 computatis
844 713 1004 774 canonice
1024 727 1108 790 gra·-
1163 713 1362 789 propensius
1389 713 1528 790 diligere
1551 715 1734 782 consuevit,
1760 715 1793 776 et
1817 729 1861 776 na
1881 729 1962 792 pra·

312 810 409 873 dibus
422 813 455 873 at
469 810 1109 888 distinctis,quodpraedietirlretuxor
1162 825 1280 871 vorum
1307 809 1477 871 hominum
1506 811 1668 872 molastlls
1695 811 1872 888 agitentur,
1901 827 1959 873 eos

311 909 348 972 in
362 909 469 984 gradu
483 907 547 971 sibi
555 908 723 985 prohibito
732 908 923 980 attinerent,
934 923 1035 985 super
1044 907 1108 969 hoo
1162 908 1319 982 tanquam
1335 907 1391 984 pia
1406 909 1511 970 mator
1535 923 1604 969 suae
1620 907 1837 985 protectionis
1849 910 1961 970 muni-

311 1005 448 1079 taceret,
464 1007 563 1083 prout
579 1007 761 1067 secundum
776 1009 879 1067 Deum
905 995 1110 1083 prospiceret
1163 1003 1252 1064 mine
1267 1003 1454 1066 confovere.
1480 1007 1523 1066 Ea
1544 1007 1690 1082 propter,
1714 1006 1827 1068 dilecti
1839 1007 1874 1068 in
1890 1009 1959 1068 Do-

311 1103 480 1180 expedire.
499 1105 586 1165 Sane
598 1119 699 1181 quum
713 1103 908 1180 procurator
921 1103 1027 1180 ipsius
1041 1117 1107 1163 no·-
1162 1100 1253 1162 mino
1275 1101 1347 1173 dlii,
1364 1102 1485 1163 vestris
1501 1103 1602 1180 justis
1616 1102 1772 1179 precibus
1793 1103 1957 1172 inclinati,

312 1200 402 1274 bilis,
415 1217 489 1264 cum
500 1199 783 1263 obtentlsanohis
793 1215 894 1278 super
908 1200 972 1261 hoo
986 1199 1108 1262 litteris
1162 1213 1322 1274 personas
1337 1199 1465 1260 vestras
1489 1199 1521 1261 et
1548 1200 1669 1271 locum,
1697 1201 1733 1262 in
1758 1217 1821 1278 quo
1846 1201 1959 1264 divino

311 1299 487 1370 remearet,
518 1298 676 1375 quoniam
702 1298 744 1358 ad
776 1298 921 1374 legatum
956 1297 1107 1359 eumdem
1161 1295 1243 1358 estls
1272 1294 1431 1373 obsequio
1458 1297 1667 1374 mancipati,
1701 1314 1776 1360 oum
1805 1299 1959 1362 omuibus

310 1395 482 1473 applicuit,
494 1411 569 1456 cum
583 1395 619 1456 in
634 1395 755 1458 itinere
781 1395 866 1456 toret
891 1395 934 1456 ad
958 1395 1107 1456 nostram
1161 1391 1268 1464 honis,
1283 1409 1357 1469 quae
1380 1394 1690 1472 inpresentiarum
1714 1395 1959 1458 rationabiliter

310 1493 523 1570 praesentiam
534 1492 706 1564 redeundi,
719 1492 761 1554 ad
770 1508 831 1554 nos
844 1491 966 1554 intacto
974 1491 1107 1567 negotio
1162 1489 1349 1566 possidetis,
1373 1493 1431 1553 aut
1455 1493 1490 1554 lu
1512 1491 1671 1562 futurum,
1688 1494 1867 1570 praestante
1886 1497 1956 1555 Do-

310 1589 431 1654 tterum
455 1591 507 1652 est
527 1605 692 1663 reversus,
716 1590 912 1668 suppliciter
935 1589 1106 1667 postulans
1162 1587 1262 1658 mino,
1278 1587 1379 1664 justis
1403 1589 1509 1650 modis
1545 1590 1696 1666 poteritis
1722 1591 1873 1670 adipisci,
1897 1592 1957 1654 sub

309 1688 344 1752 at
356 1688 528 1750 humiliter
553 1703 591 1749 ac
613 1687 776 1750 instanter
799 1699 993 1764 exposcens,
1013 1686 1107 1749 utne
1161 1683 1348 1746 heatiPetri
1362 1685 1518 1746 etnostra
1531 1687 1955 1765 protectionesusciplmns3

309 1783 524 1848 sustinuisset
533 1785 568 1846 in
577 1784 925 1857 raouumtotlahores,
938 1783 1107 1860 negotium
1161 1781 1352 1858 specialiter
1361 1783 1471 1845 autem
1482 1783 1523 1844 de
1535 1785 1718 1861 inningen,
1732 1785 1773 1847 de
1787 1785 1958 1863 Synrlrau·

308 1882 418 1959 ipsum
441 1879 527 1944 viris
550 1881 703 1945 discretis
718 1882 924 1944 committere
947 1881 1106 1957 dignars-
1161 1893 1220 1940 sen
1238 1881 1273 1940 et
1295 1879 1336 1941 do
1351 1881 1591 1942 Purolhausen
1606 1883 1639 1944 et
1667 1883 1708 1944 de
1736 1883 1957 1960 Ghynhmsen

308 1981 477 2044 munitm
492 1978 1107 2044 autemlicettarorsmatrlmonlilrac
1162 1975 1321 2038 ecclesias
1334 1993 1408 2038 cum
1425 1993 1541 2040 earum
1562 1980 1783 2056 pertinentiis,
1801 1995 1882 2058 quas
1898 1997 1958 2043 ve·
2040 2023 2041 2026 ,

307 2077 395 2140 sicut
409 2076 476 2138 alia
497 2077 570 2138 vioe
593 2076 745 2138 difficiles
765 2075 961 2152 aliquandiu
986 2074 1108 2136 misse·
1161 2071 1322 2136 natabilis
1345 2075 1449 2137 irater
1477 2077 1594 2138 noster
1621 2077 1796 2154 episcopus
1823 2078 1957 2140 Frisiu-

308 2185 394 2246 mus‚
411 2167 453 2236 na
465 2174 576 2236 tamen
591 2173 979 2250 negaremusjnstitiam,
991 2173 1026 2233 in
1041 2187 1106 2249 qna
1161 2172 1286 2246 gensis,
1301 2171 1341 2234 de
1359 2173 1500 2250 capituli
1518 2173 1572 2234 sui
1589 2189 1767 2247 consensu,
1784 2175 1840 2252 pia
1862 2176 1956 2239 robis

308 2283 424 2340 sumus
447 2270 599 2334 omnibus
630 2269 814 2344 debitores,
846 2271 882 2333 et
907 2285 1007 2348 quam
1032 2269 1106 2331 fleri
1161 2269 1195 2330 et
1221 2269 1359 2345 provida
1385 2269 1586 2333 liberalitate
1610 2273 1786 2346 concessit,
1811 2289 1872 2335 nso
1891 2289 1956 2335 non

307 2383 410 2446 super
423 2368 488 2430 hoc
506 2369 704 2444 procurator
724 2369 799 2445 ipse
820 2368 978 2431 attentius
992 2369 1107 2444 postu·-
1160 2364 1229 2428 alia
1250 2365 1337 2430 bona
1352 2369 1474 2440 restra
1502 2369 1589 2430 sicut
1609 2380 1649 2430 ea
1674 2370 1786 2432 omnia
1805 2373 1897 2447 juste
1917 2387 1956 2434 ac

207 2515 212 2522 ,
308 2465 409 2538 labat,
440 2464 642 2528 matemltati
669 2467 792 2528 restrae
816 2466 850 2527 in
878 2466 1001 2528 virtute
1027 2466 1107 2526 one-
1161 2463 1956 2544 pacificepossidetisvohis,otperrosecclesiae
2040 2503 2041 2532 1

309 2561 443 2626 dientise
472 2562 623 2625 districte
645 2563 870 2640 praecipiendo
896 2563 1104 2635 mandamus,
1160 2563 1952 2641 vestrae,auetontateapostouoaconurmamus.
2040 2593 2041 2598 ¹

309 2661 472 2738 quatenus
485 2659 633 2722 habituri
655 2677 724 2736 pras
737 2661 843 2724 oculis
867 2661 1103 2732 solum'lleum,
1160 2658 1954 2739 etpraesentisscriptipatrooiniocommunimus.

309 2758 342 2822 at
351 2757 514 2820 reddituri
528 2757 568 2820 da
587 2757 650 2820 hoo
666 2759 700 2819 in
715 2758 769 2820 die
783 2758 925 2820 districti
940 2757 1105 2819 examinis
1160 2755 1251 2818 Nulli
1276 2770 1355 2832 ergo
1381 2758 1517 2820 omnino
1545 2757 1717 2819 hominum
1742 2759 1844 2822 liceat
1869 2759 1956 2821 hanc

308 2855 483 2928 rationem,
507 2855 874 2933 convocatisepisoopts
888 2855 1008 2918 etaliis
1021 2854 1104 2918 siris
1159 2853 1315 2928 paginam
1341 2854 1464 2916 rosum
1483 2855 1698 2932 protectionis
1717 2858 1750 2918 et
1773 2857 1955 2918 confirma·
2040 2935 2041 2938 Ἴ

307 2953 469 3025 honestis,
484 2968 567 3032 quos
581 2952 732 3014 videritis
751 2953 948 3024 evocandos
960 2953 1104 3014 audiatis
1158 2949 1259 3012 tionis
1274 2949 1468 3025 intrinrera
1480 2953 1534 3014 vol
1548 2953 1580 3014 ei
1591 2967 1676 3014 ausu
1684 2953 1864 3016 temerario
1876 2971 1956 3016 oon-

308 3050 486 3112 eausamin
499 3066 563 3128 qua
572 3051 745 3113 cumomni
759 3047 1104 3128 circumspectionaac
1158 3047 1271 3112 tratre.
1283 3049 1318 3110 Si
1327 3049 1401 3125 quis
1412 3049 1594 3111 autemhoc
1604 3051 1769 3113 attentare
1778 3067 1956 3128 praesump·
2040 3061 2041 3100 1

308 3145 481 3223 diligentia
496 3149 698 3224 processuri,
716 3147 800 3208 nihil
816 3163 961 3224 unquam
974 3149 1014 3208 de
1029 3163 1105 3209 con·
1159 3145 1254 3216 serit,
1283 3144 1545 3222 indignationem
1575 3148 1812 3224 omnipotentis
1838 3149 1898 3210 Dei
1924 3149 1955 3211 et

306 3245 511 3321 tingentibus
526 3245 717 3317 omittendo,
745 3248 781 3306 ut
808 3245 1043 3307 circumveniri
1072 3247 1104 3308 et
1157 3241 1331 3304 beatorum
1350 3243 1490 3306 Petriet
1512 3245 1609 3306 Pauli
1635 3246 1859 3321 apostolorum
1884 3249 1954 3324 ejus
2040 3243 2041 3254 ’

306 3341 693 3418 tandemredargulnon
719 3339 862 3419 possitis.
884 3343 964 3402 Cum
983 3341 1103 3420 hujus·-
1158 3351 1194 3400 sc
1225 3340 1356 3404 norerlt
1386 3341 1608 3404 incursurum.
1633 3343 1753 3404 Datum
1781 3345 1952 3420 Anagnia,

307 3440 396 3501 modi
421 3439 542 3501 sactum
573 3453 616 3500 ex
647 3439 757 3500 causis
782 3437 991 3516 quibusdam,
1021 3457 1103 3518 quas
1159 3439 1189 3498 11
1204 3436 1364 3502 kalendas
1379 3440 1507 3517 aprilis,
1524 3439 1736 3518 pontificatus
1748 3441 1854 3506 nostri
1865 3457 1952 3504 anno
2040 3475 2041 3482 κ

307 3537 507 3610 audivimus,
524 3552 590 3599 non
612 3537 784 3601 valeamus
799 3551 866 3599 nou
884 3537 1007 3600 hahere
1029 3554 1105 3600 sus·
1159 3533 1264 3598 sexto.

306 3637 450 3714 pactum,
463 3651 538 3698 cum
553 3651 604 3708 ea,
619 3651 683 3712 qua
699 3636 804 3708 decet,
820 3635 1011 3698 maturitate
1022 3652 1104 3699 oon·
1330 3623 1333 3637 '

306 3733 385 3806 silii,
398 3731 621 3811 appellatione
635 3734 830 3812 postposita,
852 3733 997 3808 faciatis,
1016 3735 1102 3814 quod

306 3831 487 3894 secundum
499 3805 1103 3895 neumatannnarumsalutem'fuerlt
1475 3853 1634 3946 CLVIII

306 3928 506 3994 faciendum.
523 3928 615 4002 Quod
632 3927 661 3988 si
685 3943 752 3990 non
778 3945 893 3990 omnes
918 3928 971 3989 his
1000 3945 1101 3991 exse·
2040 3967 2041 4012 ;

306 4025 446 4103 quandia
461 4025 635 4101 potueritis
662 4026 836 4097 interesse,
864 4026 899 4087 tu
924 4041 976 4098 ea,
999 4025 1104 4087 irater
1157 4006 1613 4069 AdMabillamabbalsssam
1622 4010 1951 4075 monasteriiSaactt
2040 4015 2041 4042 *

306 4118 898 4200 archiepiscopicumeorumaltero‚
910 4123 1101 4186 stenelum
1197 4104 1328 4164 σθω
1342 4104 1911 4182 άθΤαὶῐῑαθθίῑΜῘᾶδααθδθνθνθδ·

305 4221 477 4296 anagniae,
495 4221 541 4280 ill
563 4219 723 4281 kalendas
743 4221 871 4297 aprilis,
889 4220 1101 4298 pontificatus
1442 4241 1569 4315 sappiri,
1584 4245 1663 4303 litt.

307 4318 414 4382 nostrl
429 4331 517 4379 anno
537 4319 642 4379 sexto.
1281 4361 1479 4438 [catinensi.
1495 4365 1581 4418 assat.
1598 4365 1706 4431 cassin,
1719 4369 1750 4428 11,
1760 4369 1829 4434 soa]

1156 4489 1360 4548 monasterium
1374 4488 1442 4548 illud
1462 4489 1516 4548 sub
1530 4489 1607 4550 beati
1622 4494 1698 4550 Petri
1718 4501 1746 4552 et
1767 4511 1821 4554 sua
1847 4503 1952 4569 proteo
2040 4447 2041 4472 ἰ

637 4619 776 4708 CLVII
1447 4578 1662 4654 tionesuscipn.

530 4775 536 4786 .
1197 4700 1870 4782 Honoriusepiscopus‚servusservornm
1881 4711 1949 4782 Dei,
2040 4689 2041 4736 ³

308 4775 361 4836 Aa
385 4772 611 4850 maeosztam
635 4771 668 4834 ⁰⁶
688 4773 876 4846 cananum
898 4773 1017 4834 sanae
1036 4773 1103 4836 Vsa
1157 4801 1950 4870 ariacasincaustocliauusuaninaeamaossae
2040 4793 2041 4870 ἕ

581 4870 826 4946 Fmimmss‘
1157 4899 1350 4960 monasterii
1366 4901 1397 4960 S.
1416 4899 1542 4962 cosmae
1558 4901 1598 4962 de
1621 4903 1829 4978 Talliacotio,
1860 4907 1950 4984 ejus-

587 5007 619 5066 tl
635 5007 730 5066 martti
742 5007 822 5067 1222,
1158 5011 1220 5074 que
1235 4995 1487 5059 sororibustam
1509 4999 1728 5076 praesentibus
1744 5017 1843 5082 quam
1862 5001 1950 5064 tutu·
2040 5031 2041 5062 3

385 5129 573 5200 messiones,
588 5129 1026 5199 naseasseptingentesima]
1157 5093 1215 5164 ris,
1246 5093 1434 5170 regularem
1461 5093 1565 5158 vitam
1590 5096 1949 5180 lf⁰s⁰⁸³1⁸issl0rllt·
2040 5129 2041 5182 1

308 5260 365 5320 Sub
378 5259 455 5318 beuti
465 5257 541 5316 Petrl
554 5264 583 5316 et
593 5271 644 5316 sus
659 5258 834 5330 protectione
844 5258 996 5316 ecclesiam
1005 5259 1103 5318 Sancti
1156 5191 1261 5254 tuum‘

370 5349 398 5361 ,,
562 5346 568 5360 ,
700 5345 707 5356 ,
894 5346 899 5359 ,
1042 5347 1076 5360 ,,
1198 5289 1358 5360 Quotiens
1374 5289 1601 5354 illudanohis
1616 5294 1748 5369 petitur,
1771 5296 1856 5373 quod
1871 5297 1949 5358 reli-

345 5351 400 5410 Vni
411 5361 477 5406 cum
492 5346 624 5406 omnibus
641 5345 734 5416 bonas,
745 5360 809 5418 quae
823 5345 959 5419 possidet,
972 5354 1100 5424 suscipit.

1156 5385 1248 5462 gionl
1278 5387 1310 5450 st
1340 5388 1507 5450 honestati
1533 5391 1710 5452 conventre
1734 5391 1945 5470 dignoscitur,

346 5482 515 5546 Honorius
551 5481 742 5559 episcopus,
777 5495 894 5544 servus
928 5497 1100 5545 servorum
1156 5485 1267 5546 animo
1283 5499 1345 5545 nos
1360 5483 1779 5562 decetlibentioonoedere‚
1794 5491 1948 5569 etpeten-

307 5581 377 5652 Dei,
408 5578 537 5642 dilectis
571 5575 650 5644 tiliis
682 5575 860 5656 praeposito
891 5581 924 5640 et
955 5579 1100 5656 capitulo
1154 5582 1236 5644 tium
1258 5581 1432 5643 desideriis
1460 5597 1642 5660 congruum
1665 5583 1860 5664 suffragium
1881 5590 1945 5650 im-

309 5678 423 5744 Sanoti
437 5676 505 5740 Viti
522 5675 755 5752 Frisingensls,
775 5675 926 5746 salutem,
943 5677 1006 5738 etc.
1155 5679 1282 5756 pertiri.
1304 5681 1496 5757 Eapropter,
1511 5681 1639 5744 dilectae
1655 5682 1689 5744 in
1704 5685 1843 5748 Domino
1859 5685 1942 5758 tilia,
