4036 6330
1491 261 1528 288 l

239 323 298 387 691
428 257 431 280 '
570 378 582 401 ,
856 321 1032 384 uoNotttl
1053 323 1099 384 III
1121 321 1267 383 OPERA.
1829 323 1882 384 692

242 483 342 546 tatem
362 481 509 544 omnium
534 497 608 559 quae
634 481 727 558 gesta
752 479 877 544 luerint
900 481 935 543 in
960 481 1035 558 ipso
1093 480 1275 544 redditibus
1286 480 1482 543 alienatisin
1492 480 1598 559 ipsius
1611 481 1775 558 regianon
1786 481 1883 544 modi-
1973 481 1974 484 ’

241 579 406 656 colloquio
445 577 541 640 nohis
583 577 724 640 fideliter
750 578 943 640 rescribatis
974 576 1034 658 (1).
1092 593 1165 638 cam
1191 578 1372 640 lesionem.
1397 577 1491 640 Unde
1502 595 1564 639 nos
1584 578 1648 657 ipsi
1663 578 1776 640 comiti
1789 579 1881 640 dedi-

242 674 388 756 (Absque
404 675 473 738 ulla
487 675 645 753 temporis
660 673 767 755 uota.)
1092 691 1164 735 mus
1179 673 1226 754 (9)
1238 676 1272 736 in
1284 675 1468 752 praeceptis,
1484 676 1529 748 ut,
1543 676 1722 738 restituens
1736 677 1800 754 ipsi
1815 678 1882 754 regi

1093 788 1241 834 sororem
1262 789 1356 833 suam
1383 789 1457 834 cum
1472 773 1605 835 civitate
1625 774 1748 835 etaliis
1764 789 1882 849 supra·
1978 813 1979 816 κ

1093 870 1201 941 dictis,
1217 885 1278 931 nec
1293 885 1360 932 non
1375 887 1449 932 cum
1462 870 1624 932 fructibus
1639 888 1722 948 quos
1735 885 1885 947 percepe-
1980 904 1981 966 p

610 980 671 1066 ΠΙ
1092 968 1144 1029 rat
1155 983 1198 1028 ex
1217 967 1352 1039 eisdam,
1365 983 1432 1028 non
1448 967 1639 1030 molestaret
1652 969 1760 1044 ipsum
1775 983 1885 1043 regem

824 1131 830 1144 ‚
1092 1064 1145 1124 vel
1160 1064 1312 1124 homines
1327 1080 1417 1134 suos,
1434 1080 1495 1126 nec
1510 1065 1650 1126 subditis
1659 1066 1730 1126 suis
1740 1066 1793 1126 vel
1805 1081 1887 1126 com·

309 1134 363 1193 Ad
374 1131 629 1242 Xamomnffem
639 1132 971 1226 a⁰L⁶m⁰v²⁶3,n⁸em
1094 1160 1234 1238 plicibus
1254 1161 1425 1222 molestari
1441 1162 1576 1232 sineret,
1591 1161 1707 1222 dantes
1722 1161 1816 1222 vobis
1829 1177 1886 1237 per

508 1241 693 1302 epwwpffl’
710 1227 772 1287 εἶθ·
1093 1257 1226 1318 nostras
1246 1257 1375 1319 litteras
1403 1257 1437 1318 in
1462 1257 1626 1319 mandatis
1650 1259 1696 1329 ut,
1721 1257 1751 1317 si
1782 1257 1886 1319 dietus

525 1357 670 1430 tangus.
688 1355 766 1412 ml.
1094 1371 1204 1416 comes
1231 1355 1381 1416 nostrum
1400 1355 1586 1432 negligeret
1600 1355 1784 1431 adimplere
1798 1371 1885 1432 prte-

323 1479 459 1545 [Bouqnet,
477 1477 579 1530 Racucil
597 1479 640 1528 des
656 1479 759 1536 Hister,
776 1477 843 1536 XIX,
862 1491 888 1541 p.
903 1475 958 1526 tor.
1095 1455 1236 1528 ceptum,
1249 1453 1425 1528 V⁰Sipsum
1439 1455 1471 1513 et
1482 1455 1555 1529 ejus
1570 1452 1750 1528 COmPlices
1766 1467 1806 1512 ³⁰
1817 1452 1889 1512 sau·

474 1559 585 1620 negast„
596 1557 642 1608 nu.
656 1559 699 1617 tn,
714 1573 755 1622 ap.
767 1557 804 1622 u]
1093 1550 1183 1610 tores
1207 1549 1247 1610 ad
1271 1549 1514 1611 restituendum
1531 1549 1596 1626 ipsi
1615 1550 1687 1626 regi
1702 1548 1817 1610 omnia
1834 1565 1889 1610 su·

243 1663 452 1724 nintdentttus
472 1665 595 1722 ilenrico
614 1665 726 1738 Angliae
741 1669 850 1735 regeet
867 1663 989 1733 lingone
1005 1660 1040 1717 de
1094 1646 1256 1723 predicta,
1285 1649 1318 1708 θῑ
1341 1647 1382 1708 ἃᾶ
1407 1646 1632 1708 desistendum
1660 1662 1680 1707 a
1712 1646 1889 1707 vexatione

278 1753 437 1821 beriniaco,
447 1753 600 1826 qularagis
614 1767 739 1810 somrem
756 1751 809 1808 sibi
824 1751 891 1808 olim
903 1763 1039 1822 sponsam
1095 1743 1201 1818 ipsius
1216 1743 1453 1821 hominumque
1468 1759 1613 1815 suorum,
1626 1758 1889 1819 perexcommu-
1989 1773 1990 1776 π

279 1855 372 1914 neone
384 1849 482 1914 postea
498 1837 1041 1912 ductamuxorcmllugceumdoteta·
1095 1840 1295 1901 nicationem
1333 1841 1368 1900 in
1401 1855 1561 1917 personas
1600 1841 1633 1900 et
1661 1839 1831 1901 interdicti
1855 1839 1888 1899 in

277 1943 345 1987 men
370 1926 524 1996 detinebat,
550 1926 667 1986 1118ssde
687 1927 830 1999 episeopis
854 1925 997 1982 Honorius
1010 1926 1041 1980 ul
1094 1937 1201 2000 tel-pas
1225 1935 1304 2018 (10),
1322 1938 1544 2016 appellatione
1563 1936 1760 2014 postposita,
1787 1951 1887 2012 0080..
1991 1955 1992 1962 ¹

277 2018 430 2088 lingonum
446 2017 546 2076 iterata
557 2016 699 2079 sententia
710 2015 883 2087 compellant
897 2013 932 2072 ad
945 2013 1041 2076 duem
1095 2033 1188 2096 retis,

281 2104 495 2164 '⁰⁸²¹wefldflffl·
1135 2133 1250 2205 Nuper
1269 2132 1379 2192 autem
1407 2131 1493 2192 idem
1519 2147 1581 2192 rex
1598 2130 1694 2195 nobis
1718 2131 1889 2192 insinuare

285 2230 452 2290 Honorius
465 2229 690 2305 episcopus...,
706 2227 953 2290 venerabilibus
971 2227 1041 2286 lra—
1096 2229 1226 2290 curavit
1246 2228 1345 2306 quod,
1358 2228 1437 2290 licet
1457 2228 1498 2290 ad
1517 2228 1647 2305 tempus
1661 2227 1890 2304 supersederi·
1995 2228 1996 2258 l

244 2325 350 2387 tribus
379 2327 604 2387 xanctonensi
629 2325 676 2404 (2)
699 2327 732 2386 et
747 2323 975 2386 Lemovicensi
993 2320 1040 2402 (3)
1095 2324 1139 2386 tis
1153 2325 1259 2386 nostri
1269 2325 1459 2388 executioni
1471 2325 1617 2389 mandati
1629 2325 1670 2385 de
1681 2323 1889 2402 beneplacito
1996 2317 1997 2340 ¹

245 2424 422 2499 episcopis,
438 2423 470 2483 et
490 2423 610 2484 dilecto
635 2422 703 2484 filio
723 2423 849 2484 decano
870 2421 1043 2495 Burdega-
1096 2425 1179 2499 ejus,
1192 2421 1365 2498 sperantes
1379 2421 1464 2499 quod
1479 2421 1675 2500 saepedictus
1688 2419 1888 2498 comesqui,

209 2517 212 2522 '
247 2517 345 2591 lensi,
358 2519 510 2591 salutem,
527 2520 560 2579 et
581 2562 588 2578 .
684 2521 686 2528 ’
1095 2520 1248 2581 restituta
1264 2519 1328 2580 sibi
1343 2519 1481 2598 praelata
1497 2536 1611 2582 sorore
1627 2535 1698 2592 sua,
1715 2519 1890 2596 promitte-

285 2615 485 2676 Garissimus
497 2616 533 2675 in
542 2614 672 2675 Christo
684 2614 772 2675 illius
786 2614 899 2675 noster
913 2615 965 2684 Η.,
978 2627 1040 2673 rex
1095 2614 1151 2679 bat
1164 2633 1199 2678 se
1214 2615 1250 2678 in
1260 2615 1336 2678 aliis
1348 2619 1421 2692 ejus
1439 2616 1603 2679 voluntati
1616 2616 1788 2681 humiliter
1801 2615 1890 2692 pari-

242 2711 424 2788 Anglorum
436 2711 590 2783 illustris,
601 2709 784 2772 olimnobis
799 2709 1040 2786 querimoniam
1096 2711 1217 2786 turum,
1230 2713 1328 2785 esset,
1346 2713 1432 2790 quod
1453 2729 1510 2774 ore
1529 2712 1670 2784 dicebat,
1687 2727 1789 2788 opere
1801 2729 1890 2774 com-

244 2809 423 2870 destinavit
451 2808 549 2887 quod,
564 2823 638 2869 cum
663 2806 785 2868 nobilis
813 2807 866 2869 vir
887 2809 982 2881 Hugo
1001 2806 1041 2866 de
1096 2806 1245 2887 pleturus
1262 2829 1269 2867 :
1285 2824 1373 2870 nunc
1400 2809 1512 2870 tamen
1536 2807 1741 2875 contrarium
1773 2807 1889 2871 uidens

245 2906 431 2978 leziniaco,
448 2921 559 2968 comes
572 2904 742 2977 Marohiae,
760 2904 1040 2981 quondamJuras·
1096 2904 1291 2966 certissimis
1303 2906 1518 2982 argumentis,
1538 2906 1610 2968 vult
1622 2905 1658 2970 ut
1674 2905 1889 2980 saepedictum

243 3003 292 3064 set
309 3006 340 3065 J.
358 3001 406 3082 (4)
423 3019 572 3068 sororem
597 3017 703 3075 suam,
719 3002 899 3079 quamcito
916 2995 1040 3060 nubilis
1095 3003 1287 3066 mandatum
1311 3005 1461 3064 nostrum
1485 3001 1675 3068 executioni
1700 3001 1889 3067 mandetur.

245 3100 343 3171 esset,
359 3101 480 3161 dtreere
497 3101 533 3160 in
549 3113 698 3171 uxorem,
716 3115 755 3160 ac
772 3098 906 3159 interim
922 3097 1041 3158 civita-
1095 3101 1203 3171 Quare
1216 3100 1257 3164 ad
1269 3099 1517 3178 exsequendum
1529 3097 1611 3162 illud
1621 3115 1680 3162 vos
1695 3099 1889 3174 apostolicis

244 3197 310 3260 tem
321 3199 588 3261 xanctonensem
600 3195 954 3267 etinsulamoleronis
966 3211 1039 3257 cum
1095 3197 1190 3278 petiit
1215 3197 1335 3262 litteris
1360 3197 1512 3263 excitari.
1539 3197 1681 3274 Ideoque
1710 3193 1890 3258 dicretioul

245 3293 322 3357 aliis
338 3293 436 3354 terris
451 3292 686 3364 etredditibus,
700 3308 781 3369 quos
801 3291 902 3352 clarae
921 3307 1040 3351 memo·
1071 3295 1072 3302 ’
1094 3296 1213 3356 vestrae
1242 3311 1302 3372 per
1329 3295 1449 3362 iterata
1470 3294 1594 3370 scripta
1619 3293 1891 3370 firmiterpraeci-

245 3390 307 3453 riae
319 3391 349 3452 J.
367 3387 414 3467 (5)
425 3389 623 3464 rexnngltae
637 3389 731 3464 pater
745 3391 818 3465 ejus
833 3404 907 3453 cum
922 3403 962 3448 ea
974 3389 1039 3448 sibi
1095 3391 1214 3472 piendo
1227 3391 1423 3457 mandamus
1432 3393 1605 3468 quatenus,
1622 3391 1767 3461 humano
1776 3406 1891 3453 amore

243 3487 426 3548 tradiderat
445 3486 589 3548 fideliter
610 3485 789 3552 custodire,
808 3499 870 3546 neo
892 3499 1039 3560 unquam
1095 3502 1135 3564 ac
1150 3487 1318 3554 mundano
1339 3489 1458 3552 timore
1481 3487 1685 3566 postpositis,
1701 3488 1738 3550 in
1753 3488 1888 3564 negotio

244 3582 371 3660 aliquid
395 3583 505 3644 lacere
532 3598 592 3659 per
616 3581 701 3659 quod
721 3581 831 3658 posset
849 3582 1039 3657 hujusmodi
1095 3582 1270 3666 ipsojuxta
1281 3584 1430 3662 priorum
1439 3583 1625 3646 litterarum
1637 3583 1888 3653 continentiam,

244 3679 492 3743 matrimonium
500 3677 801 3750 disturbari,idem,
814 3679 930 3740 contra
940 3695 1037 3740 suum
1094 3681 1318 3757 appellatione
1329 3683 1466 3753 remota,
1487 3681 1617 3748 ratione
1631 3681 1756 3758 praevia
1770 3695 1890 3758 proce-

232 3777 427 3850 vetaliorum
439 3777 495 3855 qui
504 3793 604 3854 super
616 3777 679 3838 hoc
691 3778 889 3853 Jureverant
898 3775 1036 3838 veniens
1095 3775 1175 3842 dere
1204 3794 1270 3846 non
1283 3777 1440 3850 tardetis,
1457 3781 1658 3856 praeceptum
1672 3778 1824 3841 nostrum
1842 3777 1890 3838 ita

241 3877 479 3952 juramentum,
496 3877 523 3935 1.
537 3872 583 3953 (6)
598 3875 737 3936 matrem
756 3873 923 3950 praedictae
943 3875 971 3934 J.
988 3869 1037 3951 (7)
1095 3874 1237 3942 sollicite
1258 3875 1438 3954 impleturi,
1467 3875 1553 3952 quod
1582 3875 1669 3938 idem
1693 3891 1767 3949 rex,
1793 3877 1889 3952 cujus

246 3970 412 4048 quondam
427 3971 577 4047 reginam
591 3971 815 4046 Angliae,quae
829 3967 1040 4046 sponsalibus
1095 3986 1229 4034 causam
1252 3973 1420 4050 propriam
1443 3973 1647 4050 reputamus,
1674 3971 1716 4036 ad
1739 3987 1801 4035 nos
1827 3987 1887 4048 pro

168 4055 171 4062 “
245 4069 434 4130 contractus
452 4066 500 4146 (8)
526 4067 613 4130 inter
641 4083 698 4129 eos
718 4066 945 4140 consenserat,
963 4066 1037 4138 sibi,
1095 4066 1343 4134 dolectuvestro
1353 4069 1521 4130 remittere
1534 4069 1756 4144 noncogatur.
1769 4068 1888 4130 Datum

244 4165 329 4227 sicut
340 4165 413 4228 lieri
425 4165 541 4242 potuit,
557 4163 848 4227 matrimonialiter
859 4163 1038 4242 copulavit,
1095 4165 1261 4236 Laterani,
1280 4169 1323 4228 IV
1338 4155 1443 4230 non'as
1458 4165 1693 4242 augusti,auno
1706 4180 1805 4229 nono.

242 4262 460 4332 nihilominus
484 4259 656 4340 praeiatam
673 4260 776 4322 filiam
797 4263 869 4337 ejus
888 4260 1039 4323 detinens
1134 4262 1373 4338 Burdogalensi
1399 4263 1651 4340 archiepiscopo
1675 4264 1708 4325 et
1733 4263 1886 4340 episcopo

244 4375 318 4424 cum
347 4361 483 4424 civitate
507 4361 540 4422 et
561 4357 637 4424 aliis
671 4357 881 4434 supradictis.
912 4357 1041 4434 Adjecit
1095 4359 1271 4425 vasatensi
1298 4361 1538 4434 cusarsaton
1564 4361 1626 4431 est,
1648 4361 1684 4422 ut
1707 4359 1736 4425 si
1756 4358 1886 4436 praelati

243 4459 344 4520 etiam
358 4458 446 4520 idem
467 4472 528 4521 rex
550 4455 740 4533 huiusmodi
758 4454 933 4532 quaestioni
954 4453 1040 4530 quod
1095 4456 1289 4534 episcopiin
1316 4457 1379 4518 hoc
1401 4457 1606 4534 negligentes
1620 4456 1743 4518 luerint
1763 4457 1821 4518 aut
1831 4472 1887 4518 re-

242 4555 401 4632 praelatus
421 4570 531 4616 comes
555 4555 588 4616 et
611 4567 712 4631 supra
735 4551 904 4640 nominata
922 4552 1039 4627 regina
1095 4553 1200 4626 missi,
1224 4553 1290 4630 ipsi
1310 4570 1385 4621 cum
1409 4554 1482 4632 ipso
1505 4554 1629 4615 decano
1649 4551 1888 4628 Burdegaleusi

242 4651 393 4728 quasdam
411 4653 521 4716 castra
534 4652 640 4728 ipsius
651 4651 897 4727 occupaverant
910 4647 1041 4712 uiolen-
1090 4653 1187 4727 justa
1204 4651 1395 4715 earumdem
1414 4651 1602 4718 litterarum
1614 4654 1762 4712 tenorem
1778 4650 1814 4710 in
1829 4665 1890 4711 ne-

241 4747 302 4819 ler,
333 4748 529 4824 quibusdam
542 4749 582 4810 de
602 4749 802 4824 supradictis
823 4747 923 4810 terris
939 4747 1037 4823 atque
1094 4747 1184 4830 gotio
1207 4748 1278 4826 ipso
1294 4749 1473 4826 procedere
1488 4765 1556 4810 non
1575 4747 1785 4825 postponant.

278 4923 321 4999 (l)
338 4925 380 4981 Ex
399 4923 434 4979 its
447 4937 510 4995 quur
530 4923 604 4994 apud
624 4924 774 4996 episcopos
795 4924 824 4980 in
840 4924 1036 4995 ltontepessu-
1094 4921 1147 4978 306
1159 4929 1187 4977 ot
1206 4936 1285 4994 saq.;
1299 4921 1348 4979 sed
1361 4921 1414 4979 alia
1431 4921 1557 4996 ejusdem
1573 4921 1685 4988 concilii
1701 4927 1762 4979 acta
1778 4919 1882 4977 utrobi·

241 4995 308 5052 lano
323 5001 517 5067 congregatos
532 5007 547 5049 a
567 4993 806 5050 contendentibus
827 4993 863 5050 de
885 4992 1040 5050 asserendo
1094 5007 1150 5063 que
1164 4991 1369 5050 desideramus.
1384 4993 1548 5064 (bouquet.)

241 5065 399 5123 interram
424 5065 595 5122 Tolosanum
626 5063 690 5135 lure
718 5071 782 5120 acte
811 5063 934 5132 luerunt,
963 5065 1039 5124 nulla
1134 5064 1163 5134 (Ξ
1196 5063 1495 5122 llicbaelivellleliae.

241 5137 394 5208 scriptione
407 5144 519 5194 servata
541 5141 667 5202 manent,
705 5133 1037 5205 raeterjmamentapni·
1132 5135 1160 5202 (3
1190 5133 1342 5191 bernardo.
1493 5189 1495 5194 .

240 5208 293 5264 bus
306 5208 365 5278 jam
388 5221 525 5264 concessa
552 5150 729 5286 llalmuntfus
750 5204 909 5286 'tolosanus
925 5206 1037 5287 'conbr-
1131 5205 1343 5278 (illosarum.
1384 5203 1424 5277 (u)
1438 5205 1578 5262 loannes.

240 5279 340 5359 mavit,
370 5285 410 5359 et
427 5277 538 5360 litteras·
563 5275 665 5347 qulbus
694 5274 855 5332 Amalncus
881 5277 1040 5358 bermundo
1133 5279 1173 5348 (6)
1196 5273 1354 5332 isabellam.

238 5344 1037 5500 Ινῗὲεῐεῖτιὲἳυῃῖἒιῑῖεῗίιῃἑξῖιξὲἰειιεεὴῗῃωέό)Ιέἓῗοξιιὲωὲῗηὲῖ
1132 5349 1161 5475 (ἔ
1185 5349 1346 5500 fflssffip,
1360 5413 1563 5498 contractibus.
1867 5486 1872 5498 Ι

241 5489 346 5544 tiorum
369 5488 564 5545 Narbo-pacate
587 5503 750 5558 provenere,
768 5488 854 5554 ιιι-80,
871 5501 937 5560 pag.
952 5487 996 5556 59,
1013 5493 1041 5545 ct
1145 5491 1175 5563 9)
1187 5489 1258 5546 Vide
1274 5489 1389 5543 llonom
1413 5487 1522 5543 litteras
1541 5485 1576 5543 ad
1589 5487 1740 5558 liugonem
1757 5483 1793 5541 de
1809 5487 1888 5544 lert·

243 5557 384 5626 labbeus,
396 5559 644 5624 tamilldooct't,
659 5573 724 5631 pag.
739 5557 820 5625 2333,
833 5557 885 5614 ina
928 5557 1039 5622 endice.
1097 5561 1181 5617 triaco
1200 5573 1295 5630 supro,
1313 5558 1360 5614 lib.
1379 5560 1427 5616 Vl.
1448 5557 1485 5615 ad
1504 5572 1572 5616 crin.
1593 5557 1672 5626 tras,
1686 5555 1801 5629 ttjuttt.

242 5643 352 5701 nosque
366 5630 634 5699 repraesentavimus
649 5636 726 5686 tomo
751 5635 848 5686 nostro
865 5573 953 5697 xvii,
970 5643 1037 5702 pag.
1135 5629 1194 5704 (lo)
1214 5629 1381 5686 ⁴lddertduot
1400 5626 1581 5685 sententium.
