4002 6326
38 83 753 534 J
877 402 1120 466 nonensem
1140 402 1288 466 OPERA.
1839 405 1897 468 364
1996 499 1998 510 ¹

261 557 470 633 Gamareelli,
495 561 529 623 el
547 563 620 640 ejus
643 561 748 632 curte,
772 561 807 623 l'n
822 563 925 626 ¹curte
945 562 1056 624 insula
1110 563 1196 641 quod
1216 563 1331 626 nullus
1350 561 1634 642 mcblcplscopns,
1650 563 1704 628 rel
1725 565 1899 644 episcopus
1986 586 1992 605 ·

262 657 538 734 Hugvilionis,in
558 659 734 721 castellare
756 660 871 738 campi
890 661 1057 737 Longior
1109 660 1234 738 absque
1275 677 1415 724 assensu
1455 662 1715 738 senogalliensis
1754 663 1897 740 episcopi

261 757 335 832 eJus
351 757 453 828 curte,
475 756 510 816 in
534 759 626 818 curte
646 757 804 830 Ravonis,
825 758 860 818 in
882 759 1056 820 castellare
1111 757 1144 819 in
1170 758 1306 820 dioecesi
1336 759 1579 834 senogalliensi
1605 762 1787 823 convenius
1810 761 1898 822 cele·

264 855 412 925 Qunzan,
438 853 570 929 atejus
596 854 700 925 curte,
728 854 763 915 in
796 855 906 916 castro
934 855 1055 916 Montis
1109 855 1218 928 brare,
1245 871 1363 918 censae
1385 856 1497 929 etiam,
1524 858 1559 920 et
1584 858 1812 920 ecclesiastica
1839 874 1897 920 ne-

263 948 361 1020 Novi,
378 949 497 1026 atejus
514 951 618 1020 curte,
634 950 669 1010 in
685 954 795 1012 castro
811 951 1053 1027 Peudlngarda,
1109 954 1199 1029 gotia
1212 953 1358 1031 ejusdem
1373 954 1537 1027 dioecesis,
1554 955 1620 1016 nisi
1638 959 1898 1032 perdtomanum

262 1045 387 1123 atejus
409 1048 514 1119 curte,
536 1046 572 1108 in
596 1047 773 1110 castellare
792 1047 912 1111 insulta
936 1049 1054 1110 casel-
1110 1051 1315 1123 Pontificem,
1340 1053 1394 1114 vel
1418 1055 1491 1128 ejus
1513 1053 1659 1129 legatum
1680 1053 1781 1116 luerit
1795 1054 1899 1114 eidem

261 1144 366 1215 vacis,
391 1144 424 1206 et
445 1147 516 1221 ejus
541 1145 646 1219 curte,
672 1146 707 1207 in
734 1146 909 1208 castellare
933 1146 1055 1208 montis
1110 1147 1296 1225 injunctum
1314 1149 1460 1212 tractare
1474 1151 1664 1228 praesumat.
1687 1151 1900 1213 Decernimus

263 1243 297 1303 S.
311 1241 391 1314 Viti,
412 1242 445 1303 et
464 1245 535 1319 ejus
555 1243 659 1314 curte,
680 1243 715 1304 in
735 1245 844 1305 castro
866 1244 1006 1316 Maruci,
1024 1243 1057 1304 et
1078 1241 1085 1260 '
1109 1261 1200 1324 ergo,
1217 1248 1253 1308 ut
1267 1247 1351 1308 nulli
1364 1247 1499 1308 omnino
1514 1248 1684 1310 bominum
1698 1248 1899 1326 liceatprae-

262 1341 337 1416 ejus
352 1340 456 1411 curte,
475 1340 511 1400 in
530 1341 705 1402 castellare
721 1342 753 1402 S.
768 1341 905 1404 Martini
922 1341 982 1402 lilii
997 1341 1057 1402 Al-
1110 1342 1211 1404 latam
1239 1343 1414 1406 ecclesiam
1440 1347 1565 1407 temere
1590 1346 1798 1424 perturbare,
1826 1347 1898 1418 etc..

262 1433 371 1506 donis,
394 1434 427 1496 el
448 1437 521 1511 ejus
545 1436 649 1506 curte,
668 1436 704 1496 in
726 1437 835 1498 castro
860 1435 997 1506 cerreti,
1023 1435 1058 1497 el
1109 1457 1216 1516 usquc
1226 1441 1409 1520 profutura,
1422 1442 1515 1504 salvo
1526 1443 1682 1506 mandato
1695 1443 1792 1508 Sedis
1803 1447 1900 1522 Apus

262 1533 335 1607 ejus
349 1531 453 1604 curte,
467 1531 503 1592 in
514 1531 676 1605 Folliano,
691 1534 724 1594 el
738 1535 811 1610 ejus
823 1535 928 1601 curte,
940 1533 975 1594 in
985 1534 1057 1594 ias·
1108 1539 1218 1600 tolicaa
1234 1539 1382 1616 speciali.
1404 1540 1440 1602 si
1462 1556 1527 1618 qua
1546 1541 1659 1617 igitur,
1683 1543 1746 1604 etc.
1770 1542 1901 1604 Cunctis

263 1629 397 1702 sellare,
420 1628 453 1690 et
470 1631 543 1706 ejus
565 1631 721 1700 curteio
738 1631 831 1692 curte
855 1633 949 1692 Arcen
972 1642 1055 1692 con·
1109 1639 1230 1709 autem,
1257 1638 1319 1698 oie.
1352 1639 1471 1699 Datum
1497 1639 1653 1700 Laterani
1683 1655 1742 1715 per
1770 1654 1869 1699 mann

259 1726 387 1798 tractae,
401 1727 505 1787 turris
516 1729 633 1804 ruptae,
645 1728 678 1790 et
688 1728 722 1788 in
735 1729 912 1790 castellare
922 1726 1054 1800 Albani,
1109 1734 1260 1810 magistri
1270 1735 1440 1808 (luidonis,
1451 1737 1489 1796 D.
1501 1752 1595 1814 papae
1606 1735 1782 1814 capellani,
1794 1739 1838 1798 lv

259 1824 386 1900 eteius
409 1825 501 1886 curte
521 1841 595 1886 cum
615 1825 815 1898 bominibus,
836 1825 999 1898 curtibus,
1022 1827 1057 1887 et
1110 1831 1226 1894 landae
1245 1833 1346 1910 junii,
1368 1833 1551 1896 indictione
1564 1836 1637 1906 xli,
1659 1834 1872 1896 incarnation

259 1922 471 2000 pertinentiis
484 1923 686 1994 eorumdem,
699 1924 984 1986 monasteriums.
998 1926 1057 1984 Ge·
1110 1931 1292 1992 Dominicro
1315 1945 1403 1992 anno
1427 1932 1518 2002 lem,
1533 1931 1744 2009 pontificatus
1764 1946 1847 1994 vero

258 2019 357 2092 nesii,
368 2019 496 2096 plebem
509 2023 629 2093 Manae,
642 2020 770 2098 plebem
782 2024 816 2082 S.
828 2020 1003 2083 llicbaelis
1015 2021 1055 2082 de
1109 2027 1251 2090 lionorii
1266 2044 1360 2107 papae
1376 2030 1422 2090 ΙΙΙ
1436 2044 1524 2091 anno
1539 2029 1692 2106 septimo.

260 2117 346 2178 colle
369 2117 514 2190 Urbano,
534 2116 662 2196 plebem
688 2121 722 2180 S.
741 2119 903 2195 Apostoli,
924 2117 1055 2195 plebem

260 2215 499 2292 Soorzalepori,
515 2215 643 2292 plebem
659 2217 692 2278 S.
712 2215 863 2278 Gervasii
876 2215 917 2278 de
931 2214 1056 2292 Belga-

257 2311 323 2382 ria,
337 2312 465 2390 plebem
475 2313 516 2374 de
527 2316 649 2386 Paene,
665 2313 793 2390 plebem
807 2313 846 2375 de
859 2312 967 2386 Cavis,
983 2313 1056 2390 ple-
1428 2282 1587 2376 CXLIII

258 2409 581 2488 b0¹1¹·⁰³·lfllll]⁰¹l'fi»
601 2411 730 2490 plebem
749 2409 1054 2488 d0M¹1i02Pl⁰h0ffl
1109 2428 1383 2492 neocorensem
1404 2445 1446 2492 oc
1467 2431 1674 2494 moenium
1693 2432 1735 2494 de
1758 2433 1898 2502 Brolllo,
1996 2495 1998 2500 ,

261 2510 296 2570 S.
317 2507 407 2570 Petri
428 2508 636 2582 decoloria,
659 2508 787 2586 plebem
803 2509 905 2586 plani,
925 2509 1055 2587 plebem
1309 2529 1703 2592 eggercoemgordmg,

260 2603 300 2670 de
320 2606 415 2678 colle,
441 2608 475 2668 el
498 2606 626 2683 plebem
648 2607 770 2669 moniis
793 2606 901 2679 Porci,
925 2605 1054 2685 plebem
1396 2659 1433 2716 23
1445 2659 1513 2716 mail
1529 2657 1599 2717 liii

260 2703 403 2779 Orneon,
441 2703 570 2782 plebem
605 2707 638 2766 S.
681 2705 843 2781 Gregorii,
878 2704 1054 2766 ecclesiam
1602 2701 1609 2716 '

260 2801 390 2863 Sa'nctae
407 2802 527 2864 Mariae
545 2803 585 2864 de
604 2803 719 2875 Bodio,
743 2803 918 2865 ecclesiam
939 2805 972 2864 S.
995 2805 1055 2865 lae
1229 2771 1379 2838 [mm
1392 2771 1483 2823 ΑΜ·
1497 2771 1649 2833 ⁰⁸m²¹⁰⁰¹r
1660 2773 1704 2834 Ν
1718 2771 1791 2838 ’ω’

258 2898 334 2960 cohi
350 2915 424 2960 cum
439 2899 608 2977 hospitali,
629 2901 804 2962 ecclesiam
823 2903 856 2962 s,
877 2900 993 2961 Μανῆς)
1013 2900 1055 2961 dg
1108 2887 1224 2948 blandai
1238 2895 1270 2947 ul
1285 2891 1316 2949 F.
1332 2889 1473 2948 reclusam
1489 2889 1590 2948 domus
1606 2891 1633 2948 S.
1651 2889 1751 2948 Lazari
1766 2891 1898 2950 Camere·

257 2997 378 3060 Fffleto
393 3014 467 3060 oum
489 2998 647 3076 hospitali
671 2999 711 3060 de
732 3001 856 3072 Massa,
877 2998 1053 3060 ecclesiam
1142 2979 1237 3036 censis
1253 2979 1282 3035 iu
1298 2993 1426 3037 sororem
1440 2991 1523 3037 suam
1540 2980 1603 3036 sine
1618 2977 1784 3037 difficultate
1797 2979 1898 3037 admit·

260 3096 293 3156 S·
327 3095 491 3158 iohannis
523 3097 563 3158 de
596 3097 708 3158 Monte
738 3098 844 3168 Novo,
876 3095 1052 3158 ecclesiam
1143 3073 1213 3124 ¹³⁰2

162 3261 164 3266 ,
260 3193 1051 3270 S.JobanuisdeSeapzano,plebemdenllano,
1148 3193 1899 3272 Honoriusepiscopus,servusservorumllei,

260 3289 389 3367 plebem
404 3293 437 3351 S.
454 3291 589 3353 Martini
602 3291 746 3352 liliorum
760 3290 907 3362 Aldonis,
924 3291 1053 3368 plebem
1108 3291 1238 3353 dilectae
1263 3291 1340 3354 filiae
1368 3291 1560 3365 abbatisse,
1589 3308 1629 3354 ac
1655 3293 1836 3354 conventui
1864 3292 1901 3352 de

262 3388 296 3449 S.
322 3388 535 3465 Archangeli,
565 3388 693 3467 plebem
725 3391 758 3450 s.
793 3388 988 3450 Paterniani
1014 3389 1054 3450 de
1108 3389 1245 3462 Brailla,
1272 3389 1503 3452 cisterciensis
1532 3389 1671 3462 ordinis,
1706 3389 1902 3454 salutemet

261 3485 427 3558 Fraclula,
454 3485 582 3563 plebem
604 3486 644 3547 de
664 3487 847 3558 Gasoriino,
870 3488 903 3548 et
924 3485 1054 3563 plebem
1108 3487 1331 3566 Apostolicam
1345 3486 1621 3550 benedictionem.

262 3585 296 3644 S.
315 3584 493 3646 Clementis
512 3599 586 3646 oum
604 3583 741 3662 capellis
757 3584 790 3644 in
805 3599 921 3646 earum
940 3583 1056 3662 pleba-
1148 3585 1275 3646 Dilecta
1293 3585 1327 3646 in
1343 3585 1474 3647 Christo
1489 3584 1559 3646 illia
1580 3585 1617 3646 F.
1638 3581 1770 3648 reclusa
1787 3583 1902 3647 domus

258 3681 349 3743 tibus
363 3682 492 3758 positis,
514 3681 622 3751 bonis,
638 3682 914 3760 possessionibus,
936 3697 975 3744 ac
992 3682 1056 3744 bo—
1110 3682 1222 3744 Sanoti
1238 3683 1352 3744 Lazari
1371 3681 1632 3756 Cameracensis,
1646 3681 1741 3744 nobis
1755 3681 1837 3744 lecit
1849 3681 1903 3742 bu·
1995 3689 1996 3694 ’

258 3779 404 3840 minibus
415 3780 606 3841 earumdem
617 3796 691 3841 cum
702 3779 1051 3857 plenaJurisdictione‚
1108 3779 1233 3842 militer
1242 3779 1435 3858 supplicari,
1451 3781 1572 3843 utrum
1588 3779 1619 3842 ei
1634 3779 1738 3842 tulius
1750 3779 1902 3842 videatur

259 3893 359 3954 qnam
373 3877 634 3953 senogalliensis
645 3878 788 3939 ecclesia
804 3877 954 3940 noscitur
964 3878 998 3939 in
1011 3879 1054 3939 iis
1108 3892 1208 3954 agere
1233 3877 1268 3938 in
1294 3877 1498 3940 monasterio
1521 3875 1692 3940 residuum
1716 3877 1795 3940 vitae
1821 3893 1899 3948 suae,

259 3973 421 4037 hactenus
447 3974 616 4037 babuisse.
655 3976 822 4037 Praeterea
849 3975 935 4052 quod
963 3991 1055 4036 com·
1108 3989 1206 4052 quam
1229 3974 1278 4036 sic
1300 3990 1374 4035 esse
1390 3975 1568 4046 reclusam,
1591 3977 1625 4037 el
1648 3975 1713 4052 ipsi
1733 3971 1900 4038 licentiam

261 4072 354 4132 muni
370 4085 508 4133 assensu
523 4074 571 4134 tui
587 4073 734 4150 capituli,
753 4073 805 4134 rel
821 4073 958 4151 majoris
974 4088 1055 4150 par-
1108 4071 1290 4134 concedere
1327 4071 1581 4134 Cisterciensern
1621 4071 1771 4133 ordinem
1805 4087 1901 4133 assu·

260 4169 304 4231 tie
314 4169 420 4246 ipsius
431 4169 563 4231 consilii
577 4170 722 4232 sanioris
732 4171 767 4232 in
780 4171 837 4232 lna
847 4171 983 4233 dioecesi
995 4187 1055 4248 per
1108 4169 1230 4242 mendi,
1247 4170 1281 4232 et
1294 4185 1353 4232 vos
1370 4185 1429 4248 pro
1448 4169 1638 4247 receptione
1654 4171 1760 4248 ipsius
1777 4169 1898 4232 nostris
1994 4209 1995 4239 ,

260 4266 468 4329 tecanonice
483 4265 585 4330 luerit
595 4267 795 4340 institutum,
812 4267 932 4341 ratum,
948 4268 982 4329 et
996 4267 1056 4328 llr-
1108 4267 1251 4330 invitare
1276 4266 1396 4330 litteris
1423 4266 1639 4344 dignaremur
1665 4289 1672 4328 :
1698 4283 1759 4329 nos
1789 4266 1900 4344 itaque

260 4380 350 4426 mum
369 4364 523 4428 volumus
540 4380 747 4443 permanere.
768 4364 986 4427 Prohibemus
1001 4366 1055 4426 in-
1109 4381 1223 4444 preccs
1239 4368 1322 4443 ejus,
1343 4369 1376 4427 et
1390 4364 1608 4444 propositum,
1629 4364 1772 4440 benigno
1788 4363 1900 4426 lavore

260 4478 362 4541 super
380 4478 423 4524 ne
444 4463 749 4524 excommunicatos
769 4464 856 4536 tuos,
873 4462 925 4524 vel
944 4462 1053 4525 inter·
1109 4463 1143 4525 in
1155 4463 1293 4524 Domino
1309 4463 1559 4540 prosequentes,
1574 4461 1900 4524 caritatemveslram

260 4559 366 4622 dictos
378 4559 419 4622 ad
431 4561 588 4633 cilicium,
603 4559 655 4623 rel
669 4561 934 4622 communionem
947 4561 1055 4622 ecclc-
1108 4577 1274 4636 rogamus,
1292 4561 1325 4622 et
1345 4575 1516 4621 monemus
1536 4553 1670 4632 attente,
1688 4575 1748 4636 per
1765 4559 1899 4636 Aposto-

261 4658 430 4720 siasticam
444 4659 517 4721 sine
536 4659 752 4728 conscientia,
771 4659 804 4721 et
818 4673 985 4720 consensu
996 4663 1054 4720 tuo
1108 4657 1208 4719 licam
1227 4657 1344 4718 Sedem
1366 4657 1572 4730 mandantes,
1593 4657 1757 4734 quatenus
1781 4657 1898 4733 ipsam,

260 4755 435 4834 qnisquam
459 4757 620 4830 admittat,
644 4759 703 4819 aul
721 4757 836 4819 contra
855 4756 1054 4818 sententiam
1109 4755 1150 4817 ob
1165 4756 1387 4817 reverentiam
1409 4750 1556 4816 divinam
1576 4757 1608 4816 et
1627 4755 1777 4816 nostram
1794 4753 1826 4814 in
1842 4769 1899 4814 so-

259 4853 352 4915 tuam
367 4854 527 4915 canonice
544 4854 786 4931 promulgatam
802 4853 923 4932 aliquis
938 4854 1054 4914 venire
1108 4868 1218 4915 rorem
1230 4856 1376 4915 vestram
1391 4853 1464 4915 siue
1476 4852 1671 4914 difficultate
1683 4850 1833 4928 qualibet
1843 4849 1900 4911 ad·

260 4950 452 5029 praesumat,
474 4951 640 5013 nisilorte
660 4951 844 5028 pericnlum
860 4951 1056 5013 mortisim-
1109 4951 1262 5026 mittatis;
1289 4950 1335 5012 ita
1357 4949 1443 5026 quod
1467 4949 1540 5026 ipsa
1574 4963 1640 5010 una
1664 4948 1835 5010 vobiscum
1861 4947 1900 5008 de

260 5048 398 5120 mineat,
415 5049 473 5110 aut
493 5048 571 5110 dum
593 5049 805 5125 praesentiam
825 5049 916 5111 tuam
931 5048 1054 5110 babere
1107 5049 1230 5110 virtute
1245 5047 1406 5125 prolicere
1420 5047 1532 5108 valent
1547 5047 1582 5107 in
1593 5046 1762 5118 virtulem,
1777 5046 1811 5107 at
1824 5061 1900 5107 ves-

260 5147 484 5224 nequiverint,
510 5161 570 5224 per
590 5145 693 5206 aliurn
711 5146 892 5208 secundum
914 5145 1054 5208 sormam
1108 5149 1160 5208 ira
1189 5145 1312 5207 caritas
1340 5160 1399 5206 vos
1426 5159 1533 5217 caras,
1563 5146 1597 5206 et
1622 5141 1897 5205 commendabiles

261 5243 419 5306 Ecclesiae
454 5243 682 5307 satisfactione
706 5243 870 5322 promissa
905 5245 1056 5320 oporteat
1108 5242 1224 5304 reddat
1249 5243 1284 5303 in
1311 5241 1417 5303 oculis
1442 5239 1636 5304 salvatoris.
1660 5241 1779 5302 Datum
1799 5241 1897 5301 Late-

260 5339 400 5418 ligatum
423 5341 563 5404 absolvi.
587 5343 763 5403 Sacrorum
790 5355 920 5419 quoque
948 5356 1053 5402 cano·
1108 5341 1193 5412 rani,
1211 5340 1253 5400 llI
1267 5338 1336 5400 kal.
1347 5337 1447 5416 iunii,
1464 5339 1677 5416 pontificatus
1692 5338 1799 5400 nostri
1814 5349 1897 5398 anno
1991 5333 1992 5339 ’

262 5455 343 5502 num
379 5441 611 5504 auctoritatem
651 5442 828 5518 sequentes
865 5439 1052 5512 statuimus,
1108 5433 1394 5518 sexlo[septimo].
