<?xml version="1.0" encoding="UTF-8"?>
<!DOCTYPE html PUBLIC "-//W3C//DTD XHTML 1.0 Transitional//EN"
    "http://www.w3.org/TR/xhtml1/DTD/xhtml1-transitional.dtd">
<html xmlns="http://www.w3.org/1999/xhtml" xml:lang="en" lang="en">
 <head>
  <title>
</title>
<meta http-equiv="Content-Type" content="text/html;charset=utf-8" />
  <meta name='ocr-system' content='tesseract 3.04.00' />
  <meta name='ocr-capabilities' content='ocr_page ocr_carea ocr_par ocr_line ocrx_word'/>
</head>
<body>
  <div class='ocr_page' id='page_1' title='image "./mediiaevibiblio06bottgoog_0310.png"; bbox 0 0 3948 6326; ppageno 0'>
   <div class='ocr_carea' id='block_1_1' title="bbox 87 275 1723 377">
    <p class='ocr_par' dir='ltr' id='par_1_1' title="bbox 87 275 1723 377">
     <span class='ocr_line' id='line_1_1' title="bbox 87 275 1723 377; baseline 0.01 -17"><span class='ocrx_word' id='word_1_1' title='bbox 87 297 145 360; x_wconf 82' lang='lat' dir='ltr'>sse</span> <span class='ocrx_word' id='word_1_2' title='bbox 399 275 412 278; x_wconf 71' lang='grc'>“’</span> <span class='ocrx_word' id='word_1_3' title='bbox 684 305 912 366; x_wconf 77' lang='lat' dir='ltr'>arrsroum.</span> <span class='ocrx_word' id='word_1_4' title='bbox 937 297 1014 368; x_wconf 77' lang='lat' dir='ltr'>tra.</span> <span class='ocrx_word' id='word_1_5' title='bbox 1037 311 1124 371; x_wconf 90' lang='grc'><strong>1111.</strong></span> <span class='ocrx_word' id='word_1_6' title='bbox 1663 315 1723 377; x_wconf 80' lang='lat' dir='ltr'>seo</span> 
     </span>
    </p>
   </div>
   <div class='ocr_carea' id='block_1_2' title="bbox 87 423 1722 556">
    <p class='ocr_par' dir='ltr' id='par_1_2' title="bbox 87 423 1722 556">
     <span class='ocr_line' id='line_1_2' title="bbox 87 423 1722 556; baseline 0.012 -38"><span class='ocrx_word' id='word_1_7' title='bbox 87 455 314 518; x_wconf 86' lang='lat' dir='ltr'>auctoritatem</span> <span class='ocrx_word' id='word_1_8' title='bbox 335 473 396 520; x_wconf 90' lang='lat' dir='ltr'>seu</span> <span class='ocrx_word' id='word_1_9' title='bbox 411 459 878 556; x_wconf 42' lang='lat' dir='ltr'>jurisdictionemoeccleslas·</span> <span class='ocrx_word' id='word_1_10' title='bbox 932 423 1113 530; x_wconf 80' lang='lat' dir='ltr'>latronibus</span> <span class='ocrx_word' id='word_1_11' title='bbox 1142 469 1175 531; x_wconf 89' lang='lat' dir='ltr'>et</span> <span class='ocrx_word' id='word_1_12' title='bbox 1200 469 1416 546; x_wconf 78' lang='lat' dir='ltr'>indulgentiis</span> <span class='ocrx_word' id='word_1_13' title='bbox 1444 473 1643 549; x_wconf 81' lang='lat' dir='ltr'>apostolicis</span> <span class='ocrx_word' id='word_1_14' title='bbox 1680 475 1722 538; x_wconf 91' lang='lat' dir='ltr'>ad</span> 
     </span>
    </p>
   </div>
   <div class='ocr_carea' id='block_1_3' title="bbox 86 553 1834 642">
    <p class='ocr_par' dir='ltr' id='par_1_3' title="bbox 86 553 1834 642">
     <span class='ocr_line' id='line_1_3' title="bbox 86 553 1834 642; baseline 0.011 -27"><span class='ocrx_word' id='word_1_15' title='bbox 86 553 182 615; x_wconf 88' lang='lat' dir='ltr'>ticam</span> <span class='ocrx_word' id='word_1_16' title='bbox 204 555 340 630; x_wconf 78' lang='lat' dir='ltr'>exigere</span> <span class='ocrx_word' id='word_1_17' title='bbox 362 555 572 631; x_wconf 83' lang='lat' dir='ltr'>videbuntur,</span> <span class='ocrx_word' id='word_1_18' title='bbox 591 559 624 619; x_wconf 92' lang='lat' dir='ltr'>et</span> <span class='ocrx_word' id='word_1_19' title='bbox 644 559 701 620; x_wconf 93' lang='lat' dir='ltr'>tuo</span> <span class='ocrx_word' id='word_1_20' title='bbox 724 561 879 636; x_wconf 89' lang='lat' dir='ltr'>poterunt</span> <span class='ocrx_word' id='word_1_21' title='bbox 931 562 1018 624; x_wconf 92' lang='lat' dir='ltr'>idem</span> <span class='ocrx_word' id='word_1_22' title='bbox 1034 566 1181 626; x_wconf 85' lang='lat' dir='ltr'>excitare</span> <span class='ocrx_word' id='word_1_23' title='bbox 1196 568 1723 642; x_wconf 76' lang='lat' dir='ltr'>negotiumstuderemus.»ande</span> <span class='ocrx_word' id='word_1_24' title='bbox 1831 609 1834 614; x_wconf 91' lang='lat'><em>·</em></span> 
     </span>
    </p>
   </div>
   <div class='ocr_carea' id='block_1_4' title="bbox 84 650 1724 1028">
    <p class='ocr_par' dir='ltr' id='par_1_4' title="bbox 84 650 1724 1028">
     <span class='ocr_line' id='line_1_4' title="bbox 86 650 1720 743; baseline 0.012 -34"><span class='ocrx_word' id='word_1_25' title='bbox 86 650 270 712; x_wconf 91' lang='lat' dir='ltr'>ministerio</span> <span class='ocrx_word' id='word_1_26' title='bbox 296 651 456 728; x_wconf 81' lang='lat' dir='ltr'>expediri.</span> <span class='ocrx_word' id='word_1_27' title='bbox 472 655 515 715; x_wconf 89' lang='lat' dir='ltr'>Ut</span> <span class='ocrx_word' id='word_1_28' title='bbox 535 656 645 716; x_wconf 91' lang='lat' dir='ltr'>autem</span> <span class='ocrx_word' id='word_1_29' title='bbox 668 657 877 719; x_wconf 84' lang='lat' dir='ltr'>commissam</span> <span class='ocrx_word' id='word_1_30' title='bbox 932 659 1084 722; x_wconf 80' lang='lat' dir='ltr'><strong>hortatur</strong></span> <span class='ocrx_word' id='word_1_31' title='bbox 1107 666 1143 723; x_wconf 91' lang='lat' dir='ltr'>ut</span> <span class='ocrx_word' id='word_1_32' title='bbox 1164 679 1278 740; x_wconf 83' lang='lat' dir='ltr'>pacem</span> <span class='ocrx_word' id='word_1_33' title='bbox 1302 665 1424 726; x_wconf 86' lang='lat' dir='ltr'>silleri</span> <span class='ocrx_word' id='word_1_34' title='bbox 1447 667 1553 743; x_wconf 83' lang='lat' dir='ltr'>possit</span> <span class='ocrx_word' id='word_1_35' title='bbox 1574 683 1648 728; x_wconf 92' lang='lat' dir='ltr'>cum</span> <span class='ocrx_word' id='word_1_36' title='bbox 1668 671 1720 741; x_wconf 75' lang='lat' dir='ltr'>R,</span> 
     </span>
     <span class='ocr_line' id='line_1_5' title="bbox 84 745 1724 835; baseline 0.012 -28"><span class='ocrx_word' id='word_1_37' title='bbox 84 745 141 808; x_wconf 90' lang='lat' dir='ltr'>tibi</span> <span class='ocrx_word' id='word_1_38' title='bbox 155 748 413 810; x_wconf 89' lang='lat' dir='ltr'>sollicitudinem</span> <span class='ocrx_word' id='word_1_39' title='bbox 427 749 567 811; x_wconf 90' lang='lat' dir='ltr'>liberius</span> <span class='ocrx_word' id='word_1_40' title='bbox 583 753 616 814; x_wconf 91' lang='lat' dir='ltr'>et</span> <span class='ocrx_word' id='word_1_41' title='bbox 630 752 746 814; x_wconf 89' lang='lat' dir='ltr'>utilius</span> <span class='ocrx_word' id='word_1_42' title='bbox 762 755 876 815; x_wconf 85' lang='lat' dir='ltr'>valeas</span> <span class='ocrx_word' id='word_1_43' title='bbox 931 755 1001 817; x_wconf 88' lang='lat' dir='ltr'>lilio</span> <span class='ocrx_word' id='word_1_44' title='bbox 1021 759 1184 835; x_wconf 86' lang='lat' dir='ltr'>quondam</span> <span class='ocrx_word' id='word_1_45' title='bbox 1199 763 1238 822; x_wconf 85' lang='lat' dir='ltr'>R.</span> <span class='ocrx_word' id='word_1_46' title='bbox 1254 762 1383 823; x_wconf 89' lang='lat' dir='ltr'>comitis</span> <span class='ocrx_word' id='word_1_47' title='bbox 1398 763 1564 834; x_wconf 82' lang='lat' dir='ltr'>Tolosam,</span> <span class='ocrx_word' id='word_1_48' title='bbox 1577 763 1678 826; x_wconf 89' lang='lat' dir='ltr'>faciat</span> <span class='ocrx_word' id='word_1_49' title='bbox 1691 767 1724 828; x_wconf 91' lang='lat' dir='ltr'>et</span> 
     </span>
     <span class='ocr_line' id='line_1_6' title="bbox 85 846 1722 934; baseline 0.011 -30"><span class='ocrx_word' id='word_1_50' title='bbox 85 860 257 916; x_wconf 85' lang='lat' dir='ltr'>exercere,</span> <span class='ocrx_word' id='word_1_51' title='bbox 283 846 473 922; x_wconf 90' lang='lat' dir='ltr'>corrigendi</span> <span class='ocrx_word' id='word_1_52' title='bbox 500 863 615 909; x_wconf 91' lang='lat' dir='ltr'>eorum</span> <span class='ocrx_word' id='word_1_53' title='bbox 644 865 812 920; x_wconf 83' lang='lat' dir='ltr'>excessus,</span> <span class='ocrx_word' id='word_1_54' title='bbox 844 853 877 913; x_wconf 91' lang='lat' dir='ltr'>et</span> <span class='ocrx_word' id='word_1_55' title='bbox 931 853 971 914; x_wconf 88' lang='lat' dir='ltr'>de</span> <span class='ocrx_word' id='word_1_56' title='bbox 990 855 1117 930; x_wconf 81' lang='lat' dir='ltr'>treugis</span> <span class='ocrx_word' id='word_1_57' title='bbox 1134 872 1208 917; x_wconf 89' lang='lat' dir='ltr'>cum</span> <span class='ocrx_word' id='word_1_58' title='bbox 1223 873 1301 934; x_wconf 91' lang='lat' dir='ltr'>rege</span> <span class='ocrx_word' id='word_1_59' title='bbox 1316 859 1443 934; x_wconf 82' lang='lat' dir='ltr'>Angliae</span> <span class='ocrx_word' id='word_1_60' title='bbox 1457 860 1653 922; x_wconf 86' lang='lat' dir='ltr'>innovandis</span> <span class='ocrx_word' id='word_1_61' title='bbox 1669 861 1722 922; x_wconf 88' lang='lat' dir='ltr'>le·-</span> 
     </span>
     <span class='ocr_line' id='line_1_7' title="bbox 85 940 1722 1028; baseline 0.012 -28"><span class='ocrx_word' id='word_1_62' title='bbox 85 940 227 1002; x_wconf 86' lang='lat' dir='ltr'>maxime</span> <span class='ocrx_word' id='word_1_63' title='bbox 240 941 447 1014; x_wconf 89' lang='lat' dir='ltr'>clericorum,</span> <span class='ocrx_word' id='word_1_64' title='bbox 460 958 500 1005; x_wconf 92' lang='lat' dir='ltr'>ac</span> <span class='ocrx_word' id='word_1_65' title='bbox 515 945 655 1006; x_wconf 91' lang='lat' dir='ltr'>rebelles</span> <span class='ocrx_word' id='word_1_66' title='bbox 670 946 877 1010; x_wconf 77' lang='lat' dir='ltr'>districtione</span> <span class='ocrx_word' id='word_1_67' title='bbox 930 953 1005 1026; x_wconf 87' lang='lat' dir='ltr'>gato</span> <span class='ocrx_word' id='word_1_68' title='bbox 1033 967 1092 1014; x_wconf 91' lang='lat' dir='ltr'>suo</span> <span class='ocrx_word' id='word_1_69' title='bbox 1115 953 1247 1028; x_wconf 88' lang='lat' dir='ltr'>plenam</span> <span class='ocrx_word' id='word_1_70' title='bbox 1270 954 1367 1015; x_wconf 89' lang='lat' dir='ltr'>fidem</span> <span class='ocrx_word' id='word_1_71' title='bbox 1390 954 1555 1017; x_wconf 88' lang='lat' dir='ltr'>adhibeat.</span> <span class='ocrx_word' id='word_1_72' title='bbox 1570 975 1588 1016; x_wconf 77' lang='lat' dir='ltr'>a</span> <span class='ocrx_word' id='word_1_73' title='bbox 1605 959 1722 1019; x_wconf 88' lang='lat' dir='ltr'>Datum</span> 
     </span>
    </p>
   </div>
   <div class='ocr_carea' id='block_1_5' title="bbox 84 1037 1722 1704">
    <p class='ocr_par' dir='ltr' id='par_1_5' title="bbox 85 1037 1722 1216">
     <span class='ocr_line' id='line_1_8' title="bbox 86 1037 1722 1129; baseline 0.012 -32"><span class='ocrx_word' id='word_1_74' title='bbox 86 1037 245 1099; x_wconf 90' lang='lat' dir='ltr'>canonica</span> <span class='ocrx_word' id='word_1_75' title='bbox 260 1041 501 1116; x_wconf 91' lang='lat' dir='ltr'>compescendi,</span> <span class='ocrx_word' id='word_1_76' title='bbox 516 1041 576 1102; x_wconf 90' lang='lat' dir='ltr'>tibi</span> <span class='ocrx_word' id='word_1_77' title='bbox 588 1043 784 1106; x_wconf 89' lang='lat' dir='ltr'>auctoritate</span> <span class='ocrx_word' id='word_1_78' title='bbox 796 1061 877 1121; x_wconf 91' lang='lat' dir='ltr'>prae·</span> <span class='ocrx_word' id='word_1_79' title='bbox 931 1049 1098 1118; x_wconf 83' lang='lat' dir='ltr'>Laterani,</span> <span class='ocrx_word' id='word_1_80' title='bbox 1112 1052 1141 1110; x_wconf 91' lang='lat' dir='ltr'>ll</span> <span class='ocrx_word' id='word_1_81' title='bbox 1156 1066 1261 1110; x_wconf 89' lang='lat' dir='ltr'>nonas</span> <span class='ocrx_word' id='word_1_82' title='bbox 1275 1051 1401 1128; x_wconf 88' lang='lat' dir='ltr'>aprilis,</span> <span class='ocrx_word' id='word_1_83' title='bbox 1418 1052 1628 1129; x_wconf 81' lang='lat' dir='ltr'>pontificatus</span> <span class='ocrx_word' id='word_1_84' title='bbox 1643 1070 1722 1116; x_wconf 90' lang='lat' dir='ltr'>nos-</span> 
     </span>
     <span class='ocr_line' id='line_1_9' title="bbox 85 1133 1245 1216; baseline 0.011 -23"><span class='ocrx_word' id='word_1_85' title='bbox 85 1133 169 1195; x_wconf 90' lang='lat' dir='ltr'>dicta</span> <span class='ocrx_word' id='word_1_86' title='bbox 194 1135 407 1197; x_wconf 89' lang='lat' dir='ltr'>concedimus</span> <span class='ocrx_word' id='word_1_87' title='bbox 425 1138 632 1214; x_wconf 91' lang='lat' dir='ltr'>potestatem.</span> <span class='ocrx_word' id='word_1_88' title='bbox 656 1142 705 1200; x_wconf 82' lang='lat' dir='ltr'>Tu</span> <span class='ocrx_word' id='word_1_89' title='bbox 728 1155 808 1216; x_wconf 91' lang='lat' dir='ltr'>ergo</span> <span class='ocrx_word' id='word_1_90' title='bbox 836 1157 876 1204; x_wconf 93' lang='lat' dir='ltr'>ea</span> <span class='ocrx_word' id='word_1_91' title='bbox 930 1144 973 1204; x_wconf 90' lang='lat' dir='ltr'>tri</span> <span class='ocrx_word' id='word_1_92' title='bbox 986 1159 1074 1206; x_wconf 92' lang='lat' dir='ltr'>anno</span> <span class='ocrx_word' id='word_1_93' title='bbox 1089 1146 1245 1208; x_wconf 82' lang='lat' dir='ltr'>octavo.»</span> 
     </span>
    </p>

    <p class='ocr_par' dir='ltr' id='par_1_6' title="bbox 84 1230 875 1310">
     <span class='ocr_line' id='line_1_10' title="bbox 84 1230 875 1310; baseline 0.01 -18"><span class='ocrx_word' id='word_1_94' title='bbox 84 1230 229 1292; x_wconf 91' lang='lat' dir='ltr'>modeste</span> <span class='ocrx_word' id='word_1_95' title='bbox 247 1247 287 1294; x_wconf 89' lang='lat' dir='ltr'>ac</span> <span class='ocrx_word' id='word_1_96' title='bbox 305 1233 486 1310; x_wconf 89' lang='lat' dir='ltr'>prudenter</span> <span class='ocrx_word' id='word_1_97' title='bbox 506 1235 624 1307; x_wconf 88' lang='lat' dir='ltr'>utaris,</span> <span class='ocrx_word' id='word_1_98' title='bbox 640 1236 815 1300; x_wconf 89' lang='lat' dir='ltr'>referendo</span> <span class='ocrx_word' id='word_1_99' title='bbox 834 1239 875 1300; x_wconf 89' lang='lat' dir='ltr'>ad</span> 
     </span>
    </p>

    <p class='ocr_par' dir='ltr' id='par_1_7' title="bbox 84 1327 877 1413">
     <span class='ocr_line' id='line_1_11' title="bbox 84 1327 877 1413; baseline 0.011 -25"><span class='ocrx_word' id='word_1_100' title='bbox 84 1341 152 1399; x_wconf 90' lang='lat' dir='ltr'>nos,</span> <span class='ocrx_word' id='word_1_101' title='bbox 168 1327 198 1388; x_wconf 90' lang='lat' dir='ltr'>si</span> <span class='ocrx_word' id='word_1_102' title='bbox 218 1344 293 1406; x_wconf 77' lang='lat' dir='ltr'>qam</span> <span class='ocrx_word' id='word_1_103' title='bbox 316 1328 429 1391; x_wconf 80' lang='lat' dir='ltr'>forsan</span> <span class='ocrx_word' id='word_1_104' title='bbox 451 1332 658 1406; x_wconf 87' lang='lat' dir='ltr'>emerserint,</span> <span class='ocrx_word' id='word_1_105' title='bbox 676 1349 749 1410; x_wconf 86' lang='lat' dir='ltr'>quae</span> <span class='ocrx_word' id='word_1_106' title='bbox 769 1339 877 1413; x_wconf 86' lang='lat' dir='ltr'>majo-</span> 
     </span>
    </p>

    <p class='ocr_par' dir='ltr' id='par_1_8' title="bbox 84 1424 1430 1528">
     <span class='ocr_line' id='line_1_12' title="bbox 84 1424 1430 1528; baseline 0.013 -45"><span class='ocrx_word' id='word_1_107' title='bbox 84 1439 151 1484; x_wconf 90' lang='lat' dir='ltr'>rem</span> <span class='ocrx_word' id='word_1_108' title='bbox 168 1424 361 1502; x_wconf 82' lang='lat' dir='ltr'>indaginem</span> <span class='ocrx_word' id='word_1_109' title='bbox 384 1427 555 1504; x_wconf 87' lang='lat' dir='ltr'>requirere</span> <span class='ocrx_word' id='word_1_110' title='bbox 574 1429 761 1492; x_wconf 89' lang='lat' dir='ltr'>videantur.</span> <span class='ocrx_word' id='word_1_111' title='bbox 784 1433 875 1496; x_wconf 85' lang='lat' dir='ltr'>Nulli</span> <span class='ocrx_word' id='word_1_112' title='bbox 1104 1457 1109 1469; x_wconf 94' lang='lat'>·</span> <span class='ocrx_word' id='word_1_113' title='bbox 1224 1439 1430 1528; x_wconf 70' lang='lat' dir='ltr'>CLXXXII</span> 
     </span>
    </p>

    <p class='ocr_par' dir='ltr' id='par_1_9' title="bbox 84 1523 1699 1704">
     <span class='ocr_line' id='line_1_13' title="bbox 84 1523 1652 1610; baseline 0.01 -26"><span class='ocrx_word' id='word_1_114' title='bbox 84 1536 159 1596; x_wconf 87' lang='lat' dir='ltr'>ergo</span> <span class='ocrx_word' id='word_1_115' title='bbox 184 1523 309 1584; x_wconf 86' lang='lat' dir='ltr'>nostrae</span> <span class='ocrx_word' id='word_1_116' title='bbox 334 1524 571 1597; x_wconf 86' lang='lat' dir='ltr'>concessionis,</span> <span class='ocrx_word' id='word_1_117' title='bbox 588 1527 650 1588; x_wconf 90' lang='lat' dir='ltr'>etc.</span> <span class='ocrx_word' id='word_1_118' title='bbox 668 1528 702 1588; x_wconf 85' lang='lat' dir='ltr'>Si</span> <span class='ocrx_word' id='word_1_119' title='bbox 722 1529 796 1604; x_wconf 88' lang='lat' dir='ltr'>quis</span> <span class='ocrx_word' id='word_1_120' title='bbox 815 1546 877 1591; x_wconf 89' lang='lat' dir='ltr'>au·</span> <span class='ocrx_word' id='word_1_121' title='bbox 1647 1597 1652 1610; x_wconf 82' lang='lat'>,</span> 
     </span>
     <span class='ocr_line' id='line_1_14' title="bbox 84 1589 1699 1704; baseline 0.012 -26"><span class='ocrx_word' id='word_1_122' title='bbox 84 1619 158 1688; x_wconf 90' lang='lat' dir='ltr'>tem,</span> <span class='ocrx_word' id='word_1_123' title='bbox 173 1619 236 1680; x_wconf 88' lang='lat' dir='ltr'>etc.</span> <span class='ocrx_word' id='word_1_124' title='bbox 251 1621 369 1682; x_wconf 87' lang='lat' dir='ltr'>Datum</span> <span class='ocrx_word' id='word_1_125' title='bbox 381 1623 548 1688; x_wconf 88' lang='lat' dir='ltr'>Laterani,</span> <span class='ocrx_word' id='word_1_126' title='bbox 565 1625 727 1686; x_wconf 82' lang='lat' dir='ltr'>ivnonas</span> <span class='ocrx_word' id='word_1_127' title='bbox 745 1627 872 1704; x_wconf 86' lang='lat' dir='ltr'>aprilis,</span> <span class='ocrx_word' id='word_1_128' title='bbox 941 1589 993 1648; x_wconf 84' lang='lat' dir='ltr'>Ad</span> <span class='ocrx_word' id='word_1_129' title='bbox 1005 1590 1206 1656; x_wconf 70' lang='lat' dir='ltr'>arnaldum,</span> <span class='ocrx_word' id='word_1_130' title='bbox 1222 1593 1482 1653; x_wconf 58' lang='lat' dir='ltr'><em>Narbmwnsem</em></span> <span class='ocrx_word' id='word_1_131' title='bbox 1496 1597 1636 1668; x_wconf 71' lang='lat' dir='ltr'>archiep</span> <span class='ocrx_word' id='word_1_132' title='bbox 1640 1610 1699 1656; x_wconf 71' lang='lat'>²⁸⁰·</span> 
     </span>
    </p>
   </div>
   <div class='ocr_carea' id='block_1_6' title="bbox 86 1718 1437 1794">
    <p class='ocr_par' dir='ltr' id='par_1_10' title="bbox 86 1718 1437 1794">
     <span class='ocr_line' id='line_1_15' title="bbox 86 1718 1437 1794; baseline 0.002 -19"><span class='ocrx_word' id='word_1_133' title='bbox 86 1718 308 1780; x_wconf 79' lang='lat' dir='ltr'>annooctato.</span> <span class='ocrx_word' id='word_1_134' title='bbox 457 1769 459 1776; x_wconf 95' lang='lat'><em>.</em></span> <span class='ocrx_word' id='word_1_135' title='bbox 1218 1721 1345 1794; x_wconf 76' lang='lat' dir='ltr'>lapillis</span> <span class='ocrx_word' id='word_1_136' title='bbox 1359 1723 1437 1780; x_wconf 79' lang='grc'><strong>1111.</strong></span> 
     </span>
    </p>
   </div>
   <div class='ocr_carea' id='block_1_7' title="bbox 945 1840 1698 1990">
    <p class='ocr_par' dir='ltr' id='par_1_11' title="bbox 945 1840 1698 1990">
     <span class='ocr_line' id='line_1_16' title="bbox 945 1840 1698 1910; baseline 0.015 -20"><span class='ocrx_word' id='word_1_137' title='bbox 945 1840 1084 1906; x_wconf 66' lang='lat' dir='ltr'>[bouquet</span> <span class='ocrx_word' id='word_1_138' title='bbox 1097 1843 1156 1894; x_wconf 84' lang='lat' dir='ltr'>Rec.</span> <span class='ocrx_word' id='word_1_139' title='bbox 1169 1843 1212 1894; x_wconf 91' lang='lat' dir='ltr'>des</span> <span class='ocrx_word' id='word_1_140' title='bbox 1222 1844 1298 1902; x_wconf 83' lang='lat' dir='ltr'>Hist,</span> <span class='ocrx_word' id='word_1_141' title='bbox 1308 1845 1375 1904; x_wconf 83' lang='lat' dir='ltr'>xlx,</span> <span class='ocrx_word' id='word_1_142' title='bbox 1386 1847 1445 1906; x_wconf 82' lang='grc'><strong>718;</strong></span> <span class='ocrx_word' id='word_1_143' title='bbox 1460 1848 1567 1910; x_wconf 73' lang='lat' dir='ltr'>aegest,</span> <span class='ocrx_word' id='word_1_144' title='bbox 1579 1848 1623 1900; x_wconf 89' lang='lat' dir='ltr'>lib.</span> <span class='ocrx_word' id='word_1_145' title='bbox 1633 1847 1698 1908; x_wconf 76' lang='lat' dir='ltr'>llll,</span> 
     </span>
     <span class='ocr_line' id='line_1_17' title="bbox 1251 1923 1408 1990; baseline 0.006 -18"><span class='ocrx_word' id='word_1_146' title='bbox 1251 1923 1325 1988; x_wconf 86' lang='lat' dir='ltr'>epist.</span> <span class='ocrx_word' id='word_1_147' title='bbox 1340 1925 1408 1990; x_wconf 70' lang='grc'><strong>381]</strong></span> 
     </span>
    </p>
   </div>
   <div class='ocr_carea' id='block_1_8' title="bbox 382 1987 1721 2124">
    <p class='ocr_par' dir='ltr' id='par_1_12' title="bbox 382 1987 1721 2124">
     <span class='ocr_line' id='line_1_18' title="bbox 382 1987 1721 2124; baseline -0.006 -24"><span class='ocrx_word' id='word_1_148' title='bbox 382 2037 570 2124; x_wconf 75' lang='lat' dir='ltr'>CLXXX]</span> <span class='ocrx_word' id='word_1_149' title='bbox 927 2027 996 2085; x_wconf 84' lang='lat' dir='ltr'>Cum</span> <span class='ocrx_word' id='word_1_150' title='bbox 1009 1987 1114 2085; x_wconf 79' lang='lat' dir='ltr'>infelici</span> <span class='ocrx_word' id='word_1_151' title='bbox 1130 2043 1224 2086; x_wconf 86' lang='lat' dir='ltr'>rerum</span> <span class='ocrx_word' id='word_1_152' title='bbox 1242 2045 1376 2088; x_wconf 90' lang='lat' dir='ltr'>successu</span> <span class='ocrx_word' id='word_1_153' title='bbox 1392 2031 1570 2104; x_wconf 89' lang='lat' dir='ltr'>perturbatus</span> <span class='ocrx_word' id='word_1_154' title='bbox 1590 2035 1721 2094; x_wconf 88' lang='lat' dir='ltr'>animum</span> 
     </span>
    </p>
   </div>
   <div class='ocr_carea' id='block_1_9' title="bbox 131 2113 1722 2281">
    <p class='ocr_par' dir='ltr' id='par_1_13' title="bbox 131 2113 1722 2281">
     <span class='ocr_line' id='line_1_19' title="bbox 963 2113 1722 2190; baseline 0.016 -20"><span class='ocrx_word' id='word_1_155' title='bbox 963 2113 1153 2188; x_wconf 83' lang='lat' dir='ltr'>desponderet</span> <span class='ocrx_word' id='word_1_156' title='bbox 1175 2117 1335 2176; x_wconf 69' lang='lat' dir='ltr'>amalricus</span> <span class='ocrx_word' id='word_1_157' title='bbox 1354 2117 1388 2176; x_wconf 92' lang='lat' dir='ltr'>de</span> <span class='ocrx_word' id='word_1_158' title='bbox 1414 2121 1583 2190; x_wconf 83' lang='lat' dir='ltr'>Monteiorti,</span> <span class='ocrx_word' id='word_1_159' title='bbox 1603 2123 1722 2182; x_wconf 89' lang='lat' dir='ltr'>mandat</span> 
     </span>
     <span class='ocr_line' id='line_1_20' title="bbox 131 2197 1719 2281; baseline 0.008 -25"><span class='ocrx_word' id='word_1_160' title='bbox 131 2198 181 2256; x_wconf 81' lang='lat' dir='ltr'>Ad</span> <span class='ocrx_word' id='word_1_161' title='bbox 202 2197 425 2269; x_wconf 70' lang='lat' dir='ltr'>ludovicum,</span> <span class='ocrx_word' id='word_1_162' title='bbox 448 2211 568 2273; x_wconf 73' lang='lat' dir='ltr'>regem</span> <span class='ocrx_word' id='word_1_163' title='bbox 586 2201 816 2262; x_wconf 80' lang='lat' dir='ltr'>Francorum.</span> <span class='ocrx_word' id='word_1_164' title='bbox 963 2203 1117 2274; x_wconf 89' lang='lat' dir='ltr'>Honorius,</span> <span class='ocrx_word' id='word_1_165' title='bbox 1128 2211 1157 2262; x_wconf 93' lang='lat' dir='ltr'>ut</span> <span class='ocrx_word' id='word_1_166' title='bbox 1168 2207 1261 2278; x_wconf 90' lang='lat' dir='ltr'>pactio</span> <span class='ocrx_word' id='word_1_167' title='bbox 1272 2205 1320 2264; x_wconf 85' lang='lat' dir='ltr'>frat</span> <span class='ocrx_word' id='word_1_168' title='bbox 1328 2222 1392 2264; x_wconf 94' lang='lat' dir='ltr'>cum</span> <span class='ocrx_word' id='word_1_169' title='bbox 1402 2208 1719 2281; x_wconf 80' lang='lat' dir='ltr'>Raimundol&#39;olosano,</span> 
     </span>
    </p>
   </div>
   <div class='ocr_carea' id='block_1_10' title="bbox 362 2291 1721 2436">
    <p class='ocr_par' dir='ltr' id='par_1_14' title="bbox 362 2291 1721 2436">
     <span class='ocr_line' id='line_1_21' title="bbox 447 2291 1721 2369; baseline 0.006 -21"><span class='ocrx_word' id='word_1_170' title='bbox 447 2335 474 2350; x_wconf 92' lang='lat'>..</span> <span class='ocrx_word' id='word_1_171' title='bbox 731 2341 740 2349; x_wconf 64' lang='lat'><em>„</em></span> <span class='ocrx_word' id='word_1_172' title='bbox 962 2291 1117 2350; x_wconf 89' lang='lat' dir='ltr'>dummodo</span> <span class='ocrx_word' id='word_1_173' title='bbox 1132 2295 1268 2352; x_wconf 77' lang='lat' dir='ltr'>Romanae</span> <span class='ocrx_word' id='word_1_174' title='bbox 1280 2295 1415 2353; x_wconf 76' lang='lat' dir='ltr'>Ecclesia</span> <span class='ocrx_word' id='word_1_175' title='bbox 1425 2295 1550 2369; x_wconf 85' lang='lat' dir='ltr'>dignitas</span> <span class='ocrx_word' id='word_1_176' title='bbox 1559 2299 1646 2356; x_wconf 81' lang='lat' dir='ltr'>illaesa</span> <span class='ocrx_word' id='word_1_177' title='bbox 1656 2313 1721 2356; x_wconf 63' lang='lat' dir='ltr'>sere</span> 
     </span>
     <span class='ocr_line' id='line_1_22' title="bbox 362 2335 1052 2436; baseline 0.007 -44"><span class='ocrx_word' id='word_1_178' title='bbox 362 2335 491 2408; x_wconf 78' lang='lat' dir='ltr'>laprrlls</span> <span class='ocrx_word' id='word_1_179' title='bbox 509 2337 587 2395; x_wconf 76' lang='lat' dir='ltr'>llil.</span> <span class='ocrx_word' id='word_1_180' title='bbox 961 2385 1052 2436; x_wconf 40' lang='lat' dir='ltr'><strong>vetur·</strong></span> 
     </span>
    </p>
   </div>
   <div class='ocr_carea' id='block_1_11' title="bbox 271 2465 1778 2576">
    <p class='ocr_par' dir='ltr' id='par_1_15' title="bbox 271 2465 1778 2576">
     <span class='ocr_line' id='line_1_23' title="bbox 271 2465 1778 2576; baseline 0.023 -44"><span class='ocrx_word' id='word_1_181' title='bbox 271 2465 675 2534; x_wconf 60' lang='lat' dir='ltr'>[fllilfflffi·ssi⁶¹¹⁰¹¹⁰⁸=¹¹·4²⁹·]</span> <span class='ocrx_word' id='word_1_182' title='bbox 965 2497 1133 2559; x_wconf 89' lang='lat' dir='ltr'>Honorius</span> <span class='ocrx_word' id='word_1_183' title='bbox 1162 2499 1387 2576; x_wconf 89' lang='lat' dir='ltr'>episcopus...,</span> <span class='ocrx_word' id='word_1_184' title='bbox 1411 2502 1596 2564; x_wconf 86' lang='lat' dir='ltr'>venerabili</span> <span class='ocrx_word' id='word_1_185' title='bbox 1620 2502 1717 2566; x_wconf 91' lang='lat' dir='ltr'>fratri</span> <span class='ocrx_word' id='word_1_186' title='bbox 1776 2556 1778 2566; x_wconf 79' lang='grc'><strong>,</strong></span> 
     </span>
    </p>
   </div>
   <div class='ocr_carea' id='block_1_12' title="bbox 81 2589 1795 5686">
    <p class='ocr_par' dir='ltr' id='par_1_16' title="bbox 81 2589 1795 5686">
     <span class='ocr_line' id='line_1_24' title="bbox 84 2589 1447 2672; baseline 0.009 -26"><span class='ocrx_word' id='word_1_187' title='bbox 84 2589 113 2646; x_wconf 79' lang='lat' dir='ltr'>at</span> <span class='ocrx_word' id='word_1_188' title='bbox 122 2591 284 2647; x_wconf 81' lang='lat' dir='ltr'>transmittit</span> <span class='ocrx_word' id='word_1_189' title='bbox 294 2592 401 2648; x_wconf 88' lang='lat' dir='ltr'>litteras</span> <span class='ocrx_word' id='word_1_190' title='bbox 413 2591 618 2665; x_wconf 81' lang='lat' dir='ltr'>imperialesde</span> <span class='ocrx_word' id='word_1_191' title='bbox 630 2609 767 2652; x_wconf 88' lang='lat' dir='ltr'>succursu</span> <span class='ocrx_word' id='word_1_192' title='bbox 777 2597 870 2653; x_wconf 83' lang='lat' dir='ltr'>&#39;lerrae</span> <span class='ocrx_word' id='word_1_193' title='bbox 927 2594 1179 2672; x_wconf 85' lang='lat' dir='ltr'>archiepiscopo</span> <span class='ocrx_word' id='word_1_194' title='bbox 1192 2596 1368 2670; x_wconf 86' lang='lat' dir='ltr'>Narbonae,</span> <span class='ocrx_word' id='word_1_195' title='bbox 1385 2598 1447 2660; x_wconf 84' lang='lat' dir='ltr'>etc.</span> 
     </span>
     <span class='ocr_line' id='line_1_25' title="bbox 116 2679 1716 2770; baseline 0.007 -36"><span class='ocrx_word' id='word_1_196' title='bbox 116 2679 224 2736; x_wconf 82' lang='lat' dir='ltr'>sancte</span> <span class='ocrx_word' id='word_1_197' title='bbox 240 2679 418 2752; x_wconf 89' lang='lat' dir='ltr'>procurando</span> <span class='ocrx_word' id='word_1_198' title='bbox 434 2687 462 2738; x_wconf 87' lang='lat' dir='ltr'>et</span> <span class='ocrx_word' id='word_1_199' title='bbox 477 2679 512 2738; x_wconf 90' lang='lat' dir='ltr'>de</span> <span class='ocrx_word' id='word_1_200' title='bbox 526 2683 633 2756; x_wconf 85' lang='lat' dir='ltr'>treugis</span> <span class='ocrx_word' id='word_1_201' title='bbox 648 2696 713 2739; x_wconf 93' lang='lat' dir='ltr'>cum</span> <span class='ocrx_word' id='word_1_202' title='bbox 729 2697 798 2758; x_wconf 84' lang='lat' dir='ltr'>rege</span> <span class='ocrx_word' id='word_1_203' title='bbox 808 2685 868 2744; x_wconf 81' lang='lat' dir='ltr'>An·</span> <span class='ocrx_word' id='word_1_204' title='bbox 900 2709 901 2712; x_wconf 41' lang='lat'>¹</span> <span class='ocrx_word' id='word_1_205' title='bbox 964 2691 1034 2752; x_wconf 84' lang='lat' dir='ltr'>Etsi</span> <span class='ocrx_word' id='word_1_206' title='bbox 1053 2691 1223 2767; x_wconf 81' lang='lat' dir='ltr'>negotium</span> <span class='ocrx_word' id='word_1_207' title='bbox 1238 2694 1467 2770; x_wconf 69' lang='lat' dir='ltr'>pacisetfldei</span> <span class='ocrx_word' id='word_1_208' title='bbox 1482 2695 1716 2760; x_wconf 74' lang='lat' dir='ltr'>inPr0vjn01ae</span> 
     </span>
     <span class='ocr_line' id='line_1_26' title="bbox 113 2766 1715 2868; baseline 0.01 -28"><span class='ocrx_word' id='word_1_209' title='bbox 113 2767 176 2840; x_wconf 83' lang='lat' dir='ltr'>gliae</span> <span class='ocrx_word' id='word_1_210' title='bbox 190 2766 373 2825; x_wconf 72' lang='grc'><strong>1110111111·</strong></span> <span class='ocrx_word' id='word_1_211' title='bbox 426 2829 431 2840; x_wconf 92' lang='grc'>.</span> <span class='ocrx_word' id='word_1_212' title='bbox 923 2788 1074 2864; x_wconf 90' lang='lat' dir='ltr'>partibus</span> <span class='ocrx_word' id='word_1_213' title='bbox 1099 2789 1253 2852; x_wconf 83' lang='lat' dir='ltr'>rideatur</span> <span class='ocrx_word' id='word_1_214' title='bbox 1279 2784 1631 2868; x_wconf 81' lang='lat' dir='ltr'>graviter&#39;corruisse,</span> <span class='ocrx_word' id='word_1_215' title='bbox 1654 2811 1715 2856; x_wconf 89' lang='lat' dir='ltr'>nos</span> 
     </span>
     <span class='ocr_line' id='line_1_27' title="bbox 118 2885 1718 2972; baseline -0.002 -17"><span class='ocrx_word' id='word_1_216' title='bbox 118 2893 783 2972; x_wconf 80' lang='lat' dir='ltr'>Honoriusepiscopus,servasservorum</span> <span class='ocrx_word' id='word_1_217' title='bbox 796 2895 867 2970; x_wconf 71' lang='lat' dir='ltr'>Dei,</span> <span class='ocrx_word' id='word_1_218' title='bbox 922 2885 1045 2957; x_wconf 89' lang='lat' dir='ltr'>tamen,</span> <span class='ocrx_word' id='word_1_219' title='bbox 1063 2886 1103 2947; x_wconf 93' lang='lat' dir='ltr'>de</span> <span class='ocrx_word' id='word_1_220' title='bbox 1125 2885 1217 2948; x_wconf 93' lang='lat' dir='ltr'>illius</span> <span class='ocrx_word' id='word_1_221' title='bbox 1241 2888 1388 2964; x_wconf 89' lang='lat' dir='ltr'>potentia</span> <span class='ocrx_word' id='word_1_222' title='bbox 1418 2889 1629 2962; x_wconf 89' lang='lat' dir='ltr'>confidentes,</span> <span class='ocrx_word' id='word_1_223' title='bbox 1658 2891 1718 2969; x_wconf 87' lang='lat' dir='ltr'>qui</span> 
     </span>
     <span class='ocr_line' id='line_1_28' title="bbox 84 2982 1714 3070; baseline 0.01 -36"><span class='ocrx_word' id='word_1_224' title='bbox 84 2989 242 3051; x_wconf 73' lang='lat' dir='ltr'>Ludovioo</span> <span class='ocrx_word' id='word_1_225' title='bbox 255 2991 328 3065; x_wconf 70' lang='lat' dir='ltr'>pegi</span> <span class='ocrx_word' id='word_1_226' title='bbox 341 2993 555 3061; x_wconf 57' lang='lat' dir='ltr'>Francorum,</span> <span class='ocrx_word' id='word_1_227' title='bbox 567 2991 707 3054; x_wconf 67' lang='lat' dir='ltr'>salutem</span> <span class='ocrx_word' id='word_1_228' title='bbox 722 2995 754 3056; x_wconf 61' lang='lat' dir='ltr'>et</span> <span class='ocrx_word' id='word_1_229' title='bbox 767 2997 870 3070; x_wconf 65' lang='lat' dir='ltr'>Appos.</span> <span class='ocrx_word' id='word_1_230' title='bbox 923 2982 1415 3057; x_wconf 66' lang='grc' dir='ltr'><strong>8110811111111Π1311οΠ61111111111,</strong></span> <span class='ocrx_word' id='word_1_231' title='bbox 1438 2988 1470 3047; x_wconf 72' lang='lat' dir='ltr'>Oi</span> <span class='ocrx_word' id='word_1_232' title='bbox 1485 2986 1564 3048; x_wconf 70' lang='lat' dir='ltr'>facit</span> <span class='ocrx_word' id='word_1_233' title='bbox 1579 2989 1624 3060; x_wconf 89' lang='lat' dir='ltr'>ut,</span> <span class='ocrx_word' id='word_1_234' title='bbox 1639 3005 1714 3052; x_wconf 79' lang='lat' dir='ltr'>otim</span> 
     </span>
     <span class='ocr_line' id='line_1_29' title="bbox 83 3079 1713 3159; baseline 0.003 -18"><span class='ocrx_word' id='word_1_235' title='bbox 83 3085 208 3147; x_wconf 85' lang='lat' dir='ltr'>tolicam</span> <span class='ocrx_word' id='word_1_236' title='bbox 221 3085 499 3148; x_wconf 77' lang='lat' dir='ltr'>benedictionem.</span> <span class='ocrx_word' id='word_1_237' title='bbox 922 3079 1078 3141; x_wconf 81' lang='lat' dir='ltr'>videntur</span> <span class='ocrx_word' id='word_1_238' title='bbox 1090 3081 1287 3157; x_wconf 92' lang='lat' dir='ltr'>consumpti,</span> <span class='ocrx_word' id='word_1_239' title='bbox 1298 3081 1388 3144; x_wconf 80' lang='lat' dir='ltr'>velut</span> <span class='ocrx_word' id='word_1_240' title='bbox 1405 3083 1537 3144; x_wconf 78' lang='lat' dir='ltr'>Lucifer</span> <span class='ocrx_word' id='word_1_241' title='bbox 1552 3085 1713 3159; x_wconf 91' lang='lat' dir='ltr'>oriantur,</span> 
     </span>
     <span class='ocr_line' id='line_1_30' title="bbox 117 3177 1714 3262; baseline 0.011 -22"><span class='ocrx_word' id='word_1_242' title='bbox 117 3183 362 3246; x_wconf 76' lang='lat' dir='ltr'>«petitionibus</span> <span class='ocrx_word' id='word_1_243' title='bbox 371 3199 453 3262; x_wconf 86' lang='lat' dir='ltr'>quas</span> <span class='ocrx_word' id='word_1_244' title='bbox 464 3199 523 3261; x_wconf 94' lang='lat' dir='ltr'>per</span> <span class='ocrx_word' id='word_1_245' title='bbox 531 3185 740 3246; x_wconf 82' lang='lat' dir='ltr'>venerabiles</span> <span class='ocrx_word' id='word_1_246' title='bbox 748 3185 867 3248; x_wconf 90' lang='lat' dir='ltr'>fratres</span> <span class='ocrx_word' id='word_1_247' title='bbox 922 3177 1381 3255; x_wconf 68' lang='grc'><strong>1611111111111111111181110111</strong></span> <span class='ocrx_word' id='word_1_248' title='bbox 1404 3178 1714 3242; x_wconf 64' lang='grc'><strong>1111111116116111111·</strong></span> 
     </span>
     <span class='ocr_line' id='line_1_31' title="bbox 83 3273 1714 3358; baseline 0.01 -22"><span class='ocrx_word' id='word_1_249' title='bbox 83 3280 203 3340; x_wconf 89' lang='lat' dir='ltr'>nostros</span> <span class='ocrx_word' id='word_1_250' title='bbox 236 3280 528 3358; x_wconf 89' lang='lat' dir='ltr'>archiepiscopum</span> <span class='ocrx_word' id='word_1_251' title='bbox 562 3282 805 3343; x_wconf 88' lang='lat' dir='ltr'>Bituricensem</span> <span class='ocrx_word' id='word_1_252' title='bbox 836 3283 869 3345; x_wconf 97' lang='grc'>11</span> <span class='ocrx_word' id='word_1_253' title='bbox 922 3273 1714 3352; x_wconf 64' lang='grc' dir='ltr'><strong>01111111,161116111168111101111111111111ῖὸ611110</strong></span> 
     </span>
     <span class='ocr_line' id='line_1_32' title="bbox 83 3369 1716 3456; baseline 0.003 -24"><span class='ocrx_word' id='word_1_254' title='bbox 83 3375 316 3452; x_wconf 84' lang='lat' dir='ltr'>lingonensem</span> <span class='ocrx_word' id='word_1_255' title='bbox 352 3377 386 3438; x_wconf 91' lang='lat' dir='ltr'>et</span> <span class='ocrx_word' id='word_1_256' title='bbox 418 3378 652 3439; x_wconf 79' lang='lat' dir='ltr'>carnotensem</span> <span class='ocrx_word' id='word_1_257' title='bbox 694 3379 867 3456; x_wconf 88' lang='lat' dir='ltr'>episcopos</span> <span class='ocrx_word' id='word_1_258' title='bbox 921 3369 1022 3432; x_wconf 91' lang='lat' dir='ltr'>faciat</span> <span class='ocrx_word' id='word_1_259' title='bbox 1034 3371 1068 3431; x_wconf 91' lang='lat' dir='ltr'>in</span> <span class='ocrx_word' id='word_1_260' title='bbox 1092 3372 1165 3448; x_wconf 91' lang='lat' dir='ltr'>ipsa</span> <span class='ocrx_word' id='word_1_261' title='bbox 1185 3371 1367 3434; x_wconf 90' lang='lat' dir='ltr'>tentatione</span> <span class='ocrx_word' id='word_1_262' title='bbox 1392 3376 1597 3450; x_wconf 78' lang='lat' dir='ltr'>protentum,</span> <span class='ocrx_word' id='word_1_263' title='bbox 1611 3391 1716 3437; x_wconf 83' lang='lat' dir='ltr'>vene-</span> 
     </span>
     <span class='ocr_line' id='line_1_33' title="bbox 81 3467 1715 3544; baseline 0.009 -14"><span class='ocrx_word' id='word_1_264' title='bbox 81 3469 140 3532; x_wconf 79' lang='lat' dir='ltr'>tue</span> <span class='ocrx_word' id='word_1_265' title='bbox 161 3473 353 3536; x_wconf 84' lang='lat' dir='ltr'>serenitatis</span> <span class='ocrx_word' id='word_1_266' title='bbox 375 3474 507 3536; x_wconf 82' lang='lat' dir='ltr'>devotio</span> <span class='ocrx_word' id='word_1_267' title='bbox 529 3475 751 3544; x_wconf 77' lang='lat' dir='ltr'>destinante</span> <span class='ocrx_word' id='word_1_268' title='bbox 771 3477 866 3538; x_wconf 83' lang='lat' dir='ltr'>nobis</span> <span class='ocrx_word' id='word_1_269' title='bbox 920 3467 1060 3530; x_wconf 83' lang='lat' dir='ltr'>rabilem</span> <span class='ocrx_word' id='word_1_270' title='bbox 1082 3468 1220 3531; x_wconf 83' lang='lat' dir='ltr'>fratrem</span> <span class='ocrx_word' id='word_1_271' title='bbox 1244 3471 1391 3532; x_wconf 80' lang='lat' dir='ltr'>nostrum</span> <span class='ocrx_word' id='word_1_272' title='bbox 1407 3473 1604 3544; x_wconf 82' lang='lat' dir='ltr'>conradum,</span> <span class='ocrx_word' id='word_1_273' title='bbox 1631 3476 1715 3535; x_wconf 86' lang='lat' dir='ltr'>Por-</span> 
     </span>
     <span class='ocr_line' id='line_1_34' title="bbox 82 3565 1784 3652; baseline 0.005 -29"><span class='ocrx_word' id='word_1_274' title='bbox 82 3565 111 3625; x_wconf 88' lang='lat' dir='ltr'>et</span> <span class='ocrx_word' id='word_1_275' title='bbox 130 3565 287 3628; x_wconf 89' lang='lat' dir='ltr'>fratribus</span> <span class='ocrx_word' id='word_1_276' title='bbox 307 3568 431 3630; x_wconf 90' lang='lat' dir='ltr'>nostris</span> <span class='ocrx_word' id='word_1_277' title='bbox 453 3569 555 3630; x_wconf 89' lang='lat' dir='ltr'>multa</span> <span class='ocrx_word' id='word_1_278' title='bbox 577 3569 762 3644; x_wconf 86' lang='lat' dir='ltr'>diligentia,</span> <span class='ocrx_word' id='word_1_279' title='bbox 782 3571 867 3632; x_wconf 90' lang='lat' dir='ltr'>sicut</span> <span class='ocrx_word' id='word_1_280' title='bbox 919 3566 1070 3627; x_wconf 88' lang='lat' dir='ltr'>tuensem</span> <span class='ocrx_word' id='word_1_281' title='bbox 1094 3567 1296 3643; x_wconf 87' lang='lat' dir='ltr'>episcopum,</span> <span class='ocrx_word' id='word_1_282' title='bbox 1319 3571 1357 3628; x_wconf 79' lang='lat' dir='ltr'>A.</span> <span class='ocrx_word' id='word_1_283' title='bbox 1376 3569 1408 3628; x_wconf 89' lang='lat' dir='ltr'>S.</span> <span class='ocrx_word' id='word_1_284' title='bbox 1428 3568 1584 3644; x_wconf 90' lang='lat' dir='ltr'>legatum,</span> <span class='ocrx_word' id='word_1_285' title='bbox 1597 3571 1637 3631; x_wconf 94' lang='lat' dir='ltr'>ad</span> <span class='ocrx_word' id='word_1_286' title='bbox 1651 3586 1712 3632; x_wconf 91' lang='lat' dir='ltr'>ca·</span> <span class='ocrx_word' id='word_1_287' title='bbox 1775 3638 1784 3652; x_wconf 56' lang='grc'>,</span> 
     </span>
     <span class='ocr_line' id='line_1_35' title="bbox 82 3662 1712 3741; baseline 0.004 -20"><span class='ocrx_word' id='word_1_288' title='bbox 82 3665 272 3740; x_wconf 83' lang='lat' dir='ltr'>exposcebat</span> <span class='ocrx_word' id='word_1_289' title='bbox 282 3665 406 3741; x_wconf 89' lang='lat' dir='ltr'>negotii</span> <span class='ocrx_word' id='word_1_290' title='bbox 420 3665 622 3741; x_wconf 84' lang='lat' dir='ltr'>magnitudo,</span> <span class='ocrx_word' id='word_1_291' title='bbox 638 3665 809 3739; x_wconf 89' lang='lat' dir='ltr'>discussis,</span> <span class='ocrx_word' id='word_1_292' title='bbox 820 3669 865 3728; x_wconf 89' lang='lat' dir='ltr'>ita</span> <span class='ocrx_word' id='word_1_293' title='bbox 919 3662 1087 3723; x_wconf 89' lang='lat' dir='ltr'>rissimum</span> <span class='ocrx_word' id='word_1_294' title='bbox 1103 3663 1138 3723; x_wconf 93' lang='lat' dir='ltr'>in</span> <span class='ocrx_word' id='word_1_295' title='bbox 1154 3664 1283 3726; x_wconf 87' lang='lat' dir='ltr'>Christo</span> <span class='ocrx_word' id='word_1_296' title='bbox 1304 3665 1409 3725; x_wconf 89' lang='lat' dir='ltr'>lilium</span> <span class='ocrx_word' id='word_1_297' title='bbox 1424 3669 1571 3728; x_wconf 89' lang='lat' dir='ltr'>nostrum</span> <span class='ocrx_word' id='word_1_298' title='bbox 1597 3668 1712 3728; x_wconf 90' lang='lat' dir='ltr'>Ludo-</span> 
     </span>
     <span class='ocr_line' id='line_1_36' title="bbox 82 3759 1712 3841; baseline 0.005 -23"><span class='ocrx_word' id='word_1_299' title='bbox 82 3761 157 3834; x_wconf 91' lang='lat' dir='ltr'>quod</span> <span class='ocrx_word' id='word_1_300' title='bbox 173 3761 267 3824; x_wconf 85' lang='lat' dir='ltr'>finali</span> <span class='ocrx_word' id='word_1_301' title='bbox 279 3763 423 3825; x_wconf 90' lang='lat' dir='ltr'>tractatu</span> <span class='ocrx_word' id='word_1_302' title='bbox 443 3762 555 3824; x_wconf 89' lang='lat' dir='ltr'>habito</span> <span class='ocrx_word' id='word_1_303' title='bbox 571 3779 672 3841; x_wconf 90' lang='lat' dir='ltr'>super</span> <span class='ocrx_word' id='word_1_304' title='bbox 686 3765 766 3833; x_wconf 90' lang='lat' dir='ltr'>illis,</span> <span class='ocrx_word' id='word_1_305' title='bbox 778 3781 866 3840; x_wconf 88' lang='lat' dir='ltr'>prae·-</span> <span class='ocrx_word' id='word_1_306' title='bbox 918 3759 1039 3833; x_wconf 87' lang='lat' dir='ltr'>vicum,</span> <span class='ocrx_word' id='word_1_307' title='bbox 1072 3777 1184 3836; x_wconf 91' lang='lat' dir='ltr'>regem</span> <span class='ocrx_word' id='word_1_308' title='bbox 1218 3764 1420 3822; x_wconf 84' lang='lat' dir='ltr'>Francorum</span> <span class='ocrx_word' id='word_1_309' title='bbox 1449 3763 1623 3835; x_wconf 88' lang='lat' dir='ltr'>illustrem,</span> <span class='ocrx_word' id='word_1_310' title='bbox 1654 3765 1712 3840; x_wconf 77' lang='lat' dir='ltr'>qui</span> 
     </span>
     <span class='ocr_line' id='line_1_37' title="bbox 82 3851 1711 3933; baseline 0.007 -23"><span class='ocrx_word' id='word_1_311' title='bbox 82 3851 133 3914; x_wconf 92' lang='lat' dir='ltr'>fati</span> <span class='ocrx_word' id='word_1_312' title='bbox 157 3857 305 3933; x_wconf 88' lang='lat' dir='ltr'>episcopi</span> <span class='ocrx_word' id='word_1_313' title='bbox 330 3859 400 3933; x_wconf 89' lang='lat' dir='ltr'>jam</span> <span class='ocrx_word' id='word_1_314' title='bbox 430 3857 494 3918; x_wconf 92' lang='lat' dir='ltr'>iter</span> <span class='ocrx_word' id='word_1_315' title='bbox 519 3857 733 3933; x_wconf 88' lang='lat' dir='ltr'>arripuerant</span> <span class='ocrx_word' id='word_1_316' title='bbox 762 3858 802 3918; x_wconf 90' lang='lat' dir='ltr'>ad</span> <span class='ocrx_word' id='word_1_317' title='bbox 832 3861 865 3920; x_wconf 92' lang='lat' dir='ltr'>te</span> <span class='ocrx_word' id='word_1_318' title='bbox 919 3856 1018 3918; x_wconf 89' lang='lat' dir='ltr'>clarae</span> <span class='ocrx_word' id='word_1_319' title='bbox 1029 3859 1197 3918; x_wconf 88' lang='lat' dir='ltr'>memoriae</span> <span class='ocrx_word' id='word_1_320' title='bbox 1210 3859 1458 3932; x_wconf 86' lang='lat' dir='ltr'>progenitorum</span> <span class='ocrx_word' id='word_1_321' title='bbox 1469 3873 1603 3920; x_wconf 92' lang='lat' dir='ltr'>suorum</span> <span class='ocrx_word' id='word_1_322' title='bbox 1613 3861 1711 3922; x_wconf 84' lang='lat' dir='ltr'>vesti·</span> 
     </span>
     <span class='ocr_line' id='line_1_38' title="bbox 82 3953 1707 4033; baseline 0.006 -25"><span class='ocrx_word' id='word_1_323' title='bbox 82 3963 147 4010; x_wconf 94' lang='lat' dir='ltr'>cum</span> <span class='ocrx_word' id='word_1_324' title='bbox 163 3953 286 4016; x_wconf 91' lang='lat' dir='ltr'>litteris</span> <span class='ocrx_word' id='word_1_325' title='bbox 300 3954 423 4015; x_wconf 91' lang='lat' dir='ltr'>nostris</span> <span class='ocrx_word' id='word_1_326' title='bbox 437 3953 637 4026; x_wconf 89' lang='lat' dir='ltr'>revertendi,</span> <span class='ocrx_word' id='word_1_327' title='bbox 658 3954 732 4030; x_wconf 91' lang='lat' dir='ltr'>ipso</span> <span class='ocrx_word' id='word_1_328' title='bbox 747 3955 863 4016; x_wconf 90' lang='lat' dir='ltr'>archi·</span> <span class='ocrx_word' id='word_1_329' title='bbox 918 3954 973 4029; x_wconf 89' lang='lat' dir='ltr'>gia</span> <span class='ocrx_word' id='word_1_330' title='bbox 989 3955 1150 4016; x_wconf 91' lang='lat' dir='ltr'>imitando</span> <span class='ocrx_word' id='word_1_331' title='bbox 1165 3970 1231 4015; x_wconf 90' lang='lat' dir='ltr'>non</span> <span class='ocrx_word' id='word_1_332' title='bbox 1247 3955 1414 4027; x_wconf 89' lang='lat' dir='ltr'>deserens,</span> <span class='ocrx_word' id='word_1_333' title='bbox 1429 3955 1486 4016; x_wconf 93' lang='lat' dir='ltr'>sed</span> <span class='ocrx_word' id='word_1_334' title='bbox 1500 3956 1586 4018; x_wconf 90' lang='lat' dir='ltr'>sicut</span> <span class='ocrx_word' id='word_1_335' title='bbox 1601 3958 1707 4033; x_wconf 89' lang='lat' dir='ltr'>regni,</span> 
     </span>
     <span class='ocr_line' id='line_1_39' title="bbox 81 4047 1710 4128; baseline 0.007 -23"><span class='ocrx_word' id='word_1_336' title='bbox 81 4047 237 4127; x_wconf 91' lang='lat' dir='ltr'>episcopo,</span> <span class='ocrx_word' id='word_1_337' title='bbox 261 4051 318 4127; x_wconf 87' lang='lat' dir='ltr'>qui</span> <span class='ocrx_word' id='word_1_338' title='bbox 335 4066 395 4126; x_wconf 93' lang='lat' dir='ltr'>pro</span> <span class='ocrx_word' id='word_1_339' title='bbox 414 4050 611 4128; x_wconf 85' lang='lat' dir='ltr'>quibusdam</span> <span class='ocrx_word' id='word_1_340' title='bbox 626 4051 769 4126; x_wconf 89' lang='lat' dir='ltr'>negotiis</span> <span class='ocrx_word' id='word_1_341' title='bbox 793 4052 863 4112; x_wconf 92' lang='lat' dir='ltr'>suis</span> <span class='ocrx_word' id='word_1_342' title='bbox 918 4051 1008 4112; x_wconf 90' lang='lat' dir='ltr'>sicet</span> <span class='ocrx_word' id='word_1_343' title='bbox 1021 4051 1153 4112; x_wconf 83' lang='lat' dir='ltr'>virtutis</span> <span class='ocrx_word' id='word_1_344' title='bbox 1176 4067 1215 4112; x_wconf 92' lang='lat' dir='ltr'>ac</span> <span class='ocrx_word' id='word_1_345' title='bbox 1238 4052 1424 4114; x_wconf 86' lang='lat' dir='ltr'>devotionis</span> <span class='ocrx_word' id='word_1_346' title='bbox 1440 4069 1554 4114; x_wconf 89' lang='lat' dir='ltr'>eorum</span> <span class='ocrx_word' id='word_1_347' title='bbox 1570 4070 1605 4114; x_wconf 92' lang='lat' dir='ltr'>se</span> <span class='ocrx_word' id='word_1_348' title='bbox 1617 4071 1710 4116; x_wconf 90' lang='lat' dir='ltr'>com-</span> 
     </span>
     <span class='ocr_line' id='line_1_40' title="bbox 82 4145 1710 4225; baseline 0.008 -24"><span class='ocrx_word' id='word_1_349' title='bbox 82 4145 157 4220; x_wconf 91' lang='lat' dir='ltr'>apud</span> <span class='ocrx_word' id='word_1_350' title='bbox 168 4147 392 4225; x_wconf 75' lang='lat' dir='ltr'>apostolicam</span> <span class='ocrx_word' id='word_1_351' title='bbox 409 4146 525 4207; x_wconf 85' lang='lat' dir='ltr'>sedern</span> <span class='ocrx_word' id='word_1_352' title='bbox 538 4148 746 4208; x_wconf 89' lang='lat' dir='ltr'>remanserat</span> <span class='ocrx_word' id='word_1_353' title='bbox 755 4148 864 4209; x_wconf 90' lang='lat' dir='ltr'>adhuc</span> <span class='ocrx_word' id='word_1_354' title='bbox 918 4148 1060 4224; x_wconf 89' lang='lat' dir='ltr'>probans</span> <span class='ocrx_word' id='word_1_355' title='bbox 1071 4163 1307 4220; x_wconf 87' lang='lat' dir='ltr'>successorem,</span> <span class='ocrx_word' id='word_1_356' title='bbox 1323 4149 1356 4208; x_wconf 92' lang='lat' dir='ltr'>in</span> <span class='ocrx_word' id='word_1_357' title='bbox 1370 4150 1432 4210; x_wconf 89' lang='lat' dir='ltr'>boc</span> <span class='ocrx_word' id='word_1_358' title='bbox 1443 4151 1591 4212; x_wconf 90' lang='lat' dir='ltr'>setotum</span> <span class='ocrx_word' id='word_1_359' title='bbox 1606 4150 1710 4214; x_wconf 90' lang='lat' dir='ltr'>bene-</span> 
     </span>
     <span class='ocr_line' id='line_1_41' title="bbox 82 4239 1706 4324; baseline 0.007 -25"><span class='ocrx_word' id='word_1_360' title='bbox 82 4239 235 4304; x_wconf 90' lang='lat' dir='ltr'>innostra</span> <span class='ocrx_word' id='word_1_361' title='bbox 257 4243 435 4322; x_wconf 87' lang='lat' dir='ltr'>praesentia</span> <span class='ocrx_word' id='word_1_362' title='bbox 451 4243 640 4316; x_wconf 89' lang='lat' dir='ltr'>constituto,</span> <span class='ocrx_word' id='word_1_363' title='bbox 657 4259 862 4322; x_wconf 90' lang='lat' dir='ltr'>supervene-</span> <span class='ocrx_word' id='word_1_364' title='bbox 917 4245 1038 4320; x_wconf 89' lang='lat' dir='ltr'>placito</span> <span class='ocrx_word' id='word_1_365' title='bbox 1051 4245 1247 4321; x_wconf 81' lang='lat' dir='ltr'>apostolice</span> <span class='ocrx_word' id='word_1_366' title='bbox 1276 4245 1370 4306; x_wconf 82' lang='lat' dir='ltr'>Sedis</span> <span class='ocrx_word' id='word_1_367' title='bbox 1397 4247 1533 4322; x_wconf 82' lang='lat' dir='ltr'>exponit</span> <span class='ocrx_word' id='word_1_368' title='bbox 1548 4263 1607 4322; x_wconf 94' lang='lat' dir='ltr'>pro</span> <span class='ocrx_word' id='word_1_369' title='bbox 1633 4249 1706 4324; x_wconf 90' lang='lat' dir='ltr'>ipso</span> 
     </span>
     <span class='ocr_line' id='line_1_42' title="bbox 82 4340 1705 4418; baseline 0.009 -25"><span class='ocrx_word' id='word_1_370' title='bbox 82 4340 150 4400; x_wconf 91' lang='lat' dir='ltr'>runt</span> <span class='ocrx_word' id='word_1_371' title='bbox 167 4341 331 4402; x_wconf 89' lang='lat' dir='ltr'>solemnes</span> <span class='ocrx_word' id='word_1_372' title='bbox 357 4341 472 4400; x_wconf 91' lang='lat' dir='ltr'>nuncii</span> <span class='ocrx_word' id='word_1_373' title='bbox 491 4340 657 4401; x_wconf 91' lang='lat' dir='ltr'>carissimi</span> <span class='ocrx_word' id='word_1_374' title='bbox 675 4341 711 4401; x_wconf 94' lang='lat' dir='ltr'>in</span> <span class='ocrx_word' id='word_1_375' title='bbox 731 4342 862 4403; x_wconf 88' lang='lat' dir='ltr'>Christo</span> <span class='ocrx_word' id='word_1_376' title='bbox 916 4342 1049 4418; x_wconf 91' lang='lat' dir='ltr'>negotio</span> <span class='ocrx_word' id='word_1_377' title='bbox 1072 4342 1262 4413; x_wconf 84' lang='lat' dir='ltr'>relevando,</span> <span class='ocrx_word' id='word_1_378' title='bbox 1284 4341 1439 4403; x_wconf 85' lang='lat' dir='ltr'>duximus</span> <span class='ocrx_word' id='word_1_379' title='bbox 1461 4343 1705 4408; x_wconf 85' lang='lat' dir='ltr'>destinandum.</span> 
     </span>
     <span class='ocr_line' id='line_1_43' title="bbox 83 4431 1707 4516; baseline 0.007 -26"><span class='ocrx_word' id='word_1_380' title='bbox 83 4431 134 4494; x_wconf 86' lang='lat' dir='ltr'>fllii</span> <span class='ocrx_word' id='word_1_381' title='bbox 150 4437 254 4500; x_wconf 90' lang='lat' dir='ltr'>nostri</span> <span class='ocrx_word' id='word_1_382' title='bbox 269 4439 305 4498; x_wconf 79' lang='lat' dir='ltr'>F.</span> <span class='ocrx_word' id='word_1_383' title='bbox 322 4437 463 4498; x_wconf 90' lang='lat' dir='ltr'>illustris</span> <span class='ocrx_word' id='word_1_384' title='bbox 479 4441 703 4500; x_wconf 84' lang='lat' dir='ltr'>Romanorum</span> <span class='ocrx_word' id='word_1_385' title='bbox 722 4439 863 4516; x_wconf 90' lang='lat' dir='ltr'>impera·</span> <span class='ocrx_word' id='word_1_386' title='bbox 916 4439 1088 4510; x_wconf 85' lang='lat' dir='ltr'>Caeterum,</span> <span class='ocrx_word' id='word_1_387' title='bbox 1104 4439 1181 4516; x_wconf 85' lang='lat' dir='ltr'>quia</span> <span class='ocrx_word' id='word_1_388' title='bbox 1192 4439 1373 4500; x_wconf 88' lang='lat' dir='ltr'>nobilisvir</span> <span class='ocrx_word' id='word_1_389' title='bbox 1388 4439 1594 4500; x_wconf 82' lang='lat' dir='ltr'>Raimundus</span> <span class='ocrx_word' id='word_1_390' title='bbox 1605 4456 1707 4516; x_wconf 92' lang='lat' dir='ltr'>quon·</span> 
     </span>
     <span class='ocr_line' id='line_1_44' title="bbox 82 4529 1704 4611; baseline 0.005 -21"><span class='ocrx_word' id='word_1_391' title='bbox 82 4529 165 4605; x_wconf 88' lang='lat' dir='ltr'>toris,</span> <span class='ocrx_word' id='word_1_392' title='bbox 181 4549 311 4611; x_wconf 88' lang='lat' dir='ltr'>semper</span> <span class='ocrx_word' id='word_1_393' title='bbox 323 4534 500 4610; x_wconf 87' lang='lat' dir='ltr'>angustiat</span> <span class='ocrx_word' id='word_1_394' title='bbox 514 4536 603 4610; x_wconf 87' lang='lat' dir='ltr'>regis</span> <span class='ocrx_word' id='word_1_395' title='bbox 620 4535 754 4608; x_wconf 79' lang='lat' dir='ltr'>Sicilire,</span> <span class='ocrx_word' id='word_1_396' title='bbox 766 4535 862 4598; x_wconf 91' lang='lat' dir='ltr'>nobis</span> <span class='ocrx_word' id='word_1_397' title='bbox 917 4533 991 4596; x_wconf 92' lang='lat' dir='ltr'>dam</span> <span class='ocrx_word' id='word_1_398' title='bbox 1018 4534 1108 4596; x_wconf 89' lang='lat' dir='ltr'>lilius</span> <span class='ocrx_word' id='word_1_399' title='bbox 1134 4537 1173 4596; x_wconf 87' lang='lat' dir='ltr'>R.</span> <span class='ocrx_word' id='word_1_400' title='bbox 1201 4534 1332 4596; x_wconf 90' lang='lat' dir='ltr'>comitis</span> <span class='ocrx_word' id='word_1_401' title='bbox 1348 4534 1504 4595; x_wconf 82' lang='lat' dir='ltr'>Tolosani</span> <span class='ocrx_word' id='word_1_402' title='bbox 1539 4536 1704 4598; x_wconf 88' lang='lat' dir='ltr'>mandatis</span> 
     </span>
     <span class='ocr_line' id='line_1_45' title="bbox 83 4631 1704 4710; baseline 0.005 -23"><span class='ocrx_word' id='word_1_403' title='bbox 83 4641 134 4700; x_wconf 92' lang='lat' dir='ltr'>per</span> <span class='ocrx_word' id='word_1_404' title='bbox 162 4631 252 4708; x_wconf 91' lang='lat' dir='ltr'>ipsos</span> <span class='ocrx_word' id='word_1_405' title='bbox 285 4633 424 4694; x_wconf 91' lang='lat' dir='ltr'>nuncios</span> <span class='ocrx_word' id='word_1_406' title='bbox 452 4631 485 4694; x_wconf 89' lang='lat' dir='ltr'>et</span> <span class='ocrx_word' id='word_1_407' title='bbox 515 4633 705 4710; x_wconf 89' lang='lat' dir='ltr'>imperiales</span> <span class='ocrx_word' id='word_1_408' title='bbox 733 4634 861 4696; x_wconf 92' lang='lat' dir='ltr'>litteras</span> <span class='ocrx_word' id='word_1_409' title='bbox 915 4632 1124 4709; x_wconf 73' lang='lat' dir='ltr'>apostolicis,</span> <span class='ocrx_word' id='word_1_410' title='bbox 1145 4633 1179 4693; x_wconf 91' lang='lat' dir='ltr'>et</span> <span class='ocrx_word' id='word_1_411' title='bbox 1200 4632 1326 4692; x_wconf 90' lang='lat' dir='ltr'>utinam</span> <span class='ocrx_word' id='word_1_412' title='bbox 1349 4647 1429 4692; x_wconf 85' lang='lat' dir='ltr'>vera</span> <span class='ocrx_word' id='word_1_413' title='bbox 1456 4631 1650 4694; x_wconf 90' lang='lat' dir='ltr'>devotionel</span> <span class='ocrx_word' id='word_1_414' title='bbox 1669 4649 1704 4695; x_wconf 92' lang='lat' dir='ltr'>se</span> 
     </span>
     <span class='ocr_line' id='line_1_46' title="bbox 83 4725 1795 4806; baseline 0.005 -23"><span class='ocrx_word' id='word_1_415' title='bbox 83 4730 265 4802; x_wconf 81' lang='lat' dir='ltr'>exponentis</span> <span class='ocrx_word' id='word_1_416' title='bbox 284 4729 417 4790; x_wconf 89' lang='lat' dir='ltr'>fervens</span> <span class='ocrx_word' id='word_1_417' title='bbox 437 4727 649 4802; x_wconf 90' lang='lat' dir='ltr'>desiderium,</span> <span class='ocrx_word' id='word_1_418' title='bbox 662 4729 748 4806; x_wconf 88' lang='lat' dir='ltr'>quod</span> <span class='ocrx_word' id='word_1_419' title='bbox 771 4731 802 4792; x_wconf 92' lang='lat' dir='ltr'>ei</span> <span class='ocrx_word' id='word_1_420' title='bbox 821 4732 861 4792; x_wconf 91' lang='lat' dir='ltr'>de</span> <span class='ocrx_word' id='word_1_421' title='bbox 916 4728 1014 4790; x_wconf 84' lang='lat' dir='ltr'>offert</span> <span class='ocrx_word' id='word_1_422' title='bbox 1025 4728 1144 4791; x_wconf 89' lang='lat' dir='ltr'>litteris</span> <span class='ocrx_word' id='word_1_423' title='bbox 1161 4741 1260 4805; x_wconf 89' lang='lat' dir='ltr'>super</span> <span class='ocrx_word' id='word_1_424' title='bbox 1275 4727 1337 4788; x_wconf 89' lang='lat' dir='ltr'>boc</span> <span class='ocrx_word' id='word_1_425' title='bbox 1347 4725 1442 4789; x_wconf 92' lang='lat' dir='ltr'>nobis</span> <span class='ocrx_word' id='word_1_426' title='bbox 1453 4732 1485 4790; x_wconf 92' lang='lat' dir='ltr'>et</span> <span class='ocrx_word' id='word_1_427' title='bbox 1500 4730 1622 4791; x_wconf 89' lang='lat' dir='ltr'>nuncio</span> <span class='ocrx_word' id='word_1_428' title='bbox 1635 4730 1707 4792; x_wconf 89' lang='lat' dir='ltr'>des·</span> <span class='ocrx_word' id='word_1_429' title='bbox 1792 4800 1795 4804; x_wconf 51' lang='grc'><strong><em>,</em></strong></span> 
     </span>
     <span class='ocr_line' id='line_1_47' title="bbox 84 4821 1734 4905; baseline 0.006 -23"><span class='ocrx_word' id='word_1_430' title='bbox 84 4821 180 4888; x_wconf 83' lang='lat' dir='ltr'>Terrae</span> <span class='ocrx_word' id='word_1_431' title='bbox 194 4828 323 4890; x_wconf 87' lang='lat' dir='ltr'>Sanctae</span> <span class='ocrx_word' id='word_1_432' title='bbox 334 4843 494 4888; x_wconf 91' lang='lat' dir='ltr'>succursu</span> <span class='ocrx_word' id='word_1_433' title='bbox 502 4828 661 4889; x_wconf 89' lang='lat' dir='ltr'>Dominus</span> <span class='ocrx_word' id='word_1_434' title='bbox 671 4827 859 4905; x_wconf 89' lang='lat' dir='ltr'>inspiravit,</span> <span class='ocrx_word' id='word_1_435' title='bbox 914 4827 1040 4899; x_wconf 81' lang='grc'><strong>11111111,</strong></span> <span class='ocrx_word' id='word_1_436' title='bbox 1054 4826 1117 4904; x_wconf 92' lang='lat' dir='ltr'>ipsi</span> <span class='ocrx_word' id='word_1_437' title='bbox 1139 4825 1247 4900; x_wconf 86' lang='lat' dir='ltr'>legato</span> <span class='ocrx_word' id='word_1_438' title='bbox 1265 4825 1415 4887; x_wconf 91' lang='lat' dir='ltr'>dedimus</span> <span class='ocrx_word' id='word_1_439' title='bbox 1430 4825 1465 4886; x_wconf 91' lang='lat' dir='ltr'>in</span> <span class='ocrx_word' id='word_1_440' title='bbox 1480 4828 1656 4900; x_wconf 90' lang='lat' dir='ltr'>mandatis,</span> <span class='ocrx_word' id='word_1_441' title='bbox 1673 4829 1707 4892; x_wconf 86' lang='lat' dir='ltr'>et</span> <span class='ocrx_word' id='word_1_442' title='bbox 1729 4849 1734 4856; x_wconf 83' lang='grc'><strong><em>’</em></strong></span> 
     </span>
     <span class='ocr_line' id='line_1_48' title="bbox 84 4922 1702 5002; baseline 0.002 -18"><span class='ocrx_word' id='word_1_443' title='bbox 84 4933 117 4978; x_wconf 78' lang='lat' dir='ltr'>ac</span> <span class='ocrx_word' id='word_1_444' title='bbox 130 4925 319 4998; x_wconf 91' lang='lat' dir='ltr'>postulantis</span> <span class='ocrx_word' id='word_1_445' title='bbox 343 4924 505 4986; x_wconf 90' lang='lat' dir='ltr'>instanter</span> <span class='ocrx_word' id='word_1_446' title='bbox 519 4925 565 4996; x_wconf 91' lang='lat' dir='ltr'>ut,</span> <span class='ocrx_word' id='word_1_447' title='bbox 585 4941 659 4985; x_wconf 91' lang='lat' dir='ltr'>cum</span> <span class='ocrx_word' id='word_1_448' title='bbox 679 4925 751 5001; x_wconf 89' lang='lat' dir='ltr'>ipse</span> <span class='ocrx_word' id='word_1_449' title='bbox 765 4941 860 5002; x_wconf 91' lang='lat' dir='ltr'>reges</span> <span class='ocrx_word' id='word_1_450' title='bbox 915 4923 1108 5002; x_wconf 90' lang='lat' dir='ltr'>scripsimus</span> <span class='ocrx_word' id='word_1_451' title='bbox 1124 4923 1222 4984; x_wconf 90' lang='lat' dir='ltr'>etiam</span> <span class='ocrx_word' id='word_1_452' title='bbox 1238 4923 1325 4984; x_wconf 92' lang='lat' dir='ltr'>dicto</span> <span class='ocrx_word' id='word_1_453' title='bbox 1342 4922 1425 5000; x_wconf 85' lang='lat' dir='ltr'>regi,</span> <span class='ocrx_word' id='word_1_454' title='bbox 1451 4924 1486 4985; x_wconf 94' lang='lat' dir='ltr'>ut</span> <span class='ocrx_word' id='word_1_455' title='bbox 1501 4925 1529 4985; x_wconf 91' lang='lat' dir='ltr'>si</span> <span class='ocrx_word' id='word_1_456' title='bbox 1545 4925 1702 5002; x_wconf 87' lang='lat' dir='ltr'>praefatus</span> 
     </span>
     <span class='ocr_line' id='line_1_49' title="bbox 84 5016 1705 5103; baseline 0.004 -27"><span class='ocrx_word' id='word_1_457' title='bbox 84 5016 111 5078; x_wconf 91' lang='lat' dir='ltr'>et</span> <span class='ocrx_word' id='word_1_458' title='bbox 123 5023 283 5100; x_wconf 88' lang='lat' dir='ltr'>principes</span> <span class='ocrx_word' id='word_1_459' title='bbox 301 5023 500 5084; x_wconf 88' lang='lat' dir='ltr'>christianos</span> <span class='ocrx_word' id='word_1_460' title='bbox 516 5022 558 5103; x_wconf 82' lang='lat' dir='ltr'>ad</span> <span class='ocrx_word' id='word_1_461' title='bbox 580 5022 613 5084; x_wconf 92' lang='lat' dir='ltr'>id</span> <span class='ocrx_word' id='word_1_462' title='bbox 633 5023 781 5084; x_wconf 90' lang='lat' dir='ltr'>animare</span> <span class='ocrx_word' id='word_1_463' title='bbox 796 5025 861 5084; x_wconf 90' lang='lat' dir='ltr'>stu·</span> <span class='ocrx_word' id='word_1_464' title='bbox 915 5020 1557 5097; x_wconf 79' lang='lat' dir='ltr'>nobilisvolueritveraciterApostolicis</span> <span class='ocrx_word' id='word_1_465' title='bbox 1569 5021 1705 5084; x_wconf 89' lang='lat' dir='ltr'>obedire</span> 
     </span>
     <span class='ocr_line' id='line_1_50' title="bbox 85 5112 1702 5198; baseline 0.005 -26"><span class='ocrx_word' id='word_1_466' title='bbox 85 5112 149 5178; x_wconf 84' lang='lat' dir='ltr'>deal</span> <span class='ocrx_word' id='word_1_467' title='bbox 162 5120 387 5198; x_wconf 89' lang='lat' dir='ltr'>imperialibus</span> <span class='ocrx_word' id='word_1_468' title='bbox 398 5118 619 5196; x_wconf 86' lang='lat' dir='ltr'>legationibus</span> <span class='ocrx_word' id='word_1_469' title='bbox 630 5121 663 5180; x_wconf 91' lang='lat' dir='ltr'>et</span> <span class='ocrx_word' id='word_1_470' title='bbox 675 5121 858 5196; x_wconf 87' lang='lat' dir='ltr'>promissis,</span> <span class='ocrx_word' id='word_1_471' title='bbox 914 5117 1089 5190; x_wconf 90' lang='lat' dir='ltr'>mandatis,</span> <span class='ocrx_word' id='word_1_472' title='bbox 1105 5118 1150 5179; x_wconf 89' lang='lat' dir='ltr'>ita</span> <span class='ocrx_word' id='word_1_473' title='bbox 1175 5116 1259 5194; x_wconf 88' lang='lat' dir='ltr'>quod</span> <span class='ocrx_word' id='word_1_474' title='bbox 1275 5119 1365 5179; x_wconf 86' lang='lat' dir='ltr'>terra</span> <span class='ocrx_word' id='word_1_475' title='bbox 1389 5119 1548 5194; x_wconf 88' lang='lat' dir='ltr'>purgetur</span> <span class='ocrx_word' id='word_1_476' title='bbox 1562 5119 1702 5180; x_wconf 88' lang='lat' dir='ltr'>haereti-</span> 
     </span>
     <span class='ocr_line' id='line_1_51' title="bbox 85 5211 1705 5294; baseline 0.006 -26"><span class='ocrx_word' id='word_1_477' title='bbox 85 5211 160 5277; x_wconf 88' lang='lat' dir='ltr'>sicut</span> <span class='ocrx_word' id='word_1_478' title='bbox 177 5219 331 5294; x_wconf 90' lang='lat' dir='ltr'>colligere</span> <span class='ocrx_word' id='word_1_479' title='bbox 346 5217 470 5294; x_wconf 91' lang='lat' dir='ltr'>poteris</span> <span class='ocrx_word' id='word_1_480' title='bbox 486 5232 528 5277; x_wconf 85' lang='lat' dir='ltr'>ex</span> <span class='ocrx_word' id='word_1_481' title='bbox 544 5220 659 5278; x_wconf 91' lang='lat' dir='ltr'>tenore</span> <span class='ocrx_word' id='word_1_482' title='bbox 675 5216 860 5278; x_wconf 88' lang='lat' dir='ltr'>litterarum</span> <span class='ocrx_word' id='word_1_483' title='bbox 914 5216 973 5284; x_wconf 92' lang='lat' dir='ltr'>cis,</span> <span class='ocrx_word' id='word_1_484' title='bbox 988 5216 1021 5278; x_wconf 91' lang='lat' dir='ltr'>et</span> <span class='ocrx_word' id='word_1_485' title='bbox 1034 5214 1218 5276; x_wconf 90' lang='lat' dir='ltr'>satisfaciat</span> <span class='ocrx_word' id='word_1_486' title='bbox 1231 5214 1380 5276; x_wconf 91' lang='lat' dir='ltr'>ecclesiis</span> <span class='ocrx_word' id='word_1_487' title='bbox 1391 5216 1424 5276; x_wconf 90' lang='lat' dir='ltr'>et</span> <span class='ocrx_word' id='word_1_488' title='bbox 1434 5215 1515 5274; x_wconf 86' lang='lat' dir='ltr'>viris</span> <span class='ocrx_word' id='word_1_489' title='bbox 1530 5213 1705 5279; x_wconf 88' lang='lat' dir='ltr'>ecclesias·</span> 
     </span>
     <span class='ocr_line' id='line_1_52' title="bbox 86 5307 1703 5393; baseline 0.004 -22"><span class='ocrx_word' id='word_1_490' title='bbox 86 5307 217 5386; x_wconf 90' lang='lat' dir='ltr'>ipsarum</span> <span class='ocrx_word' id='word_1_491' title='bbox 232 5332 329 5393; x_wconf 86' lang='lat' dir='ltr'>quem</span> <span class='ocrx_word' id='word_1_492' title='bbox 345 5314 404 5376; x_wconf 92' lang='lat' dir='ltr'>tibi</span> <span class='ocrx_word' id='word_1_493' title='bbox 417 5330 477 5390; x_wconf 91' lang='lat' dir='ltr'>per</span> <span class='ocrx_word' id='word_1_494' title='bbox 488 5313 709 5374; x_wconf 85' lang='lat' dir='ltr'>venerabilem</span> <span class='ocrx_word' id='word_1_495' title='bbox 725 5314 859 5378; x_wconf 89' lang='lat' dir='ltr'>fratrem</span> <span class='ocrx_word' id='word_1_496' title='bbox 912 5313 1215 5374; x_wconf 90' lang='lat' dir='ltr'>ticisdedamniset</span> <span class='ocrx_word' id='word_1_497' title='bbox 1225 5311 1703 5389; x_wconf 86' lang='lat' dir='ltr'>injuriishactenusirrogatis,</span> 
     </span>
     <span class='ocr_line' id='line_1_53' title="bbox 86 5407 1701 5488; baseline 0.006 -25"><span class='ocrx_word' id='word_1_498' title='bbox 86 5411 218 5472; x_wconf 89' lang='lat' dir='ltr'>nostrum</span> <span class='ocrx_word' id='word_1_499' title='bbox 230 5415 264 5472; x_wconf 86' lang='lat' dir='ltr'>C.</span> <span class='ocrx_word' id='word_1_500' title='bbox 279 5413 497 5472; x_wconf 90' lang='lat' dir='ltr'>Portuensem</span> <span class='ocrx_word' id='word_1_501' title='bbox 511 5411 861 5488; x_wconf 84' lang='lat' dir='ltr'>episcopum,Apost0-</span> <span class='ocrx_word' id='word_1_502' title='bbox 914 5412 946 5472; x_wconf 88' lang='lat' dir='ltr'>et</span> <span class='ocrx_word' id='word_1_503' title='bbox 957 5408 1322 5486; x_wconf 90' lang='lat' dir='ltr'>provideaturlibertati</span> <span class='ocrx_word' id='word_1_504' title='bbox 1333 5407 1484 5468; x_wconf 89' lang='lat' dir='ltr'>ecclesiae</span> <span class='ocrx_word' id='word_1_505' title='bbox 1495 5409 1528 5468; x_wconf 91' lang='lat' dir='ltr'>in</span> <span class='ocrx_word' id='word_1_506' title='bbox 1543 5409 1701 5485; x_wconf 91' lang='lat' dir='ltr'>futurum,</span> 
     </span>
     <span class='ocr_line' id='line_1_54' title="bbox 86 5499 1704 5584; baseline 0.004 -20"><span class='ocrx_word' id='word_1_507' title='bbox 86 5499 148 5566; x_wconf 90' lang='lat' dir='ltr'>licae</span> <span class='ocrx_word' id='word_1_508' title='bbox 174 5510 265 5570; x_wconf 85' lang='lat' dir='ltr'>Sedis</span> <span class='ocrx_word' id='word_1_509' title='bbox 291 5509 446 5584; x_wconf 88' lang='lat' dir='ltr'>legatum,</span> <span class='ocrx_word' id='word_1_510' title='bbox 470 5508 659 5570; x_wconf 84' lang='lat' dir='ltr'>curavimus</span> <span class='ocrx_word' id='word_1_511' title='bbox 679 5507 858 5577; x_wconf 90' lang='lat' dir='ltr'>destinare,</span> <span class='ocrx_word' id='word_1_512' title='bbox 914 5523 952 5568; x_wconf 91' lang='lat' dir='ltr'>ac</span> <span class='ocrx_word' id='word_1_513' title='bbox 967 5507 1087 5568; x_wconf 91' lang='lat' dir='ltr'>honori</span> <span class='ocrx_word' id='word_1_514' title='bbox 1100 5506 1211 5568; x_wconf 90' lang='lat' dir='ltr'>dilecti</span> <span class='ocrx_word' id='word_1_515' title='bbox 1224 5505 1283 5566; x_wconf 89' lang='lat' dir='ltr'>lilii</span> <span class='ocrx_word' id='word_1_516' title='bbox 1304 5505 1474 5577; x_wconf 73' lang='lat' dir='ltr'>amalrici,</span> <span class='ocrx_word' id='word_1_517' title='bbox 1493 5507 1704 5571; x_wconf 78' lang='grc'><strong>1011111110-</strong></span> 
     </span>
     <span class='ocr_line' id='line_1_55' title="bbox 87 5602 1704 5686; baseline 0.002 -24"><span class='ocrx_word' id='word_1_518' title='bbox 87 5615 136 5663; x_wconf 85' lang='lat' dir='ltr'>ros</span> <span class='ocrx_word' id='word_1_519' title='bbox 150 5623 274 5686; x_wconf 83' lang='lat' dir='ltr'>quoque</span> <span class='ocrx_word' id='word_1_520' title='bbox 287 5607 461 5668; x_wconf 81' lang='lat' dir='ltr'>universos</span> <span class='ocrx_word' id='word_1_521' title='bbox 477 5605 599 5667; x_wconf 86' lang='lat' dir='ltr'>Christi</span> <span class='ocrx_word' id='word_1_522' title='bbox 614 5604 729 5666; x_wconf 84' lang='lat' dir='ltr'>fideles</span> <span class='ocrx_word' id='word_1_523' title='bbox 743 5606 861 5668; x_wconf 85' lang='lat' dir='ltr'>exhor·</span> <span class='ocrx_word' id='word_1_524' title='bbox 914 5603 1032 5676; x_wconf 91' lang='lat' dir='ltr'>losani,</span> <span class='ocrx_word' id='word_1_525' title='bbox 1050 5604 1114 5676; x_wconf 90' lang='lat' dir='ltr'>cui,</span> <span class='ocrx_word' id='word_1_526' title='bbox 1132 5620 1206 5665; x_wconf 91' lang='lat' dir='ltr'>cum</span> <span class='ocrx_word' id='word_1_527' title='bbox 1222 5617 1281 5680; x_wconf 92' lang='lat' dir='ltr'>pro</span> <span class='ocrx_word' id='word_1_528' title='bbox 1294 5602 1406 5664; x_wconf 82' lang='lat' dir='ltr'>divino</span> <span class='ocrx_word' id='word_1_529' title='bbox 1422 5603 1454 5665; x_wconf 89' lang='lat' dir='ltr'>et</span> <span class='ocrx_word' id='word_1_530' title='bbox 1468 5607 1581 5666; x_wconf 90' lang='lat' dir='ltr'>nostro</span> <span class='ocrx_word' id='word_1_531' title='bbox 1597 5607 1704 5668; x_wconf 90' lang='lat' dir='ltr'>servi-</span> 
     </span>
    </p>
   </div>
   <div class='ocr_carea' id='block_1_13' title="bbox 0 0 1978 6325">
    <p class='ocr_par' dir='ltr' id='par_1_17' title="bbox 0 0 1978 6325">
     <span class='ocr_line' id='line_1_56' title="bbox 0 0 1978 6325; baseline 0 0"><span class='ocrx_word' id='word_1_532' title='bbox 0 0 1978 6325; x_wconf 95' lang='lat' dir='ltr'> </span> 
     </span>
    </p>
   </div>
  </div>
 </body>
</html>
