4002 6326
311 447 372 510 323
921 457 1102 520 nononn
1123 460 1169 524 111
1189 461 1339 524 OPERA.
1896 469 1954 536 321

312 607 418 670 sontls
426 607 541 686 scripti
555 609 740 687 patroclnic
749 614 1002 680 communimus.
1010 618 1105 682 Nulli
1160 619 1316 700 episcopo
1346 621 1595 700 Petingoricsn.
1624 626 1682 704 qui
1705 627 1779 690 alce
1807 628 1955 706 iungitur

312 717 393 780 ergo
406 707 541 768 omnino
554 706 724 770 nominum
737 709 837 772 liceat
847 710 933 776 banc
947 715 1104 791 paginam
1160 717 1289 780 abbatis
1302 719 1437 792 ibidem,
1461 723 1597 798 propter
1611 722 1674 785 hoc
1688 723 1729 786 ad
1745 726 1826 788 dicti
1840 725 1953 802 legati,

311 805 436 866 nostrae
468 804 731 868 confirmationis
770 807 964 886 infringere,
989 813 1042 874 vel
1072 813 1105 874 ei
1159 815 1192 878 et
1210 817 1357 890 cantore,
1378 831 1418 879 ac
1435 818 1582 896 capitulo
1596 821 1797 898 supradictis
1817 823 1859 892 ad
1878 839 1954 886 nos-

309 914 395 960 ausu
420 900 599 964 temerario
627 905 805 966 contraire.
831 906 868 967 si
894 909 970 985 quis
993 910 1103 972 autem
1159 915 1244 974 tram
1259 915 1462 978 audientiam
1477 919 1746 993 provocantibus,
1760 919 1802 980 de
1819 921 1951 982 iactoin

311 996 375 1059 boc
387 997 553 1060 attentare
565 1003 824 1078 praesumpserit,
841 1003 1104 1081 indignationem
1158 1012 1338 1074 canonicos
1366 1013 1593 1088 nominarunt,
1621 1015 1658 1077 in
1691 1016 1951 1080 contradictores

310 1095 547 1172 omnipotentis
560 1097 852 1171 Dei,etbeatorum
861 1103 949 1164 Petri
961 1106 996 1166 et
1007 1104 1104 1166 Pauli
1159 1110 1514 1172 excommunicationis
1535 1113 1733 1174 sententiam
1750 1115 1950 1191 jaculantes,

309 1193 535 1269 apostolorum
559 1197 632 1272 eius
655 1211 693 1258 se
717 1199 848 1262 noverit
875 1199 1102 1262 incursurum.
1159 1221 1298 1282 quorum
1326 1207 1470 1285 quidam,
1507 1211 1684 1272 occasione
1713 1212 1951 1275 nominationis

309 1292 428 1354 Datum
449 1293 618 1365 Latonam,
644 1295 690 1355 ΙΙΙ
708 1295 784 1356 idus
809 1297 938 1373 aprilis,
963 1299 1103 1376 pontill-
1158 1301 1348 1380 hujusmodi
1358 1305 1472 1367 laicali
1484 1306 1560 1368 freti
1576 1307 1734 1385 potentia,
1745 1307 1833 1370 bona
1847 1310 1951 1386 ipsius

308 1387 402 1450 catus
417 1389 626 1452 nostrianno
642 1392 795 1468 septimo.
1158 1399 1308 1462 ecclesiae
1344 1400 1510 1464 violenter
1545 1403 1717 1466 invadunt.
1753 1405 1849 1467 Unde
1890 1407 1952 1468 nisi

1158 1495 1265 1558 eidem
1292 1511 1393 1574 super
1427 1498 1501 1567 boc,
1532 1499 1631 1562 citius
1658 1501 1867 1574 sucurratur,
1900 1503 1952 1564 rix

1158 1589 1303 1670 adjiciet,
1320 1593 1357 1658 ut
1377 1596 1543 1672 resurgat.
1573 1597 1736 1669 Quocirca
1761 1598 1951 1661 discretioni

660 1685 750 1774 GVI
1157 1691 1277 1754 restrae
1300 1707 1359 1769 per
1380 1691 1572 1770 apostolica
1596 1695 1721 1774 scripta
1744 1695 1949 1768 mandamus,

1158 1789 1331 1865 quatenus,
1351 1790 1380 1850 sl
1399 1790 1451 1853 est
1469 1789 1528 1862 ita,
1541 1791 1662 1853 dictam
1681 1795 1950 1856 excommunica-

294 1875 1099 1953 fnumrrrrmnsmtamcecremomccn.
1156 1886 1257 1948 tionis
1283 1887 1480 1949 sententiam
1507 1889 1582 1966 post
1602 1890 1862 1967 appellationem
1891 1891 1951 1951 bu·

344 1978 511 2048 dtoecesn,
524 1977 828 2050 poenrremaawm
842 1981 931 2044 etP.
947 1984 1104 2045 Plateam
1153 1982 1300 2060 Jusmodi
1339 1983 1582 2062 promulgatam
1621 1985 1859 2049 denuntiantes
1896 2003 1950 2064 pe-

260 2072 266 2086 '
344 2075 550 2135 mnostrum
563 2077 778 2138 Lenwotcec.
1156 2079 1246 2141 nitus
1265 2095 1339 2142 esse
1357 2081 1483 2142 nullam
1505 2083 1538 2144 et
1563 2082 1707 2157 irritum,
1729 2084 1950 2161 appellatione

582 2205 614 2262 ¹¹
1155 2171 1949 2340 antistirecalceatusn:

1156 2371 1305 2446 alesiam,
1322 2371 1435 2435 habito
1451 2389 1521 2450 prae
1534 2375 1640 2438 oculis
1655 2375 1726 2438 solo
1738 2323 1820 2448 ileo,
1838 2375 1949 2438 auoto-

302 2449 421 2509 Mandat
440 2458 471 2508 ut
492 2450 643 2511 ecclesiam
663 2453 692 2512 S.
713 2454 865 2512 Frontonis
885 2457 1099 2530 Petregoricen.
1156 2470 1254 2532 ritate
1282 2471 1397 2532 nostra
1424 2473 1523 2548 juxta
1553 2470 1728 2535 facultates
1763 2474 1884 2550 ipsius,
1913 2471 1949 2533 de

335 2538 415 2612 Juxta
430 2539 579 2598 facultates
592 2542 683 2614 ipsius
699 2538 736 2600 de
753 2543 885 2618 personis
898 2542 1009 2604 idoneis
1023 2543 1099 2604 ordi·
1157 2567 1309 2643 pepponis
1325 2567 1458 2629 idoneis
1473 2568 1650 2643 ordpmfis,
1671 2569 1700 2631 sp
1719 2567 1876 2633 vida-ptis
1890 2587 1948 2632 01.

340 2635 420 2686 nem.
1156 2663 1283 2742 pedire,
1311 2664 1574 2728 contradictores
1601 2681 1661 2744 per
1690 2681 1870 2729 censuram
1894 2683 1948 2728 ec·

342 2745 523 2818 Honorius.
542 2745 617 2820 etc,
635 2746 765 2810 dilectis
785 2748 901 2810 illlis...
920 2752 1100 2828 preposito
1156 2761 1392 2836 clesiasncam,
1417 2762 1546 2826 sublato
1578 2763 1813 2842 appellationis
1839 2764 1947 2828 obsn-

302 2841 343 2904 de
357 2841 580 2905 Subterranea
591 2845 800 2908 Lem0v10011·
813 2846 1102 2926 dioeoplloessitflss·
1157 2861 1243 2933 cillo,
1280 2861 1540 2938 compescentes.
1566 2863 1681 2925 'lentes
1715 2865 1842 2935 autem,
1877 2865 1957 2958 cn,
1996 2905 1998 2910 .

302 2939 402 3002 tiflrlO
421 2940 455 3002 θῐ
468 2943 506 3001 Ρ·
523 2940 673 3004 Pltissass
694 2944 855 3005 ⁰⁸11011100
875 2946 1098 3028 Ῑιθωθνὶὒθῦο,
1155 2959 1257 3020 nullis
1283 2957 1402 3020 litteris
1420 2959 1554 3022 variati
1574 2960 1607 3022 ot
1620 2957 1763 3036 justitiae
1787 2959 1946 3037 praejudi-
1980 2997 1988 3022 .

302 3037 454 3110 salutem,
472 3039 534 3100 etc.
1155 3054 1320 3116 cantibus.
1343 3053 1435 3126 Quod
1456 3055 1485 3116 si
1507 3070 1573 3118 non
1594 3068 1721 3130 omnes,
1744 3058 1809 3120 etc.
1837 3057 1947 3118 Datum

341 3135 500 3211 Experto
515 3131 714 3198 dilectorum
731 3135 876 3200 filiorum
892 3141 1051 3214 cantoris,
1068 3141 1102 3204 et
1155 3153 1324 3224 Laterani,
1340 3153 1387 3213 lll
1406 3152 1481 3216 idus
1498 3153 1591 3226 maii,
1611 3153 1827 3234 pontificatus
1847 3153 1945 3216 nostri
1997 3131 1998 3155 *

305 3230 443 3308 capituli
455 3233 487 3292 S.
503 3233 681 3294 Frontonis
694 3235 941 3312 Petregoricen.
956 3237 1102 3316 iuitpro·
1155 3265 1243 3312 anno
1259 3249 1411 3326 septimo.

303 3329 446 3406 positum
460 3343 572 3391 coram
584 3330 691 3404 nobis,
700 3333 872 3409 quodlicet
883 3333 1007 3396 dudum
1018 3336 1101 3398 dnos

303 3426 346 3488 de
360 3427 472 3490 nostro
485 3427 624 3504 speciali
632 3428 800 3499 mandato,
814 3446 854 3492 ac
865 3445 973 3509 nuper
985 3448 1098 3508 unam,

303 3527 426 3601 aculus
436 3525 643 3602 impetitione
653 3525 740 3604 apud
752 3527 1100 3608 sedemnpcstolicam
1499 3535 1607 3623 CVII

303 3623 547 3686 sententialiter
560 3623 694 3686 fuerant
704 3623 859 3699 absoluti,
871 3627 913 3688 ad
927 3632 1100 3705 arnan-tem

302 3719 505 3782 venerabilis
525 3719 640 3783 [ratris
662 3721 805 3784 nostri...
830 3725 987 3786 Portuen.
1006 3726 1099 3804 epis-
1314 3712 1561 3788 Adcavtltdum
1575 3715 1792 3776 Brundisio.

303 3816 389 3894 copi,
405 3816 507 3892 legati
521 3817 616 3879 Sedis
630 3819 1025 3897 Apostolicaejussionem
1040 3837 1099 3886 re·
1430 3843 1462 3900 pp
1479 3843 1577 3916 ppppppp
1593 3843 1674 3902 1223,

302 3915 1100 4030 “mmmm⁰⁸⁰⁰⁰¹9⁰ff⁰tinffltf⁶⁸···⁶⁰?⁸⁰⁰⁸
1171 3965 1294 4032 maest,
1309 3965 1575 4030 narranaam.
1590 3963 1934 4028 usurpauerint]
1992 3929 1993 3969 ³

212 4033 216 4046 ·
302 4011 425 4083 tamen,
446 4011 479 4074 et
496 4013 533 4072 L.
556 4010 814 4075 arcb1draconus
836 4017 1098 4093 petragoricen„
1704 4092 1710 4106 .
1761 4092 1767 4105 ·
1812 4093 1819 4106 1
1991 4097 1992 4108 ἢ

303 4109 467 4186 pupppptpp
486 4109 634 4186 ejusdem
653 4110 757 4185 legati
771 4111 904 4186 piperis,
918 4113 960 4174 ad
977 4113 1100 4178 dictam
1154 4091 1271 4152 Mandat
1288 4099 1319 4149 ut
1337 4092 1510 4150 sententiam
1529 4099 1837 4150 eroornmumcancnrs
1855 4097 1945 4190 conns
1991 4109 1992 4133 i

303 4205 479 4268 ecclesiam
508 4205 716 4278 ordinarunt,
739 4208 847 4284 ipsius
873 4209 1098 4286 facilitatibus,
1189 4179 1369 4281 Th⁰⁰d⁰ffl¹3¹
1397 4181 1607 4282 c⁰f¹¹⁵¹¹i⁸¹¹¹¹⁰¹’
1632 4180 1709 4326 ‘¹3⁶
1739 4187 1848 4239 ‘em
1876 4191 1947 4250 Ψ
1990 4245 1991 4295 p

302 4305 402 4383 prout
418 4303 539 4375 decuit,
562 4319 630 4364 non
652 4303 822 4380 inspectis,
838 4323 913 4384 auae
928 4307 1100 4372 diminutae
1190 4269 1423 4327 Th²⁸⁸⁸¹⁰⁰¹⁰⁶¹¹'
1438 4275 1599 4342 ¹¹¹¹p¹¹⁸¹¹⁸t'
1615 4285 1653 4342 ¹³¹¹
1684 4276 1769 4328 mm·
1989 4399 1990 4406 ἵ

252 4453 258 4460 .
283 4403 381 4464 ¹sunt
398 4401 482 4464 adeo
502 4401 639 4478 propter
657 4417 798 4479 guerras
820 4404 906 4481 quod
928 4407 1100 4468 canonicis
1194 4401 1946 4481 Honoriusetc„dilectistlliiscapitulossrun-
1989 4407 1990 4457 l

301 4499 526 4562 residentibus
541 4499 577 4560 in
592 4499 720 4572 eadem,
738 4515 799 4561 nec
813 4515 879 4562 non
893 4501 1100 4567 beneficiatis
1155 4501 1278 4574 dusin,
1293 4501 1447 4572 salutem,
1463 4502 1526 4562 etc.
1988 4551 1989 4621 1

302 4598 336 4660 et
348 4597 590 4674 praebendariis
610 4597 681 4658 suis
703 4598 763 4658 vix
777 4599 916 4675 possunt
929 4615 1030 4678 super
1041 4601 1101 4663 de*
1195 4601 1300 4670 Quum
1314 4597 1508 4659 Theodorus
1528 4597 1743 4659 dominianus
1758 4609 1944 4659 excommu-

301 4709 373 4755 cem
382 4693 761 4758 mensesbenellciornm
772 4711 910 4757 suorum
920 4697 1098 4776 stipendia,
1154 4696 1333 4758 nicationis
1343 4695 1510 4756 sententia
1525 4695 1569 4757 sit
1581 4695 1716 4772 ligatus,
1733 4709 1795 4772 pro
1809 4710 1850 4756 eo
1865 4689 1943 4772 quod

301 4791 380 4854 licet
400 4791 514 4854 tenuia
535 4791 735 4854 ministrari.
756 4794 954 4872 Hitjusmodi
979 4797 1099 4858 atalia
1153 4794 1278 4857 terram
1303 4791 1470 4855 carissimi
1503 4791 1539 4853 in
1561 4793 1694 4854 cbristo
1718 4791 1779 4853 lilii
1805 4788 1942 4854 nostri...

300 4888 407 4966 ipsius
439 4888 671 4950 ecclesiastica
709 4891 908 4966 gravamina
948 4891 1100 4956 nolentes
1154 4890 1243 4967 regis
1266 4888 1539 4950 Thessalonicen.
1570 4889 1712 4951 illustris
1736 4903 1805 4950 non
1829 4885 1944 4950 desinit
1984 4835 1987 4947 l

301 4985 429 5058 audire,
446 4999 620 5064 perperam
639 4985 675 5046 in
695 4987 872 5050 commisso
888 4987 952 5049 sibi
966 4991 1099 5068 negotio
1154 4989 1361 5065 impugnare,
1384 4985 1577 5048 discretioni
1596 4987 1716 5050 restrae
1735 4985 1942 5063 praesentium

300 5083 521 5163 procedendo,
538 5087 574 5146 1..
588 5085 763 5145 cantorem
779 5086 917 5164 majoris
934 5088 1097 5161 ecclesia,
1154 5085 1352 5148 auctoritate
1362 5084 1569 5156 mandamus,
1582 5084 1746 5162 quatenus
1759 5082 1944 5160 frequenter

301 5183 342 5246 de
353 5183 485 5256 Quinta,
501 5180 535 5244 et
549 5183 589 5242 a.
603 5181 856 5244 Bodiceturcen.
870 5183 1100 5264 archipresby·
1153 5181 1510 5244 eamdemsententiam
1519 5180 1738 5258 publicantes,
1749 5181 1782 5242 et
1791 5180 1942 5242 iacientes

301 5283 392 5343 tanos
416 5279 449 5342 et
476 5278 665 5358 quindecim
695 5278 780 5341 alios
802 5295 942 5357 quorum
966 5283 1099 5360 midam
1153 5281 1255 5344 etiam
1277 5277 1454 5358 publicari,
1483 5293 1522 5341 ac
1549 5275 1790 5340 denunciantes
1814 5276 1942 5339 Latinos

301 5378 411 5440 minus
433 5376 561 5450 idonei,
592 5388 632 5442 ac
654 5376 793 5453 'quidam
827 5379 923 5455 pueri
957 5381 1099 5444 necdum
1155 5379 1262 5441 eidem
1282 5377 1458 5440 sententiaa
1476 5376 1650 5454 subjacere
1666 5375 1723 5454 qui
1741 5391 1817 5437 cum
1835 5375 1941 5437 eodem

302 5476 382 5538 tunc
406 5475 547 5552 primam
568 5475 742 5537 tonsuram
766 5473 938 5550 babentes,
960 5493 1100 5556 quorum
1154 5476 1328 5539 Theodoro
1352 5475 1618 5548 commorantur;
1636 5472 1697 5534 sub
1724 5472 1825 5535 simili
1840 5485 1940 5550 poenas

303 5572 533 5653 progenitores
562 5586 694 5649 semper
716 5572 784 5648 ipsi
813 5572 964 5636 ecelesia
987 5575 1100 5639 infesti
1153 5575 1304 5637 districte
1320 5571 1521 5635 auctoritate
1544 5571 1658 5634 nostra
1680 5570 1880 5641 inhibentes,
1906 5581 1942 5627 ne

319 2323 440 2390 monost,
452 2324 498 2377 lib.
512 2326 566 2385 vll,
578 2327 652 2392 epist.
668 2329 721 2378 itt.
733 2329 790 2379 blss.
802 2329 837 2380 La
850 2329 927 2380 Porta
939 2329 974 2382 da
990 2329 1086 2397 mail]

303 5671 450 5743 luerunt,
464 5671 498 5732 et
511 5669 663 5732 nonnulli
676 5669 778 5732 etiam
798 5671 1025 5748 competenter
1040 5672 1102 5735 be-
1152 5673 1230 5750 arnis
1247 5685 1360 5749 equos,
1377 5683 1482 5744 arma,
1498 5667 1670 5741 victrialia,
1688 5669 1864 5746 sedetiam
1879 5665 1941 5726 mi·

303 5766 449 5830 neliciati
460 5767 619 5840 existunt,
630 5766 814 5829 venerabili
831 5767 933 5830 lratrs
948 5771 1098 5832 nostro...
1154 5771 1242 5843 lites,
1261 5770 1319 5831 aut
1333 5769 1425 5830 alind
1444 5766 1613 5846 quodlibet
1631 5765 1794 5828 aprilium
1817 5778 1939 5842 prasu-
