4018 6320
894 343 1072 406 HONORII
1094 345 1140 406 111
1162 347 1311 408 OPERA.

606 511 748 598 CXXII

344 675 396 734 Ad
409 673 703 746 archiepiscopum
715 674 1005 736 Ebrcdunenscm.

556 811 694 870 bomartii
710 813 789 870 lito.

307 935 429 1000 [Repest.‚
440 934 485 985 lib.
496 935 540 994 IX,
549 935 624 1000 epist.
634 935 689 986 sta.
703 936 760 986 tiss.
772 935 807 986 Lo
817 935 893 986 Porta
901 935 936 986 dn
947 935 1042 1001 Thali]

276 1059 610 1117 Excommunicationem
644 1060 858 1132 sententiasque
886 1060 922 1118 ah
953 1061 1015 1133 ipso
1044 1060 1073 1118 in

312 1148 440 1222 episcopi
456 1147 675 1206 Glandentansis
699 1147 895 1206 interfectores
913 1148 986 1206 latas
1004 1163 1070 1206 auc·

313 1237 426 1293 toritate
436 1237 598 1308 Apostolica
612 1235 770 1294 conssrmnt.

316 1371 497 1442 Honorius,
509 1372 584 1440 etc,
597 1370 780 1434 venerabili
793 1371 925 1434 fratri...
940 1370 1073 1434 archie-

277 1467 414 1544 piscopo
428 1467 666 1540 Elbredunensi,
681 1468 835 1540 salutem,
849 1471 911 1530 etc.

316 1566 397 1624 Tam
418 1568 488 1636 tua,
505 1581 602 1643 quam
629 1565 917 1642 suffraganeorum
940 1565 1072 1627 tuorum

275 1675 406 1722 necnon
432 1663 466 1724 et
493 1663 647 1724 abbatum
673 1663 918 1724 Ebredunansis
941 1662 1073 1739 provin·

275 1757 336 1819 cias
348 1758 442 1820 nobis
451 1759 701 1838 fueruntnuper
715 1762 835 1824 litterae
849 1761 1070 1837 praesentatae,

275 1855 384 1932 plenae
405 1858 537 1933 quidem
563 1860 699 1935 gemitu,
717 1858 938 1920 amaritudine
953 1873 993 1919 ac
1008 1857 1070 1918 do-

1863 353 1915 413 ott

1129 506 1250 582 praeter
1262 505 1503 584 peonitentiam,
1516 506 1728 585 baptismum,
1744 509 1778 570 et
1792 510 1916 574 lineba-

1128 603 1258 664 ristiam
1273 603 1308 664 in
1320 603 1490 677 extremis,
1505 605 1618 668 omnia
1639 609 1848 670 sacramenta
1860 625 1914 671 ec·

1129 700 1543 777 elasiasticadanegantur.

1168 798 1217 860 Ab
1242 800 1382 861 instanti
1404 801 1565 876 praeterea
1591 816 1703 863 menso
1728 804 1859 878 augusti
1885 805 1914 864 in

1128 895 1288 956 ultionem
1307 896 1482 971 sanguinis
1502 897 1691 959 innocentis
1706 899 1914 968 effusi,nemo

1127 991 1242 1052 villam
1255 991 1466 1065 inhabitabit,
1482 994 1518 1054 in
1531 1011 1595 1071 qua
1611 994 1769 1071 praefatus
1792 997 1916 1073 eptsco-

1127 1105 1188 1165 pus
1203 1092 1254 1152 est
1264 1089 1393 1150 occisus
1408 1111 1415 1150 r
1430 1091 1517 1168 quod
1531 1094 1604 1167 ejus
1618 1092 1738 1154 incolae
1753 1093 1789 1153 in
1811 1094 1915 1156 detes·

1127 1187 1285 1249 tationem
1300 1187 1437 1249 sceleris
1456 1187 1693 1265 approbarunt.
1713 1193 1751 1251 ln
1779 1191 1913 1252 ecclesia

1126 1284 1264 1360 insuper
1276 1284 1480 1360 ipsiusvillae
1491 1301 1565 1346 cum
1578 1286 1745 1363 pontificis
1756 1290 1914 1363 sanguina

1127 1380 1314 1442 maculatus
1327 1381 1372 1443 sit
1383 1382 1487 1454 locus,
1501 1383 1534 1444 et
1547 1381 1653 1445 factus
1666 1384 1763 1461 qnasi
1779 1386 1913 1447 anathe-

1127 1493 1192 1546 ma,
1216 1493 1275 1555 pro
1295 1480 1463 1540 commissi
1483 1479 1707 1543 horribilitate
1726 1484 1864 1559 peccati,
1878 1499 1914 1544 ne

1127 1575 1235 1652 ipsum
1259 1576 1465 1639 reaedificare
1483 1578 1537 1638 vel
1555 1579 1738 1641 inhabitari
1751 1580 1914 1655 continga-

1126 1673 1188 1744 ret,
1211 1673 1296 1734 nulli
1323 1674 1387 1735 erit
1412 1675 1540 1738 licitum
1564 1675 1678 1737 divina
1700 1675 1813 1737 officia
1833 1678 1913 1738 cele-

1126 1768 1223 1830 brare
1241 1791 1248 1830 :
1266 1771 1352 1847 quod
1373 1771 1401 1831 si
1426 1773 1601 1849 quisquam
1627 1775 1701 1850 post
1727 1773 1911 1851 preadictum

1127 1883 1273 1928 mensem
1299 1867 1538 1930 inhabitaverit
1555 1870 1665 1931 locum
1688 1871 1851 1943 eumdem,
1867 1871 1912 1932 rel

275 1951 360 2013 lore.
376 1954 568 2032 stupuimus
582 1957 694 2032 itaque
705 1956 885 2017 intellectis
903 1955 1071 2032 praedictis
1127 1964 1328 2026 destructum
1363 1965 1570 2028 reaedificare
1610 1969 1913 2044 praesumpserit,a

276 2047 397 2112 litteris
433 2067 492 2128 pro
521 2053 695 2114 atrocitate
718 2053 868 2114 oriminis
890 2055 957 2114 tam
989 2052 1071 2112 hor·
1127 2062 1521 2140 communionecorporis
1544 2065 1576 2125 et
1593 2065 1768 2140 sanguinis
1790 2066 1911 2126 Domini

274 2146 549 2224 renotationis
570 2149 1071 2225 d010tisglssditlbdummult⁰
1126 2162 1159 2220 et
1177 2159 1318 2220 aliorum
1340 2163 1622 2224 sacramentorum
1639 2163 1860 2240 perceptione,
1877 2179 1910 2224 aa
1995 2179 1996 2222 3

275 2244 410 2318 propter
430 2245 492 2306 noc
521 2262 634 2306 sumus
662 2247 772 2308 aneon
795 2262 947 2319 nroerore,
968 2246 1071 2306 nimia
1125 2257 1280 2332 ingressu
1294 2257 1463 2329 Ecclesia,
1480 2259 1832 2321 uonecreaeomcatum
1846 2261 1912 2321 ues-

260 2340 421 2401 ,confossi
435 2343 571 2404 tristitia
591 2344 712 2406 transit
729 2361 788 2421 per
810 2344 990 2421 nosipsos.
1008 2347 1072 2404 Per
1126 2354 1225 2425 irunt,
1240 2355 1273 2416 et
1292 2353 1400 2414 locum
1420 2355 1529 2431 ipsum
1547 2355 1766 2433 derelinquat,
1786 2357 1911 2417 omuino

275 2436 404 2499 litteras
416 2439 504 2500 enirn
526 2441 659 2502 easdem
679 2442 867 2518 accepimus
887 2441 973 2519 qnod
996 2457 1070 2502 cum
1126 2451 1255 2512 alienus
1271 2452 1404 2514 existat.
1422 2454 1491 2514 Nos
1510 2454 1621 2515 autem
1633 2455 1726 2516 tuum
1739 2457 1774 2515 et
1788 2469 1912 2514 eorum·

275 2533 371 2596 honae
407 2539 575 2599 memoriae
608 2539 862 2601 Glandentensis
894 2541 1070 2616 episcopus
1126 2548 1500 2624 demsuffraganeorum
1517 2550 1724 2613 acabbatnm
1742 2551 1910 2613 rectitudi-

275 2631 508 2708 suffraganeus
522 2637 599 2696 tuns
617 2653 710 2697 suam
725 2637 892 2698 dfoecesim
906 2637 1068 2709 visitaret,
1126 2661 1211 2718 nem,
1238 2646 1390 2708 ardorem
1418 2649 1452 2708 at
1473 2648 1580 2708 zelum
1603 2649 1637 2708 in
1661 2648 1803 2710 Domino
1828 2665 1911 2710 com-

275 2731 371 2807 quasi
393 2733 494 2793 Satan
516 2733 612 2796 affuit
629 2734 716 2796 inter
730 2735 814 2796 alios
834 2735 967 2811 quidam
982 2734 1070 2795 filius
1126 2743 1329 2816 mandantes,
1347 2759 1538 2820 processum
1553 2746 1745 2822 hujusmodi
1764 2745 1911 2806 duximus

274 2828 381 2889 Belial
406 2829 591 2907 salvagnus
615 2832 748 2894 nomine
770 2832 923 2894 dioecesis
944 2848 1071 2892 memo*
1126 2840 1385 2918 approbandum,
1412 2841 1612 2905 fraternitati
1638 2845 1702 2905 tuae
1721 2843 1911 2906 auctoritate

274 2925 368 2998 ratae,
389 2928 446 3003 qui
467 2945 542 2990 eum
563 2929 597 2990 in
619 2930 711 2990 nullo
736 2930 935 3006 culpabilem
957 2946 977 2990 a
997 2930 1071 2990 dia·
1125 2939 1340 3014 praesentium
1368 2939 1590 3016 injungentes,
1622 2943 1785 3018 quatenus
1812 2941 1908 3011 illum,

274 3019 351 3085 bolo
374 3026 569 3098 concitatus,
585 3027 687 3104 impio
706 3027 819 3089 furore
838 3028 988 3104 peremit.
1008 3027 1070 3087 Hic
1125 3035 1256 3097 sublato
1268 3037 1502 3114 appellationis
1516 3038 1763 3115 impedimento,
1774 3053 1835 3115 per
1845 3053 1910 3098 cen·

274 3136 404 3198 (limone
419 3122 483 3195 die,
499 3139 563 3200 qun
577 3141 689 3186 secum
706 3125 895 3186 00m0derat
909 3125 1076 3186 Invitatus,
1125 3149 1236 3194 suram
1263 3134 1526 3196 ecclesiasticam
1550 3135 1655 3196 facias
1680 3135 1911 3197 inviolabiliter
1996 3180 1997 3208 ,

274 3216 408 3294 abipso,
420 3221 456 3282 ut
472 3222 529 3297 qui
541 3221 659 3284 edebat
675 3237 776 3298 panes
792 3238 881 3294 suos,
892 3211 1071 3299 ampliaret
1125 3230 1305 3293 observari.
1337 3232 1465 3292 ilatum·
1484 3233 1651 3305 Laterani,
1682 3235 1760 3294 xi11
1783 3231 1907 3294 kalend.

274 3314 434 3378 adversus
447 3333 522 3378 enm
538 3319 851 3394 supplantationem,
863 3321 898 3380 in
913 3321 1068 3382 coemete-
1124 3329 1253 3404 aprilis,
1270 3343 1357 3389 anno
1370 3345 1472 3389 nono.

273 3412 337 3484 rio,
356 3417 388 3476 et
406 3415 503 3490 juxta
524 3415 644 3480 ostium
660 3416 832 3493 cujusdam
852 3417 1014 3490 eeclesiae‚
1031 3417 1068 3478 ut

274 3510 322 3573 ibi
336 3514 474 3575 mortem
486 3514 660 3592 reciperet,
673 3515 729 3576 ubi
742 3517 870 3593 requiri
882 3531 1067 3578 consuere-

272 3610 327 3670 rat
353 3613 470 3672 auctor
490 3612 578 3684 vitae,
596 3615 729 3690 pastore
755 3630 814 3674 suo
841 3616 874 3676 et
902 3613 1068 3690 spirituali

272 3709 368 3784 patra
403 3711 531 3782 necato,
564 3711 733 3773 crudelior
764 3712 846 3774 Cain
882 3711 1064 3784 fratricida,

273 3806 494 3884 episcopalem
523 3808 704 3870 maculavit
730 3808 804 3870 fuso
829 3809 991 3884 sanguina
1011 3809 1067 3869 di-

272 3903 443 3978 gnitatem.

312 4001 361 4062 Ad
373 4017 488 4063 vocem
509 4018 588 4078 ergo
607 4003 735 4065 cruoris
751 4003 848 4066 effusi
860 4005 975 4067 contra
989 4018 1066 4065 sce·

272 4096 392 4158 lestnm
413 4099 506 4164 illum
530 4101 563 4162 et
590 4101 791 4176 flagitiosum
819 4102 859 4162 de
880 4105 972 4163 terra
992 4101 1065 4162 cla-

273 4197 405 4268 mantia,
423 4197 457 4258 tu
485 4199 518 4259 et
540 4197 689 4274 praedicti
713 4198 928 4275 suffraganei,
951 4202 983 4261 et
1002 4198 1065 4260 ah-

271 4291 364 4356 bates
391 4294 425 4356 in
452 4296 519 4356 tam
551 4295 682 4358 funesta
712 4298 883 4358 pontificis
919 4297 1066 4374 pernicia

1441 3571 1603 3658 CXXIII

1123 3712 1174 3772 Ad
1187 3713 1347 3784 priorem
1368 3713 1403 3774 ct
1422 3714 1609 3786 capitulum
1631 3717 1672 3775 Β.
1698 3715 1908 3791 Radepundts

1406 3812 1634 3872 Poctanensis.

1401 3939 1436 3997 tt
1449 3941 1542 3998 martii
1559 3940 1638 3998 itio.

1143 4060 1264 4126 [Regest.‚
1279 4061 1325 4112 lib.
1340 4063 1382 4122 lli,
1401 4063 1475 4129 epist.
1488 4063 1543 4114 tto.
1555 4065 1613 4114 tiss.
1626 4064 1662 4116 La
1674 4065 1749 4116 Porta
1758 4065 1794 4116 du
1805 4065 1894 4130 Theti]

1157 4185 1289 4260 indulget
1301 4187 1344 4244 eis
1358 4194 1388 4246 ut
1402 4202 1505 4260 corpus
1520 4190 1552 4246 B.
1569 4188 1755 4262 lladegundis
1767 4191 1878 4250 elevare

1458 4277 1577 4350 possint.

272 4391 494 4470 obstupentes
511 4394 543 4455 et
558 4395 653 4471 qnasi
668 4395 893 4472 parturientes
907 4395 996 4457 inter
1011 4411 1068 4458 an·
1161 4395 1341 4467 Honorius,
1366 4395 1441 4466 etc„
1463 4394 1592 4456 dilectis
1613 4394 1729 4456 tiliis...
1752 4395 1866 4473 priori,
1877 4397 1906 4458 et

270 4491 399 4565 gustias
415 4485 483 4569 prae
496 4493 718 4556 immensitate
733 4493 870 4566 doloris,
887 4493 1064 4555 rectitudi·
1122 4493 1267 4568 capitulo
1280 4491 1384 4554 beatas
1400 4491 1612 4567 Radegundis
1628 4493 1844 4566 Pictavensis,
1856 4509 1907 4554 sa·

270 4589 324 4648 nis
349 4589 421 4651 zelo
436 4592 600 4664 succensi,
618 4591 932 4654 excommunicastis
953 4591 1064 4652 scele-
1121 4589 1222 4650 intem
1238 4591 1271 4652 et
1284 4589 1509 4666 Apostolicam
1523 4589 1798 4652 benedictionem.

271 4686 380 4746 ratum
401 4687 496 4748 illum
512 4704 586 4749 cunr
600 4689 752 4750 omnibus
768 4688 824 4766 qui
840 4689 1017 4750 consilium
1034 4689 1067 4750 et
1163 4687 1330 4760 Gaudetis,
1360 4687 1392 4748 et
1418 4688 1588 4760 exultatis,
1617 4689 1653 4749 ut
1679 4687 1803 4762 dicitis,
1829 4689 1907 4750 sicut

271 4783 435 4846 auxilium
459 4785 494 4845 in
518 4786 581 4846 hoc
609 4786 823 4864 praebuerunt
842 4787 913 4848 sive
933 4784 1066 4863 praebe·
1120 4784 1216 4846 vobis
1234 4801 1300 4847 non
1326 4785 1491 4846 immerito
1513 4784 1565 4846 est
1589 4785 1811 4860 gaudendum,
1827 4801 1905 4863 quo-

270 4878 363 4954 hunt‚
390 4881 456 4942 nisi
480 4884 718 4946 correctionem
741 4883 861 4955 eidem,
883 4884 936 4944 vel
958 4885 1066 4960 ipsum
1121 4883 1211 4944 niam
1225 4883 1366 4945 ecclesia
1381 4885 1492 4945 vestra
1510 4883 1632 4944 meruit
1651 4885 1906 4947 sacratissimum

270 4978 371 5040 etiam
395 4978 621 5055 receptabunt,
646 4981 693 5042 ita
715 4981 799 5058 quod
824 4981 910 5043 tales
930 4981 1065 5042 nonnisi
1121 4997 1241 5058 corpus
1265 4981 1370 5044 beatae
1400 4980 1612 5056 Radegnudis
1635 4981 1772 5051 habore,
1799 4999 1838 5044 aa
1868 4997 1905 5042 en

269 5089 331 5153 per
346 5076 462 5138 Sedem
472 5077 694 5153 Apostolicam
708 5078 927 5140 absolutionis
938 5077 1066 5154 possint
1120 5079 1183 5140 hoc
1206 5078 1294 5140 inter
1311 5079 1396 5140 alias
1421 5079 1581 5142 ecclesias
1600 5078 1777 5142 illustrari.
1791 5083 1905 5142 Verum

270 5172 467 5236 beneficium
497 5175 658 5246 obtinere,
689 5175 878 5237 hominibus
907 5177 940 5238 et
974 5179 1064 5237 terra
1121 5179 1244 5254 quanto
1259 5176 1445 5238 devotionis
1461 5176 1591 5238 fervore
1602 5176 1707 5252 ipsius
1718 5179 1904 5240 memoriam

270 5270 445 5334 homicidos
468 5273 617 5349 praedicti
641 5273 790 5336 districto
810 5273 990 5350 suppositis
1011 5273 1066 5334 in·
1119 5275 1325 5336 veneremini
1355 5273 1502 5336 volentes
1529 5274 1704 5336 ostendere
1729 5275 1764 5336 in
1792 5275 1903 5337 effectu

269 5367 424 5443 terdict03
451 5372 633 5432 statuentes
661 5371 880 5432 nihilominus
910 5369 997 5448 quod
1022 5371 1064 5432 ad
1120 5371 1326 5434 desideratas
1341 5375 1412 5449 ejus
1425 5373 1584 5448 reliquias
1601 5371 1831 5434 honorabilius
1846 5373 1904 5434 col·

270 5481 508 5546 quemcumque
532 5468 680 5530 locorum
708 5470 856 5545 ejusdem
881 5469 1064 5546 provinciae
1119 5471 1903 5548 locare,cumdecensessenoscatnreamquan-

270 5563 357 5625 idern
383 5564 577 5628 malefactor
597 5567 780 5640 advenerit,
797 5567 851 5630 dia
871 5583 934 5646 quo
961 5567 1065 5644 appli·
1118 5571 1188 5630 tnm
1202 5569 1238 5630 in
1252 5567 1346 5631 nobis
1362 5569 1413 5630 est
1427 5569 1578 5630 exaltare
1590 5568 1625 5628 in
1641 5569 1743 5640 terra,
1768 5569 1901 5646 quamin

270 5661 376 5724 cuerit
403 5663 436 5724 et
459 5665 609 5739 sequenti
639 5664 673 5724 in
696 5665 846 5728 ecclesiis
870 5666 976 5742 ipsius
997 5664 1063 5726 loci
1119 5667 1202 5728 coelo
1217 5667 1375 5728 Dominus
1388 5667 1559 5730 exaltavit.
1576 5669 1624 5728 Ex
1636 5667 1747 5728 vestra
1758 5682 1836 5728 sane
1849 5681 1901 5726 re-
