4080 6328
282 391 341 452 887

322 548 493 615 Intellecta
514 553 584 628 jam
607 550 746 626 dudum,
767 549 854 630 quod
880 551 1075 614 carissimus

283 648 318 710 ln
329 647 458 711 Christo
472 649 561 710 illius
572 651 696 735 noster,
714 649 894 726 Hungariae
908 664 971 711 rex
985 647 1076 710 illus·

283 747 356 815 tris,
379 747 643 808 abalienationes
658 747 817 824 quasdam
837 746 917 808 iecit
937 747 972 807 in
988 762 1072 823 prae-

278 843 443 922 judicium
466 846 561 920 regni
585 845 650 917 sui,
675 846 708 906 et
727 845 842 906 contra
864 845 953 920 regis
968 844 1076 905 hono-

282 957 373 1015 rem,
404 957 465 1003 nos
500 958 599 1018 super
629 942 692 1004 hoc
724 942 901 1004 affectione
936 942 1075 1020 paterna

282 1039 457 1100 consulere
476 1041 657 1116 cupientes,
682 1040 788 1102 eidem
810 1040 882 1115 regi
901 1039 1075 1115 dirigimus

183 1137 187 1148 '
282 1137 406 1214 scripta
420 1138 545 1209 nostra,
558 1138 594 1198 ut
609 1136 871 1200 abalienationes
886 1137 1072 1214 praedictas,

282 1248 349 1295 non
374 1234 524 1295 abstante
544 1235 745 1312 juramento,
770 1235 799 1294 si
825 1234 911 1311 quod
934 1233 1013 1296 lacit
1035 1233 1075 1294 de

283 1345 350 1392 non
365 1330 561 1392 revocandis
583 1331 717 1402 eisdem,
745 1330 876 1393 studeat
895 1345 1072 1406 revocare;

282 1427 358 1503 quia
383 1444 458 1488 cum
477 1430 640 1502 teneatur,
667 1429 700 1490 et
723 1428 758 1489 in
779 1428 994 1490 coronatione
1014 1444 1075 1489 sua

278 1526 458 1601 juraverit,
472 1526 573 1587 etiam
583 1529 661 1603 jura
675 1525 772 1604 regni
788 1527 851 1598 sui,
868 1527 901 1588 et
914 1525 1074 1587 honorem

281 1621 409 1684 illibate
433 1638 580 1696 servare,
596 1623 752 1687 illicitum
767 1622 914 1701 proiecto
936 1623 1017 1696 luit,
1045 1621 1074 1683 si

281 1720 437 1796 praestitit
452 1721 491 1782 de
515 1737 582 1784 non
602 1721 801 1784 revocandis
817 1719 1074 1783 alienationibus

281 1816 472 1894 hujusmodi
490 1820 728 1894 juramentum,
755 1820 788 1881 et
813 1820 986 1897 propterea
1011 1835 1073 1896 pe-

282 1914 372 1977 nitus
386 1929 453 1976 non
468 1917 678 1978 servandum.
696 1917 858 1989 Quocirca
875 1915 1074 1979 fraternitati

280 2012 401 2074 vestrae
416 2028 476 2089 per
488 2013 678 2090 Apostolica
698 2015 821 2091 scripta
832 2013 970 2076 firmiter
984 2029 1074 2090 prae-

282 2109 434 2186 cipiendo
456 2110 662 2183 mandamus,
685 2113 848 2188 quatenus
872 2111 995 2173 dictum
1019 2127 1075 2172 re-

281 2221 356 2282 gem
371 2206 412 2266 ad
431 2206 464 2266 id
488 2208 650 2270 moneatis
673 2209 809 2278 attente,
834 2224 873 2270 ac
897 2207 1075 2285 diligenter

280 2302 440 2366 inducere
452 2306 647 2381 procuretis.
669 2306 718 2367 Ad
733 2306 796 2368 hoc
818 2306 858 2368 de
873 2306 1073 2368 discretione

280 2401 391 2462 vestra
415 2401 586 2475 miramur,
604 2419 738 2465 causam
754 2404 869 2466 contra
887 2419 946 2466 vos
961 2403 1073 2464 admi-

280 2498 421 2560 rationis
438 2501 471 2562 et
483 2501 837 2564 excommunicationis
853 2502 1012 2564 habentes
1031 2517 1073 2562 ex

281 2610 333 2668 ea,
349 2597 428 2673 quia
443 2615 516 2659 cum
527 2598 563 2658 in
573 2598 732 2661 Toletano
750 2600 898 2661 Concilio
915 2599 1072 2661 statutum

281 2693 391 2766 luerit,
412 2695 444 2756 et
465 2695 501 2756 in
524 2696 674 2773 generali
695 2697 903 2774 postmodum
926 2698 1073 2760 innova-

281 2792 366 2865 tum,
390 2809 433 2854 ne
448 2793 571 2855 Christi
591 2794 806 2872 blasphemus
822 2791 986 2875 (Judaeus)
1011 2811 1074 2872 pu-

279 2887 390 2952 bliciis
420 2890 540 2952 oldciis
564 2891 785 2969 praeficiatur,
822 2909 897 2954 curn
932 2893 1072 2953 nimium

280 2987 323 3048 sit
342 2987 532 3061 absurdum,
558 2990 594 3051 ut
614 2990 698 3052 tales
724 2991 759 3052 in
782 2989 982 3052 christianos
1004 2990 1071 3052 vim

280 3087 459 3147 exerceant
474 3087 658 3164 potestatis,
680 3103 751 3160 vos,
777 3086 813 3149 ut
833 3087 1070 3160 intelleximus,

280 3183 533 3245 conniventibus
548 3184 654 3246 oculis
669 3184 851 3257 sustinetis,
869 3201 928 3262 per
939 3187 957 3247 J
960 3183 1072 3247 udeeos

279 3280 378 3356 atquc
391 3296 538 3357 paganos
553 3281 711 3343 statutum
731 3281 921 3359 hujusmodi
936 3281 1069 3354 violari,

281 3392 446 3454 quamque
458 3377 589 3454 publice
611 3378 645 3439 in
666 3379 802 3456 synodis
817 3378 936 3441 vestris
951 3379 1071 3456 protu-

280 3473 387 3536 leritis
418 3476 769 3538 excommunicationis
805 3476 1002 3538 sententiam
1035 3476 1070 3536 in

280 3587 405 3646 omnes,
429 3573 485 3650 qui
507 3574 632 3636 eisdem
650 3573 768 3636 officiis
792 3574 999 3653 praeticerent
1018 3573 1073 3634 in-

279 3669 410 3746 fidelem
429 3671 462 3732 et
481 3671 568 3732 idem
588 3687 649 3732 rex
669 3672 763 3734 vobis
780 3675 852 3750 jam
872 3673 995 3733 dudum
1014 3672 1069 3732 di-

278 3769 405 3831 rexerit
419 3769 541 3848 scripta
557 3787 628 3843 sua,
646 3771 680 3831 in
696 3771 814 3849 quibus
826 3771 900 3848 loge
913 3771 1070 3848 perpetuo

278 3865 450 3938 duratura,
467 3883 503 3929 se
527 3869 683 3930 statuisse
698 3867 838 3941 dicebat,
855 3885 897 3930 ne
910 3869 946 3929 in
967 3883 1070 3944 regno

281 3963 462 4039 Hungariae
491 3965 559 4026 ullo
579 3980 724 4042 unquam
749 3981 809 4027 suo
824 3965 877 4027 vel
901 3964 1070 4027 haredum

279 4075 416 4121 suorum
432 4061 591 4138 tempore,
613 4061 697 4124 tales
712 4063 939 4141 praeficiantur
951 4061 1070 4124 officiis

279 4158 489 4235 supradictis.
513 4159 707 4220 Audivimus
730 4161 876 4236 insuper,
895 4159 981 4238 quod
1003 4161 1069 4222 Sa-

278 4255 394 4316 raceni
408 4271 468 4332 per
481 4255 781 4318 dissimulationem
794 4259 949 4326 vestram,
966 4256 1069 4319 multa

278 4353 476 4430 inpartibus
493 4355 614 4417 vestris
630 4354 775 4416 habeant
786 4355 950 4432 mancipia
966 4355 1070 4416 chris·

276 4452 380 4524 tiana,
396 4469 469 4529 quae
485 4469 559 4514 cum
581 4455 692 4514 emant
711 4451 831 4526 libere,
855 4451 985 4529 quando
1004 4468 1069 4515 vo-

277 4550 359 4621 lunt,
377 4567 436 4627 pro
451 4550 589 4612 arbitrio
614 4567 674 4612 suo
694 4551 908 4612 dominantur
931 4549 1067 4622 eisdem,

274 4649 371 4724 juxta
390 4649 491 4709 ritum
513 4649 661 4726 ipsorum
681 4665 720 4710 ea
735 4648 851 4711 vivere
867 4648 1070 4726 compellen-

276 4747 337 4806 tes.
355 4747 532 4818 Praeterea,
550 4746 636 4824 quod
663 4747 713 4808 est
729 4745 906 4822 plurimum
929 4746 1071 4807 misera-

276 4841 359 4916 bile,
383 4843 534 4904 nonnulli
559 4844 675 4906 rustici
699 4844 874 4906 christiani
897 4847 1012 4921 sponte
1033 4860 1069 4906 se

276 4941 514 5003 transferentes
530 4941 571 5002 ad
587 4942 687 5017 ipsos,
709 4943 870 5003 eteorum
890 4942 974 5002 ritus
996 4956 1070 5002 sec-

275 5040 395 5108 tantes,
414 5041 597 5101 Saracenos
613 5055 649 5099 se
662 5037 793 5115 publice
816 5038 1013 5116 profitentur
1027 5055 1070 5100 ex

277 5153 317 5199 eo
341 5159 348 5199 :
374 5137 452 5214 quia
483 5137 519 5198 in
546 5137 664 5214 primis
690 5137 796 5198 levior
826 5139 1069 5199 Saracenorum

278 5235 423 5296 conditio
439 5250 537 5311 quiam
558 5233 817 5296 christianorum
837 5235 962 5296 existit.
986 5236 1069 5308 Quia

278 5347 356 5393 vero
373 5331 630 5408 negligere,cum
642 5332 979 5410 possitisperturbare
993 5348 1071 5410 per-

276 5443 403 5496 versos.
438 5429 523 5490 nihil
545 5430 596 5492 est
619 5428 721 5500 aliud,
753 5444 851 5505 quam
882 5430 1070 5501 roveraso

277 5525 465 5588 consentire
481 5526 612 5589 videtur
626 5525 834 5600 errantibus,
863 5527 920 5604 qui
934 5527 1024 5589 vitiis
1038 5528 1070 5589 et

276 5625 432 5704 peccatis,
459 5641 532 5702 quea
546 5623 642 5686 debet
661 5625 847 5701 corrigere,
865 5641 931 5689 non
952 5641 1070 5688 occur-

276 5723 338 5797 rit,
361 5723 407 5786 ita
424 5722 458 5786 in
474 5723 537 5785 hoc
552 5721 789 5800 negligentiam
811 5725 956 5787 vestram
979 5723 1070 5785 redi-

899 391 1075 454 nauehu
1095 393 1139 454 111
1161 393 1308 456 OPERA.

1859 399 1912 461 888

1129 553 1227 614 matis
1242 567 1302 629 per
1313 551 1519 630 diligentiam
1538 553 1802 633 subsequentem,
1821 573 1911 635 qnam

1129 652 1289 726 majorem
1304 649 1403 712 solito
1418 649 1577 714 adhibere
1590 653 1729 730 curetis3
1750 669 1791 714 ne
1812 655 1912 717 chris-
2006 715 2007 740 ,

1128 747 1214 808 tiani
1241 748 1386 808 nominis
1418 749 1618 812 contumelia
1654 752 1688 812 in
1714 767 1774 813 vos
1802 753 1911 816 cadere
2006 763 2007 772 ’

1129 845 1365 920 dignoscatur,
1393 847 1427 908 et
1447 863 1507 908 nos
1536 837 1707 924 peccatum
1731 849 1911 926 hujusmodi

1130 941 1343 1018 negligentiae
1362 943 1430 1004 tam
1451 944 1673 1006 intolerabilis
1688 961 1762 1023 qnae
1786 949 1914 1010 comsit

1130 1039 1244 1111 nimia,
1262 1040 1368 1116 culpae
1381 1043 1596 1104 annumerari
1613 1043 1730 1119 potest,
1746 1059 1812 1104 non
1827 1061 1913 1120 coga-

1130 1153 1204 1198 mur
1221 1137 1338 1197 durius
1353 1138 1560 1214 exprobare3
1581 1140 1674 1201 nefas
1694 1140 1744 1202 est
1767 1142 1864 1214 enim,
1882 1145 1914 1206 ut

1130 1235 1217 1296 sacri
1241 1234 1450 1311 baptismatis
1475 1237 1563 1298 unda
1578 1238 1714 1299 renatus
1736 1238 1914 1301 infidelium

1128 1331 1207 1405 ritu,
1224 1333 1277 1394 vel
1292 1332 1546 1396 conversatione
1561 1333 1711 1408 foedetur,
1728 1337 1787 1397 aut
1802 1337 1914 1413 religio
2007 1335 2008 1350 ¹

1130 1428 1313 1514 christiana
1337 1429 1485 1508 subjecta
1523 1429 1712 1492 infidelibus
1740 1433 1911 1510 polluatur,

1129 1543 1188 1588 seu
1199 1526 1411 1604 blasphemus
1421 1528 1529 1606 ipsius
1541 1529 1746 1606 redemptum
1759 1531 1913 1606 sanguine

1129 1624 1251 1686 Christi
1277 1625 1419 1696 Domini,
1443 1625 1622 1687 obnoxium
1646 1627 1793 1690 detineat
1816 1630 1914 1690 servi-

1129 1721 1202 1782 tuti.
1226 1722 1340 1795 Reate,
1357 1721 1467 1784 idibus
1477 1724 1568 1801 julii,
1584 1739 1673 1786 anno
1687 1739 1788 1787 nono.

1464 2021 1579 2109 CXCI

1128 2180 1180 2240 Ad
1206 2182 1418 2252 Rauranum,
1442 2183 1561 2244 Sancti
1589 2185 1709 2260 angeli
1736 2186 1913 2246 diaconum

1159 2280 1382 2350 cardinalem,
1399 2280 1600 2353 apostolica
1613 2283 1710 2342 Sedis
1722 2283 1882 2357 legatum.

1422 2419 1455 2476 re
1466 2417 1530 2493 jan
1547 2419 1625 2478 raas.

1144 2549 1264 2616 [fluens
1279 2550 1325 2604 lib.
1342 2551 1386 2610 lx,
1401 2551 1474 2616 epist.
1489 2551 1544 2601 avr.
1557 2553 1613 2603 uss.
1627 2554 1665 2604 aa
1675 2553 1750 2603 rorte
1762 2552 1799 2604 au
1811 2553 1900 2616 rnen]
2009 2571 2010 2620 3

1127 2673 1244 2733 Mandat
1268 2675 1295 2732 ei
1326 2683 1357 2733 ut
1391 2676 1541 2750 privilegia
1574 2677 1739 2735 manasterii
1767 2678 1913 2747 italensis,

1163 2763 1301 2823 adversus
1316 2764 1448 2839 prelatos
1466 2765 1513 2823 illa
1535 2762 1692 2838 infringere
1715 2775 1915 2840 presumentes

1161 2859 1273 2912 tueatur
1288 2868 1322 2910 ac
1335 2851 1478 2912 desendet.

1166 2988 1556 3062 Honorius,etc.,dilecto
1566 2989 1634 3052 illio
1645 2992 1794 3052 Romano
1805 2991 1913 3053 Sancti

1126 3086 1243 3162 Angeli
1258 3086 1398 3148 diacono
1420 3086 1594 3160 cardinali,
1609 3087 1808 3165 Apostolicae
1826 3087 1913 3150 Sedis

1126 3183 1248 3259 legato,
1264 3184 1417 3257 salutem,
1434 3185 1497 3246 etc.
1618 3253 1620 3258 ,
2010 3175 2011 3190 ²

1165 3280 1311 3343 Dilectus
1327 3281 1453 3342 tilius...
1470 3279 1572 3342 abbas
1586 3283 1739 3344 Dolensis
1749 3283 1786 3343 in
1801 3285 1911 3344 nostra

1126 3377 1299 3454 proposuit
1309 3378 1487 3453 praesentia
1502 3379 1711 3447 constitutus,
1723 3380 1809 3456 qnod
1826 3396 1912 3458 prae·

1126 3475 1196 3547 lati,
1224 3476 1260 3536 in
1287 3489 1425 3551 quorum
1454 3475 1653 3537 dioecesibus
1680 3477 1861 3553 prioratus,
1884 3478 1914 3538 et

1126 3571 1201 3634 aliae
1214 3571 1627 3634 ecclesiae'monasteriisui
1638 3575 1835 3649 consistunt,
1847 3574 1910 3636 suis

1126 3669 1417 3736 adinventionibus
1433 3671 1632 3732 evacuantes
1652 3671 1913 3748 exemptionibus

1126 3767 1313 3844 privilegia,
1337 3767 1455 3845 quibus
1476 3769 1584 3844 ipsum
1606 3769 1847 3854 monasterium
1868 3771 1913 3831 est

1125 3865 1288 3926 munitum
1314 3881 1374 3942 pro
1394 3865 1504 3927 causis
1527 3881 1609 3942 quas
1630 3866 1793 3928 adversus
1831 3883 1912 3940 eum,

1125 3960 1178 4024 vel
1204 3962 1384 4024 monachos
1409 3977 1487 4024 suos
1510 3962 1644 4036 habent,
1664 3964 1717 4025 vel
1742 3981 1779 4025 se
1794 3965 1913 4026 habere

1126 4059 1328 4136 contingunt,
1339 4061 1549 4138 promulgant
1561 4062 1742 4124 sententias
1750 4062 1913 4124 interdicti

1125 4157 1159 4219 et
1179 4157 1532 4220 excommunicationis
1552 4159 1588 4218 in
1612 4157 1764 4221 homines
1777 4175 1911 4222 eorum-

1125 4256 1210 4328 dem,
1227 4270 1266 4318 ac
1287 4256 1322 4316 in
1342 4271 1410 4327 eos,
1433 4255 1489 4333 qui
1513 4256 1641 4319 malunt
1664 4255 1698 4317 in
1718 4258 1913 4319 molendinis

1124 4354 1283 4431 ipsorum,
1300 4354 1332 4415 et
1353 4353 1409 4430 qui
1424 4354 1569 4431 coquunt
1588 4353 1623 4414 in
1642 4354 1761 4427 furnis,
1785 4371 1911 4417 necnon

1125 4451 1159 4513 in
1183 4451 1376 4523 servientes,
1403 4451 1436 4513 et
1461 4451 1632 4528 operarios
1656 4453 1858 4526 eorumdem,
1875 4469 1911 4514 aa

1124 4549 1159 4609 in
1174 4549 1258 4611 alios
1273 4548 1357 4609 elias
1373 4548 1653 4611 communicantes
1673 4549 1814 4623 eisdem,
1838 4551 1912 4628 quin

1124 4647 1224 4709 etiam
1241 4646 1277 4706 in
1292 4645 1472 4707 monachos
1488 4645 1577 4722 ipsos
1593 4648 1799 4722 praesumunt
1812 4648 1913 4710 inter-

1124 4744 1200 4805 dum
1217 4745 1256 4806 de
1270 4744 1356 4805 iacto
1371 4742 1560 4820 hujusmodi
1578 4744 1759 4806 sentemias
1776 4745 1914 4823 promul·

1124 4859 1215 4920 gare.
1228 4844 1394 4905 Praeterea
1409 4840 1556 4918 ipsorum
1568 4842 1775 4919 prioratuum
1785 4845 1819 4906 et
1832 4844 1914 4904 alia-

1124 4958 1197 5003 rum
1212 4940 1428 5002 ecclesiarum
1440 4954 1575 5000 suarum
1591 4938 1747 5012 decimas,
1765 4941 1912 5018 aliosque

1125 5039 1319 5115 proventus,
1346 5038 1378 5098 et
1404 5035 1491 5098 bona
1520 5038 1700 5113 occupant3
1727 5039 1761 5100 et
1791 5037 1914 5100 faciunt

1125 5137 1292 5213 occupari,
1309 5136 1343 5196 et
1356 5134 1557 5211 capellanos,
1583 5150 1623 5196 ac
1642 5136 1782 5212 populos
1805 5138 1911 5199 eccle-

1125 5234 1250 5296 siarum
1266 5234 1414 5309 ipsarum
1429 5231 1471 5292 ad
1494 5226 1562 5292 alia
1584 5232 1657 5293 loca
1676 5231 1804 5296 iaciunt
1827 5251 1913 5296 com-

1125 5331 1280 5407 migrare,
1302 5331 1338 5392 ut
1366 5329 1415 5391 sic
1443 5329 1530 5390 idem
1558 5329 1676 5402 abbas,
1704 5332 1739 5392 et
1761 5332 1910 5394 monachi

1125 5427 1376 5492 obventionibus
1416 5427 1535 5500 solitis,
1568 5428 1601 5489 et
1631 5428 1751 5490 debitis
1784 5430 1913 5492 defran-

1124 5527 1258 5600 dentur,
1276 5527 1308 5587 et
1329 5526 1378 5588 ita
1393 5525 1440 5598 tit,
1462 5526 1498 5586 ut
1512 5526 1679 5603 exemptio
1694 5541 1852 5590 concessa
1866 5529 1911 5590 eis

1125 5641 1226 5687 causa
1238 5623 1425 5700 compendii
1439 5623 1473 5686 et
1486 5623 1608 5699 quiens
1628 5637 1688 5702 per
1701 5624 1910 5688 adinventio-

1124 5739 1183 5785 nes
1209 5720 1398 5800 hujusmodi
1424 5721 1467 5783 sit
1495 5721 1545 5784 eis
1569 5737 1671 5784 causa
1694 5720 1858 5801 dispendii
1880 5725 1910 5786 et
