4102 6322
295 355 335 420 88
911 353 1089 425 aenean
1108 353 1157 428 111
1176 353 1325 432 ortui.

297 515 441 596 amplius
468 515 573 581 heum
597 515 632 580 et
653 515 802 586 rosham
824 516 926 585 debes
949 518 1090 597 diligere
1138 517 1240 596 iustis
1268 517 1547 596 postulationibus
1573 519 1671 597 mato
1702 516 1980 585 macen-entes

297 614 530 678 honestatem:
552 630 693 702 securus
721 615 843 694 itaque,
872 616 960 694 quod
987 619 1111 695 quum
1142 631 1293 687 assensu,
1317 617 1493 681 ecclesiam
1514 617 1554 680 de
1572 618 1750 695 Beringeu,
1775 633 1899 696 quam
1929 615 1979 676 de

298 729 474 791 personam
489 715 581 776 tuam
602 713 637 775 in
656 714 806 776 caritatis
821 713 1005 777 visceribus
1027 715 1090 776 ha·
1142 714 1359 776 concessione
1376 715 1578 778 venerabilis
1593 715 1707 778 fratris
1722 717 1832 780 nothi
1851 715 1976 782 otto-

296 809 445 882 beamus,
462 810 738 889 postulationibus
755 812 821 877 tuis
835 811 1026 876 curabimus
1038 812 1091 874 la·
1144 812 1209 884 nis,
1226 811 1476 889 Herhipolensis
1491 813 1650 892 episcopi,
1664 814 1804 892 capituli
1814 813 1887 874 sui
1905 827 1979 876 ac·

297 923 411 972 vorem
426 908 628 982 benivolum,
649 911 802 988 quotiens
822 911 980 987 expedire
996 911 1090 974 ride-
1144 909 1282 972 cedente
1304 925 1479 984 consensu,
1495 927 1555 974 vos
1574 912 1758 989 proponitis
1777 910 1977 974 canonice

294 1005 414 1079 rimus,
436 1006 608 1070 exhibere.
628 1009 748 1071 Datum
768 1009 936 1081 Laterani,
957 1011 1001 1072 Vi
1019 1009 1088 1074 hal.
1143 1008 1329 1081 assecutos,
1344 1008 1612 1086 sicuteamjuste
1626 1009 1817 1087 aepacidee
1832 1005 1978 1086 possi·
2046 1054 2047 1058 ,

1932 357 1980 421 84

296 1101 468 1178 februarii,
484 1105 697 1183 pontificatis
709 1107 816 1174 nostri
830 1121 918 1170 anno
934 1107 1042 1174 sexto.

668 1421 719 1510 di

367 1574 422 1635 Ad
434 1574 634 1650 Philippum
646 1587 765 1651 repent
780 1577 1014 1636 Francorum,

565 1704 580 1762 i
596 1702 729 1763 februarii
743 1705 821 1763 iaia

289 1853 292 1857 ⁴
397 1825 534 1893 [bouquet
550 1826 608 1881 lter.
624 1827 667 1880 des
682 1827 790 1888 llist.,t.
803 1823 871 1888 xiii,
884 1843 910 1896 p.
923 1827 989 1891 iis]

296 1950 402 2011 Dolens
417 1953 559 2011 lionorius
571 1952 656 2026 quod,
672 1961 823 2027 postquam
838 1953 913 2012 lilius
925 1955 987 2027 eius
1001 1953 1092 2014 Ludo·

330 2041 414 2098 vicus
441 2057 520 2099 arma
556 2041 694 2100 adversus
721 2043 877 2104 roiosanos
904 2043 1088 2116 suscepisset,

332 2129 361 2188 in
371 2129 453 2203 pejus
463 2131 566 2188 ruisset
577 2129 642 2187 lldei
655 2131 814 2204 negotium,
826 2145 925 2204 regem
935 2130 1091 2190 obtestatur

331 2225 363 2275 ut
375 2217 410 2275 ad
425 2217 530 2276 bellum
545 2217 760 2276 instaurandum
777 2234 809 2277 se
829 2219 931 2277 acriter
947 2223 1088 2296 accingat.

334 2343 502 2404 Honorius
512 2343 699 2421 episcopus,
709 2360 827 2407 servus
838 2361 1009 2408 serrorum
1017 2345 1088 2414 Dei,
1110 2407 1125 2434 Γ

295 2439 470 2503 carissimo
496 2442 530 2502 in
560 2441 690 2504 Christo
721 2442 791 2505 tilio
819 2442 986 2521 Philippo,
1018 2442 1090 2520 regi

294 2535 501 2599 Francorum
515 2538 650 2612 illustri,
668 2540 808 2603 salutem
826 2542 859 2602 et
874 2537 1092 2618 apostolicam

295 2631 571 2697 benedictionem.

337 2733 466 2802 Quanto
478 2733 647 2809 negotium
660 2732 737 2796 tidei
749 2733 882 2796 videtur
892 2733 926 2796 in
939 2733 1090 2812 partibus

295 2827 523 2905 albigensium
542 2831 678 2907 gravius
698 2831 870 2904 cecidisse,
897 2832 995 2895 tanto·
1013 2849 1091 2894 am-

295 2926 385 3006 plius
400 2928 534 3006 expedit
553 2930 589 2993 ut
602 2930 779 3006 magnifice
798 2929 839 2992 ad
859 2933 932 3008 ejus
953 2931 1089 2995 relere-
1112 2927 1124 2986 'a

295 3024 421 3087 tionem
444 3025 612 3101 intendas,
635 3029 669 3092 et
691 3031 852 3106 majorem
880 3028 958 3091 inde
981 3030 1090 3106 possis

294 3120 427 3184 leudem
445 3123 478 3184 et
493 3122 634 3198 gloriam
655 3125 742 3202 apud
762 3128 865 3189 Deum
885 3130 918 3187 et
938 3115 1100 3190 homines.

293 3220 492 3294 promereri.
514 3219 657 3298 Ideoque
676 3223 889 3286 serenitatem
907 3222 998 3285 tuam
1013 3239 1090 3286 nro-

294 3329 426 3388 nemus,
439 3331 595 3394 rogamus
612 3317 645 3379 et
663 3316 877 3381 obsecramus
894 3319 929 3380 in
949 3322 1093 3384 Domino

217 3481 221 3490 ,
292 3413 375 3475 Jesu
390 3412 533 3486 Christo,
553 3416 716 3494 quatenus
738 3415 781 3478 ad
803 3415 1020 3479 relevandum
1038 3419 1091 3494 ip-

294 3526 368 3572 sum
390 3511 559 3588 negotium
583 3511 728 3574 studium
746 3514 780 3576 et
802 3529 939 3591 operam
959 3516 1008 3578 sic
1025 3515 1092 3576 im-

294 3608 432 3686 pendas,
449 3610 535 3687 quod
550 3626 593 3672 ex
608 3611 670 3674 hoc
687 3612 877 3690 assequaris
897 3611 1013 3675 laudes
1028 3612 1091 3675 ho-

295 3705 422 3769 minum
436 3705 473 3769 in
487 3708 658 3786 praesenti,
676 3710 709 3771 et
725 3725 745 3770 a
763 3710 903 3772 Domino
917 3711 1090 3790 praemium

296 3802 331 3865 in
345 3802 468 3868 tuturo.
492 3807 611 3869 Datum
631 3807 800 3882 Laterani,
824 3807 891 3870 kal.
915 3807 1087 3882 februarii,

296 3899 510 3982 pontificatus
522 3905 628 3968 nostri
640 3921 729 3972 anno
742 3905 851 3970 sexto.

658 4219 729 4306 llll

326 4371 379 4432 Ari
393 4370 548 4432 abbatem
563 4369 597 4432 et
611 4371 819 4432 corruentium
837 4373 878 4432 dc
892 4371 1060 4434 Scolaciui.
1110 4410 1114 4472 2

563 4511 578 4568 l
596 4507 730 4568 februarii
745 4509 825 4568 itti.

290 4661 295 4670 ·
326 4644 587 4710 [wirtembergisches
598 4643 812 4702 Urhundenbueh,
826 4643 869 4703 iii,
882 4641 938 4703 its,
951 4655 978 4696 n.
990 4641 1063 4709 ota}

395 4771 554 4830 Ecclesiam
569 4769 605 4829 de
619 4771 763 4846 Beringen
778 4771 821 4829 eis
834 4769 993 4830 eonllrmat.

336 4906 504 4970 Honorius
514 4905 700 4983 episcopus
712 4923 829 4970 seruus
838 4905 1089 4980 servorumDei,

296 5003 427 5068 dilectis
444 5004 573 5066 tiliis...
585 5003 698 5068 abbati
712 5006 746 5066 et
760 5005 938 5067 conventui
954 5005 994 5066 de
1010 5007 1092 5068 Sco-

295 5103 386 5168 netal
401 5100 632 5168 Cisterciensis
647 5101 787 5174 ordinis,
805 5103 947 5166 salutem
962 5103 996 5164 et
1010 5117 1092 5180 apo-
1111 5136 1113 5146 ·

295 5203 449 5265 stolicam
463 5198 739 5263 benedictionem.

338 5301 444 5372 Quum
460 5315 479 5360 a
494 5298 590 5362 nobis
609 5297 734 5374 petitur
749 5295 838 5373 quod
848 5297 976 5374 justum
994 5297 1093 5360 estet
1112 5344 1114 5354 .

297 5397 485 5470 honesturn,
500 5397 568 5458 tam
589 5394 686 5472 rigor
706 5394 872 5472 aequitatis
892 5410 990 5471 quam
1011 5395 1092 5456 ordo

291 5495 403 5572 exigit
416 5495 568 5566 rationis,
585 5495 623 5556 ut
639 5492 673 5556 id
691 5508 751 5571 per
767 5491 1026 5554 sollicitudinem
1041 5493 1094 5555 ol-

298 5595 368 5656 ticii
382 5593 489 5656 nostri
503 5593 544 5654 ad
555 5591 701 5654 debitum
711 5591 914 5669 perducatur
924 5589 1089 5653 effectum.

298 5693 491 5770 liapropter,
517 5688 629 5754 dilecti
653 5690 689 5752 in
713 5688 852 5752 Domino
879 5687 951 5762 tilii,
972 5687 1092 5752 vestris

1143 1104 1229 1170 detis
1240 1107 1274 1168 et
1286 1106 1322 1167 in
1337 1107 1487 1184 ejusdem
1500 1107 1648 1184 episcopi
1662 1107 1867 1172 authentico
1884 1105 1977 1182 ple-

1143 1203 1222 1272 nius
1235 1204 1434 1278 continetur,
1448 1203 1543 1268 vobis
1554 1206 1588 1268 et
1597 1220 1657 1283 per
1666 1220 1725 1267 ros
1735 1203 1974 1268 monasterio

1144 1301 1256 1365 restro
1274 1301 1472 1369 auctoritate
1491 1302 1683 1380 apostoliea
1704 1301 1972 1366 confirmamus

1121 1471 1122 1474 Ἴ
1144 1398 1178 1461 et
1200 1399 1376 1476 praesentis
1400 1400 1517 1477 scripti
1539 1399 1725 1478 patrocinio
1749 1398 1971 1464 communi-

1146 1511 1233 1558 mus.
1256 1497 1351 1562 Nulli
1374 1513 1454 1574 ergo
1476 1499 1619 1561 omnino
1645 1497 1818 1563 hominum
1841 1495 1971 1560 iioeat

1144 1592 1534 1671 hancpaginamnostrce
1547 1594 1809 1659 confirmationis
1822 1593 1969 1656 intrin-

1142 1706 1235 1767 gere,
1256 1691 1311 1756 rel
1331 1692 1364 1754 ei
1386 1707 1471 1756 ausu
1494 1693 1672 1758 temerario
1696 1691 1888 1756 contraire.
1924 1690 1967 1752 Si
2046 1751 2047 1772 ξ

1141 1788 1220 1866 uuis
1233 1791 1347 1851 autem
1361 1790 1426 1852 hoe
1438 1791 1605 1852 attentare
1618 1790 1887 1867 praesumpserit,
1907 1789 1968 1850 in·

1145 1885 1371 1963 dignationem
1386 1888 1621 1970 omnipotentis
1635 1888 1696 1950 Dei
1712 1903 1753 1952 ae
1767 1887 1962 1949 beatorum

1145 1985 1236 2046 Petri
1249 1985 1282 2048 et
1297 1984 1394 2047 Pauli
1412 1985 1639 2061 apostolorum
1659 1987 1733 2061 ejus
1753 1999 1791 2046 se
1810 1984 1964 2048 noverit

1145 2081 1369 2144 incursurum.
1390 2083 1509 2146 batum
1528 2082 1695 2155 Laterani,
1718 2081 1877 2147 kalendis
1902 2081 1962 2144 fe-

1144 2177 1283 2253 bruarii,
1301 2180 1514 2258 pontificatus
1528 2181 1635 2244 nostri
1652 2195 1743 2244 anno
1760 2180 1871 2242 sexto.

1496 2493 1589 2582 CIII

1304 2597 1562 2722 accepturum
1577 2648 1778 2710 Louduncn.

1350 2833 1351 2836 ,
1411 2777 1426 2834 l
1446 2773 1579 2836 februarii
1594 2777 1673 2836 itit.

1172 2899 1290 2964 megest,
1302 2897 1347 2950 lib.
1363 2892 1411 2956 Vl,
1417 2899 1492 2964 epist.
1504 2898 1560 2950 tte.
1572 2900 1629 2952 hias.
1643 2901 1680 2951 Lu
1689 2899 1764 2952 l’orte
1775 2900 1810 2952 du
1824 2899 1926 2965 rheti-i
2031 2880 2045 2970 i

1145 3023 1258 3084 inhibet
1272 3025 1324 3082 suh
1335 3039 1418 3098 poena
1432 3039 1561 3083 censure
1574 3025 1775 3084 ecclesiastice
1788 3041 1826 3084 ne
1838 3039 1947 3100 quam·

1265 3112 1332 3170 dum
1353 3112 1587 3171 consuetudinem
1600 3113 1690 3186 Jurari
1705 3113 1819 3174 iaciant.

1185 3249 1364 3322 Honorius,
1376 3249 1595 3322 eto.,dilectis
1605 3249 1686 3312 tiliis
1698 3247 1846 3328 capitulo
1859 3253 1950 3316 Lau·
2010 3243 2031 3281 ³·

1122 3388 1124 3392 ι
1145 3345 1268 3420 dunen.

1185 3445 1292 3515 Quum
1318 3442 1461 3506 ecclesia
1490 3445 1604 3508 vestra
1633 3445 1720 3507 inter
1747 3445 1947 3510 convicinos
2034 3445 2041 3455 '

1144 3540 1292 3607 eminere
1314 3541 1469 3606 credatur
1486 3559 1624 3616 numero
1643 3543 1676 3605 et
1690 3543 1807 3616 merito
1821 3559 1948 3621 perso-

1144 3653 1275 3712 narum,
1292 3638 1386 3702 decet
1405 3641 1614 3717 prudentiam
1628 3643 1773 3704 vestram
1796 3640 1946 3703 sollicite
2025 3677 2032 3682 -

1145 3735 1333 3814 providere,
1350 3752 1392 3798 ne
1415 3737 1473 3799 liat
1497 3737 1623 3815 aliquid
1646 3737 1683 3798 in
1706 3737 1832 3810 eadem,
1854 3736 1947 3814 quod
2028 3743 2044 3784 '4

1145 3835 1342 3896 canonicam
1355 3849 1423 3895 non
1437 3834 1546 3912 sapiat
1559 3835 1747 3910 puritatem,
1762 3835 1815 3896 vel
1831 3835 1948 3912 turpi-

1144 3931 1293 3994 tudinem
1308 3931 1464 3994 rideatur
1482 3931 1628 4010 aliquam
1648 3932 1830 3994 continere.
1854 3934 1947 3994 Sane

1145 4029 1187 4090 ad
1216 4029 1420 4091 audientiam
1453 4031 1600 4090 nostram
1629 4030 1790 4091 noveritis
1817 4045 1943 4107 perve-

1145 4127 1250 4198 nisse,
1264 4126 1350 4203 quod
1376 4125 1539 4202 praetextu
1565 4126 1738 4204 cujusdam
1756 4129 1944 4190 consuetu·
2026 4157 2031 4162 ·

1111 4209 1113 4284 Ῐ
1146 4223 1246 4292 dinis,
1267 4224 1304 4286 ut
1322 4223 1455 4291 dicitur,
1466 4223 1658 4301 juramento
1679 4223 1809 4286 firmato
1829 4225 1943 4286 asin·
2028 4275 2045 4284 ,

1145 4321 1244 4396 gulis,
1253 4321 1378 4398 quesin
1389 4320 1533 4382 ecclesia
1545 4321 1655 4382 vestra
1665 4321 1856 4383 canonicari
1866 4337 1946 4384 oon·
2041 4381 2043 4384 .

1111 4418 1366 4495 ¹tingitanum
1377 4419 1536 4496 scyphum
1546 4420 1740 4495 argenteum
1752 4419 1898 4495 exigitis
1910 4420 1944 4484 et
2044 4481 2046 4486 ,

1146 4516 1461 4594 etiamextorquetis
1470 4517 1521 4578 eis
1534 4517 1676 4579 lhuctum
1687 4515 1943 4594 praebendarum
2037 4579 2043 4586 ,

1147 4629 1282 4676 suarum
1297 4614 1363 4675 nisi
1383 4597 1654 4676 consuetudinem
1665 4615 1858 4691 jamdictam
1874 4615 1941 4676 ad·

1145 4711 1944 4788 impleant,denegandoQuiaigiturcousuetudo
2044 4783 2045 4786 Ἴ

1145 4808 1337 4888 hujusmodi
1359 4808 1482 4872 habere
1504 4809 1636 4872 ridetur
1659 4809 1803 4887 speciem
1826 4811 1942 4888 pravi·
2045 4883 2046 4886 Ἴ

1146 4907 1224 4969 tatis
1238 4909 1272 4969 et
1288 4907 1436 4969 continet
1453 4907 1692 4985 turpitudinem
1717 4907 1941 4978 manifestam,

1147 5004 1359 5068 universitati
1373 5008 1494 5068 vestrae
1514 5005 1712 5074 auctoritate
1727 5007 1942 5082 praesentium

1145 5101 1353 5174 inhibemus,
1379 5117 1422 5164 ne
1445 5102 1638 5179 praedictam
1667 5103 1942 5166 consuetudinem

1111 5201 1113 5213 '
1142 5202 1260 5277 jurare
1271 5199 1404 5262 iacietis
1415 5199 1455 5261 de
1468 5201 1600 5274 caetero,
1612 5199 1665 5261 vel
1679 5203 1751 5277 ejus
1767 5197 1943 5264 occasione

1148 5296 1273 5374 aliquid
1295 5297 1449 5373 exigatis,
1476 5299 1533 5358 aut
1549 5297 1755 5360 subtrahatis
1773 5297 1941 5375 aliquibus

1149 5411 1287 5456 suarum
1315 5395 1465 5456 redditus
1494 5394 1759 5472 praebendarum.
1786 5396 1942 5473 Alioquin
2043 5471 2046 5484 1

1146 5492 1330 5566 venerabili
1347 5492 1445 5553 tratri
1459 5494 1610 5555 nostro...
1633 5493 1788 5570 episcopo
1809 5493 1944 5554 Laudu-

1146 5607 1237 5660 nen,
1249 5590 1282 5651 et
1294 5590 1425 5653 dilectis
1436 5590 1514 5654 tiliis
1527 5590 1638 5654 abbati
1652 5591 1766 5654 Sancti
1780 5590 1942 5654 iohannis

1147 5687 1182 5750 in
1200 5687 1317 5750 vineis
1339 5689 1407 5750 et...
1432 5688 1558 5751 decano
1579 5681 1793 5752 Suessionen.
1819 5689 1940 5751 nostris
