4102 6322
87 379 172 445 81
746 371 976 444 EPIS‘POLAE.
999 379 1078 442 LIB.
1101 377 1157 443 VI.
1604 380 1609 396 '
1745 381 1787 444 82

97 541 216 608 lecti
236 545 274 608 13
292 544 433 608 Domine
452 543 526 617 filii,
546 544 616 606 tam
637 541 812 615 redditum,
836 557 934 620 quem
989 541 1097 618 nobis,
1114 539 1201 620 qued
1221 555 1321 620 qurum
1344 539 1504 604 dudum...
1524 539 1608 618 regi,
1630 529 1785 605 3313133

101 640 176 705 de
203 644 312 720 signis
338 641 501 720 plumbeis
527 641 598 703 sive
621 641 770 718 stagneis
792 643 935 718 Aposto-
988 639 1133 703 secunde
1159 640 1282 717 genito,
1312 639 1353 700 ad
1383 653 1523 716 regnum
1554 641 1692 702 daletiae
1721 639 1786 701 sibi

102 737 247 802 lorum
270 737 935 815 Ρ313131Ρ33111333133333313333-
988 737 1112 811 13133,
1130 752 1190 816 333
1203 737 1429 800 venerabilem
1442 738 1579 800 fratrem
1593 739 1783 800 3331333...

104 837 240 910 tibus,
270 837 389 915 quibus
417 851 531 898 eorum
558 835 675 896 limina
700 834 873 898 visitantes
899 835 933 895 in
990 836 1253 912 strigoniensem
1274 835 1562 913 archiepiscopum
1586 835 1785 896 auctoritate

110 936 371 1012 argumentum
396 934 540 1010 propriae
572 933 757 996 devotionis
783 934 816 996 et
839 925 935 996 testi·
990 932 1785 1011 SedisApostolicaeceronateinregem...filiam

102 1033 288 1094 nenium
301 1031 433 1095 itineris
452 1031 674 1093 consummati
690 1047 727 1094 se
743 1032 834 1109 ipses
850 1031 935 1092 insi·
989 1030 1110 1093 nobilis
1130 1031 1232 1093 viri...
1261 1031 1355 1092 ducis
1376 1030 1524 1092 Poloniaa
1551 1029 1784 1092 matrimonia-

116 1131 268 1207 gniunt,
294 1128 557 1206 praedecessores
580 1130 696 1202 nestri,
725 1131 759 1191 31
783 1143 843 1190 333
869 1127 958 1206 1331
989 1129 1066 1191 liter
1076 1129 1280 1206 copulasses,
1293 1129 1548 1206 tamatequam
1562 1119 1688 1205 abipso
1700 1127 1785 1189 duee

120 1229 312 1306 percipere
328 1227 573 1299 consuevimus,
589 1242 688 1304 quam
703 1227 934 1288 auctoritatem
989 1226 1154 1302 corporali
1170 1227 1361 1304 jnramento
1381 1225 1540 1302 praestito,
1558 1225 1645 1302 quod
1666 1227 1785 1286 neuter

122 1323 299 1386 fundendi
313 1339 364 1396 ea,
382 1323 435 1386 vel
448 1323 568 1401 quibus
580 1321 754 1386 volueritis
767 1322 933 1384 fusoribus
988 1325 1135 1385 vestrum
1159 1323 1297 1385 dissolvi
1321 1323 1512 1402 hru'usmedi
1535 1322 1785 1386 matrimonium

126 1419 355 1493 concedendi,
369 1421 427 1499 qui
445 1421 540 1483 vobis
558 1420 687 1484 tantum
707 1419 747 1482 de
765 1419 849 1498 ipsis
862 1435 935 1482 ras-
988 1422 1198 1501 procuraret;
1221 1421 1302 1499 quin
1322 1421 1388 1482 imo
1408 1436 1520 1497 regam
1540 1419 1733 1498 praedictum
1748 1420 1785 1481 in

127 1519 317 1597 pendeant,
334 1517 428 1580 vobis
448 1519 482 1580 et
503 1533 563 1596 per
583 1533 643 1580 vos
664 1517 832 1580 canonicae
852 1533 932 1579 ves-
989 1517 1167 1581 obtinendo
1188 1535 1327 1596 regnum
1347 1519 1459 1596 ipsum
1480 1518 1701 1580 defenderetis
1715 1517 1786 1580 teto

133 1618 197 1678 133
219 1615 436 1693 presentium
455 1615 653 1678 auctoritate
670 1615 883 1677 concedimus
902 1616 935 1678 et
988 1616 1136 1692 tempere
1148 1615 1226 1678 vitae
1239 1619 1376 1679 vestrae:
1389 1631 1489 1694 quum
1502 1615 1637 1677 sinistre
1650 1614 1783 1688 accidit,

132 1713 315 1791 praesentis
337 1713 453 1790 scripti
474 1713 659 1790 patrocinio
680 1712 932 1775 communimus.
988 1728 1102 1791 regem
1123 1714 1231 1792 ipsum
1255 1729 1329 1776 cum
1346 1717 1477 1791 'spensa
1499 1713 1612 1775 suaet
1632 1711 1785 1790 pluribus

132 1811 184 1872 Ad
197 1811 275 1884 hoc,
296 1810 357 1872 sub
376 1827 474 1888 peona
489 1811 840 1872 excommunicationis
859 1809 933 1870 dis-
989 1811 1067 1872 aliis
1081 1812 1165 1874 viris
1185 1811 1353 1874 nobilibus
1372 1827 1392 1872 a
1414 1811 1481 1872 tuis
1500 1810 1651 1873 hostibus
1675 1809 1785 1888 capti-

130 1909 271 1970 trictius
291 1907 492 1980 inhibemus,
516 1907 651 1985 nequis
674 1923 715 1968 ea
734 1907 855 1985 333133
873 1921 933 1968 as·
988 1909 1073 1982 vari,
1094 1911 1127 1972 at
1141 1908 1268 1970 tamdiu
1287 1909 1381 1972 extra
1402 1923 1543 1986 reguum
1562 1908 1670 1985 ipsum
1685 1923 1785 1968 man-

134 2021 286 2078 sensum,
302 2009 336 2068 31
357 2006 609 2067 concessionem
627 2007 783 2077 vestram,
798 2004 933 2084 aliqua·
989 2005 1115 2084 eipatos
1128 1997 1287 2070 custodiae
1301 2005 1454 2079 detineri,
1469 2005 1574 2067 donec
1587 2006 1785 2067 necessitate

133 2106 235 2166 tenus
250 2103 396 2166 formare
411 2105 637 2180 33333331.»
989 2104 1190 2181 333331333,
1215 2120 1290 2166 333
1314 2104 1405 2182 13333
1430 2103 1528 2164 aliter
1552 2102 1696 2165 liberare
1717 2116 1785 2164 nen

175 2203 248 2264 Nos
272 2217 353 2279 erge
375 2201 462 2280 qued
486 2201 665 2263 abeodem
690 2201 934 2278 predecessore
989 2201 1317 2278 possesjmamento
1327 2199 1476 2277 praestito
1489 2199 1683 2278 promisisti,
1698 2197 1785 2278 quod

135 2301 253 2364 nostre
271 2317 373 2378 super
392 2299 583 2362 bisfactum
601 2300 662 2372 est,
683 2300 791 2363 ratum
807 2298 935 2362 haben·
989 2299 1057 2360 et...
1075 2297 1143 2358 filio
1158 2298 1216 2390 133
1230 2297 1329 2358 tertie
1348 2297 1461 2374 genito
1478 2297 1704 2359 concessimus
1719 2295 1785 2374 ipsi

135 2399 200 2471 tes,
219 2397 305 2459 illud
327 2398 523 2460 auctoritate
544 2398 734 2475 Apostolica
756 2397 935 2460 confirma-
989 2409 1127 2471 regnum
1149 2393 1324 2471 praefatum
1340 2393 1427 2475 (1)...
1450 2393 1553 2457 filiam
1581 2393 1702 2458 nobilis
1719 2393 1786 2456 viri

136 2511 228 2568 mus,
245 2496 280 2558 et
302 2496 476 2574 praesentis
501 2496 617 2572 scripti
637 2495 821 2573 patrocinio
843 2509 936 2557 com·
989 2490 1151 2553 Misezlau
1172 2492 1463 2556 matrimonialiter
1483 2492 1669 2570 copulares,
1686 2506 1786 2570 super

137 2595 319 2666 munimus,
348 2592 409 2655 sub
438 2594 596 2671 praedicta
624 2607 723 2671 33333
751 2593 934 2655 districtius
989 2605 1053 2667 quo
1077 2589 1190 2667 utique
1211 2591 1411 2667 Apostolicaa
1431 2589 1633 2668 provisionis
1657 2590 1784 2650 suifra-

136 2691 340 2764 inbibentes,
367 2707 409 2753 ne
438 2691 513 2769 quis
538 2693 573 2753 in
598 2691 686 2754 Urbe
710 2690 770 2752 sub
801 2689 935 2753 nemine
989 2687 1787 2766 313333331313311.Ν33131133133313111333-

136 2790 283 2851 aliarum
298 2789 516 2852 ecclesiarum
538 2791 605 2852 alia
619 2789 936 2866 signasupradicto-
990 2783 1163 2846 titionibus
1186 2785 1253 2847 tuis
1277 2785 1313 2846 in
1339 2785 1518 2863 praesentia
1543 2785 1682 2848 fratrum
1707 2799 1787 2846 nos·
1901 2775 1907 2800 '

136 2903 214 2947 rum
239 2885 473 2964 Apostolorum
506 2887 686 2963 imaginem
721 2884 935 2963 praeferentia
990 2881 1115 2944 trorum
1148 2883 1325 2959 diligenter
1358 2883 1529 2961 expositis,
1567 2881 1608 2943 de
1639 2881 1786 2959 ipsorum

135 2984 279 3046 fundere
293 2983 347 3046 vel
361 2985 505 3047 vendere
530 2985 650 3046 audeat
674 2984 748 3046 sine
769 2985 884 3045 nestra
903 2984 936 3045 et
991 2979 1130 3041 consilio
1139 2979 1365 3057 juramentum
1381 2979 1572 3058 hujusmodi
1588 2979 1623 3039 in
1638 2993 1677 3040 eo
1698 2977 1786 3039 dun-

134 3073 299 3144 'Ecelesiae
314 3083 473 3146 Romanae
487 3083 623 3145 licentia
639 3081 788 3160 speciali.
990 3076 1094 3149 taxat,
1123 3075 1210 3154 qued
1233 3091 1373 3154 regnum
1399 3076 1594 3155 praedictum
1625 3075 1685 3137 3111
1713 3075 1785 3152 regi

177 3179 274 3242 Nulli
294 3196 374 3256 ergo
393 3181 528 3243 omnino
544 3181 715 3242 homiuum
730 3179 830 3241 liceat
848 3178 936 3242 hanc
991 3173 1188 3236 auctoritate
1198 3175 1388 3252 1333131133
1402 3173 1572 3243 coronato,
1586 3174 1693 3251 primo
1705 3187 1787 3235 con-

131 3279 296 3356 paginam
318 3279 441 3342 nostrae
465 3277 728 3340 confirmationis
752 3265 786 3340 et
806 3276 935 3338 inbibi-
990 3287 1121 3332 cessum
1131 3271 1281 3348 tetigisse
1291 3265 1433 3345 videtur,
1450 3272 1619 3350 tamquam
1631 3269 1786 3332 illicitum

136 3375 937 3452 1133131313133333,331313333133333113333η
990 3370 1023 3431 31
1037 3369 1143 3446 33133
1151 3370 1340 3448 juramento
1355 3369 1559 3432 eontrarium
1577 3368 1786 3430 decrevimus

138 3473 256 3534 traire.
280 3472 316 3534 si
339 3473 413 3550 quis
435 3473 546 3535 33133
569 3473 633 3535 133
647 3465 819 3535 ’311331333
843 3489 934 3549 3333-
991 3463 1191 3530 nontenerc.
1207 3468 1244 3528 ln
1258 3483 1296 3529 eo
1309 3467 1487 3545 veroquod
1501 3466 1680 3545 spectatad
1693 3464 1784 3528 31131

137 3571 339 3647 sumpserit,
389 3570 654 3647 indignationem
700 3571 935 3646 omnipotentis
990 3564 1240 3628 matrimonium
1255 3564 1530 3634 contrahendum,
1547 3563 1704 3641 expedire
1718 3579 1786 3625 non
1858 3608 1867 3616 .

137 3668 211 3741 Dei,
229 3669 427 3730 31313133
447 3668 616 3740 Laterani,
641 3669 685 3729 Vl
705 3667 866 3730 kalendas
887 3667 937 3728 fe·
990 3661 1133 3724 vidimus
1153 3663 1190 3724 ut
1209 3660 1783 3739 3133133313333113333333313,

134 3765 280 3837 bruerii,
296 3765 506 3842 pontificatus
521 3765 628 3828 nostri
643 3781 732 3827 anne
747 3765 853 3827 sexte.
991 3759 1078 3821 sicut
1092 3757 1292 3836 accepimus,
1307 3758 1464 3836 praefatus
1477 3759 1655 3820 1111331333
1672 3759 1786 3821 3111113

991 3855 1172 3934 supradicti
1187 3858 1231 3918 M.
1248 3856 1284 3916 in
1304 3857 1426 3918 minori
1449 3857 1595 3918 existant
1614 3854 1786 3918 constituti

523 3981 550 4070 G
990 3953 1098 4026 aetate,
1118 3957 1295 4030 antequam
1318 3953 1359 4015 ad
1383 3954 1513 4015 nubiles
1536 3968 1642 4015 annes
1667 3967 1788 4031 perve-

990 4053 1176 4125 3133111111
1200 4053 1332 4114 cautius
1356 4052 1389 4115 et
1412 4051 1595 4114 consultius
1616 4050 1786 4130 provideri

237 4135 291 4194 Ad
304 4135 480 4196 Andfssam
493 4147 613 4208 11116111
626 4134 833 4209 Ht‘ltdssl'iae·
990 4150 1238 4228 331331113133
1257 4166 1348 4212 3333.
1371 4153 1478 4229 Super
1498 4166 1538 4213 3ο
1553 4150 1675 4222 33133,
1699 4147 1785 4227 quod

406 4274 440 4331 il
452 4273 575 4347 januam
590 4273 668 4331 liii.
990 4263 1136 4320 causam,
1149 4265 1222 4326 333
1232 4248 1374 4311 vertitur
1385 4247 1515 4310 1313313
1524 4263 1564 4310 33
1577 4246 1786 4310 carissimam

989 4347 1025 4407 in
1041 4347 1172 4409 Christe
1185 4345 1290 4408 filiam
1304 4347 1453 4409 nostram
1468 4345 1695 4409 Constantiam
1711 4346 1784 4406 Ro-

989 4431 1164 4505 rnanorum
1185 4444 1431 4521 imperatricem
1458 4459 1590 4521 semper
1610 4442 1786 4518 augustam

186 4525 249 4581 ¹¹⁹¹
263 4523 445 4596 Hunssfflaei
462 4521 585 4594 (1110118111
595 4522 758 4596 tummim
773 4523 888 4582 imme
990 4543 1023 4604 31
1036 4543 1186 4618 reginam
1208 4543 1343 4616 Siciliae,
1367 4543 1408 4603 ad
1429 4543 1575 4604 3331333
1598 4539 1709 4618 3311311
1724 4555 1788 4600 33-

279 4396 407 4462 [Thalnae
424 4399 492 4448 1133.
507 4397 600 4461 flung,
615 4397 636 4456 l,
649 4397 690 4460 31,
706 4395 795 4458 3111]

384 4612 510 4685 lfae⁸²l¹⁰
524 4611 691 4670 absolvitur.
990 4639 1149 4703 diantiam
1168 4640 1337 4708 renovari,
1360 4639 1495 4702 noveris
1511 4637 1696 4700 33331133
1718 4635 1786 4698 im-

177 4739 348 4800 Henorius
376 4737 561 4816 episeopus,
593 4739 668 4810 313.,
695 4738 869 4801 carissimo
899 4737 935 4799 13
990 4737 1148 4816 peratriei
1167 4739 1300 4800 nostras
1325 4751 1425 4814 super
1445 4735 1510 4799 hoe
1532 4737 1661 4798 litteras
1683 4734 1789 4796 dest·-

134 4836 272 4898 ¹Christo
285 4836 392 4899 filio...
405 4836 529 4897 illustri
541 4837 613 4912 regi
628 4839 822 4914 Hungariae,
839 4837 935 4898 salu·
989 4851 1099 4908 nasse,
1115 4834 1287 4898 credentes
1300 4834 1386 4913 quod
1402 4835 1435 4897 31
1449 4834 1521 4913 1333
1536 4835 1617 4896 velit
1628 4833 1784 4904 libenter,

136 4935 216 5006 tem,
233 4935 297 4996 ete.
990 4935 1027 4996 ut
1040 4935 1126 4994 idem
1147 4933 1315 5010 negotium
1335 4932 1376 4994 31
1395 4933 1595 5011 Apostolieae
1614 4931 1710 4994 Sedis
1725 4946 1784 4992 re-

179 5035 287 5104 Quum
323 5033 356 5094 te
383 5031 704 5094 313313331331333
732 5032 769 5094 13
803 5031 935 5093 Christe
989 5032 1139 5093 mittatur
1155 5047 1306 5092 examen.
1327 5031 1393 5093 Pro
1412 5047 1453 5093 ee
1469 5047 1550 5093 varo
1568 5029 1654 5108 qued
1673 5031 1709 5090 13
1725 5043 1786 5090 ue·

138 5129 244 5216 filium
269 5131 419 5190 nostrum
445 5130 576 5191 sincera
600 5129 778 5207 diligamus
804 5130 839 5191 in
864 5133 934 5192 be·
989 5131 1079 5207 gotio
1104 5129 1305 5191 venerabilis
1327 5129 1442 5191 fratris
1467 5117 1610 5191 nestri...
1636 5125 1784 5204 episcopi

137 5227 232 5288 mine
258 5227 409 5298 caritate,
432 5227 585 5289 dubitare
609 5231 641 5290 te
663 5229 829 5300 nolumus,
855 5229 934 5306 quin
990 5228 1184 5290 (lauriensis
1206 5228 1399 5305 petitionem
1422 5228 1514 5290 tuam
1538 5225 1699 5286 exaudire
1723 5239 1785 5286 ne-

138 5341 255 5402 preces
274 5326 308 5386 et
328 5324 594 5401 petitionestuas
613 5326 774 5404 exaudire
793 5326 936 5387 libenter
989 5325 1168 5403 quivimus,
1200 5326 1292 5402 regia
1323 5325 1487 5388 serenitas
1520 5338 1585 5385 non
1619 5322 1783 5385 turbetur.

136 5424 293 5494 velimus,
316 5425 476 5500 quantum
501 5439 575 5483 cum
595 5425 661 5484 Deo
681 5426 714 5486 et
735 5425 934 5500 Apostolleae
990 5426 1074 5484 Nam
1096 5441 1171 5486 cum
1195 5423 1236 5485 ab
1262 5423 1390 5485 benere
1410 5422 1610 5500 Apostolicae
1635 5421 1729 5483 Sedis
1752 5421 1785 5483 et

139 5521 236 5583 Sedis
250 5523 285 5582 31
299 5521 414 5582 333133
429 5536 603 5597 33333333
618 5520 802 5582 133331313.
822 5523 935 5598 Nuper
989 5523 1103 5584 nostre
1134 5521 1335 5599 despondeat
1362 5522 1469 5582 bonor
1491 5521 1580 5588 tuus,
1606 5521 1785 5597 quantum·

139 5620 227 5680 enim
249 5633 294 5679 ex
316 5619 486 5696 33313133
510 5617 572 5681 fuit
593 5618 797 5696 propesitum
821 5635 933 5681 coram
989 5635 1129 5697 eumque
1144 5619 1318 5696 praefatum
1331 5619 1520 5699 episcopum
1533 5618 1664 5695 diligas,
1681 5615 1784 5679 multe

176 5731 218 5806 (1)
239 5735 366 5791 Forsan:
385 5731 657 5808 [Pesteoecessam]
668 5733 722 5807 1331
737 5747 858 5806 regnum
871 5733 1031 5807 praelatum,
1109 5733 1207 5804 filiam,
1223 5741 1276 5791 313.
