4002 6326
253 341 314 410 aar
873 337 1050 406 nouonu
1070 339 1114 410 ιιι
1135 337 1283 404 oenus.
1834 338 1888 400 ere

254 497 1057 567 bue...abbatissoetcc.conrentutdeliontebeatae.
1105 496 1195 562 iectu
1225 497 1450 576 prosequente,
1476 496 1653 574 complere·
1686 497 1735 560 ila
1755 497 1887 574 propter,

255 596 372 662 Marias
387 596 580 660 Cistemien.
595 596 734 670 ordinis,
749 597 891 660 salutem
903 598 1055 674 etApos*
1105 595 1235 660 dilectae
1252 594 1679 667 inconsentaneum
1695 595 1802 672 justis
1817 612 1887 672 pos·

255 693 390 758 inlicem
404 693 679 756 benedictionem.
1104 692 1324 756 tutationibus
1357 693 1455 770 grato
1486 693 1724 756 concurrentes
1749 707 1887 766 assensu,
1975 715 1976 732 ι

297 793 516 854 sacrosancta
534 794 683 855 Romana
698 790 847 854 Ecclesia
866 789 1004 852 devotos
1018 789 1052 852 et
1105 806 1254 852 annuum
1276 790 1441 853 redditum
1460 790 1633 852 duodecim
1655 790 1818 854 librarum
1828 793 1889 852 Va·
1975 787 1976 806 ²

256 888 399 956 humiles
428 889 514 952 tilios
542 905 586 950 es
609 891 752 952 assuetae
781 889 913 967 pietatis
940 887 1050 950 officio
1105 888 1233 950 leucen.
1252 890 1393 954 monetae
1416 888 1457 953 ad
1477 887 1628 950 cambam
1648 887 1689 948 de
1703 888 1804 964 ponte
1820 887 1891 950 Noi-

256 987 453 1066 propensius
467 987 609 1064 diligere
619 986 802 1060 consuevit,
824 988 857 1048 et
871 1001 911 1050 ne
926 1001 1055 1064 pravo*
1104 986 1196 1046 ronis
1208 985 1457 1063 percipiendum
1472 1002 1492 1047 a
1509 985 1615 1052 nobili
1629 985 1773 1049 muliere
1791 988 1820 1047 J.
1840 1001 1890 1046 co-

255 1100 331 1150 num
345 1085 516 1148 bominum
531 1086 693 1148 molestiis
708 1085 886 1162 agitentur,
898 1100 955 1148 eos
971 1087 1049 1146 tan-
1104 1083 1420 1148 mitissaFlendren.
1433 1084 1634 1148 monasterio
1644 1085 1888 1146 vestroconces·

256 1197 355 1258 quam
369 1183 425 1260 pia
440 1184 546 1246 mater
560 1199 629 1246 suae
642 1183 856 1260 protectionis
867 1182 1051 1244 munimine
1085 1179 1189 1253 sum,
1213 1181 1454 1258 possessiones,
1468 1181 1588 1254 terras,
1610 1183 1718 1258 prata,
1753 1196 1889 1253 nemora,

256 1279 444 1342 contovere.
469 1283 516 1342 Ea
540 1282 685 1358 propter,
713 1281 841 1342 dilectae
866 1279 1050 1340 inDomino
1103 1277 1248 1354 terragia
1264 1281 1425 1342 etomnes
1440 1278 1587 1342 redditus
1602 1294 1685 1356 quos
1706 1277 1837 1340 habetis
1856 1293 1892 1340 ex

258 1375 1049 1456 tiliae,vestrisjustispostulationibusgratocon·
1104 1375 1284 1446 donatione
1301 1377 1398 1440 dictae
1415 1377 1593 1442 comitissae
1615 1379 1648 1440 et
1666 1375 1829 1438 nobilium
1843 1377 1890 1438 vi-

256 1474 428 1536 currentes
470 1490 626 1548 assensu,
661 1489 821 1553 personas
857 1477 986 1537 vestras
1018 1475 1050 1536 et
1104 1489 1218 1536 rorum
1252 1475 1396 1538 Simonis
1436 1475 1477 1538 de
1515 1475 1649 1546 Gillain,
1688 1474 1827 1536 Hellens
1858 1473 1893 1534 de

256 1569 416 1634 locumin
436 1573 628 1650 quodirino
647 1572 901 1650 estisobsequic
922 1573 1052 1634 manci·-
1103 1571 1233 1644 Albeto,
1262 1573 1296 1634 S.
1332 1573 1372 1634 de
1405 1573 1499 1645 rlion,
1530 1572 1640 1649 Epidii
1674 1571 1718 1635 de
1752 1569 1896 1640 semion,⁴

256 1672 352 1747 patae,
369 1686 442 1732 cum
456 1669 798 1749 omnibusbonisquae
813 1670 1051 1747 inpraesentia·
1103 1669 1244 1732 Amandi
1259 1669 1300 1732 de
1316 1672 1434 1743 Pones,
1461 1673 1497 1735 B.
1520 1670 1561 1732 de
1582 1669 1755 1742 semeriis,
1784 1671 1836 1728 W.
1857 1668 1894 1731 de

255 1767 581 1830 rumraiionabiliter
591 1768 835 1846 possidetisant
845 1767 1047 1841 infuturum,
1086 1767 1228 1843 meing,
1253 1770 1288 1828 E.
1314 1767 1355 1830 de
1376 1768 1489 1844 iring,
1519 1771 1558 1830 ll.
1586 1767 1786 1830 marescalci
1806 1767 1838 1828 et
1856 1769 1889 1828 A.

255 1865 435 1942 praestante
458 1867 608 1938 Domino,
625 1865 727 1944 justis
761 1865 867 1928 modis
897 1865 1049 1944 poteritis
1104 1865 1236 1938 Locins,
1254 1865 1714 1938 etaliabonavestra‚sicut
1731 1864 1888 1928 eaomnia
1975 1865 1976 1868 ’

256 1961 1049 2040 adipisci‚subbeatiPeirietnostraproteclione
1104 1962 1251 2026 uestrum
1284 1963 1523 2026 monasterium
1549 1965 1651 2040 juste,
1671 1963 1834 2024 canonice
1857 1977 1891 2024 ac

255 2060 465 2138 suscipimus.
477 2061 673 2138 specialiter
685 2063 796 2123 autem
810 2077 958 2122 annuum
972 2062 1052 2122 red·
1104 2059 1242 2136 pacifice
1262 2061 1417 2138 possidet,
1440 2060 1534 2123 vobis
1563 2063 1597 2136 et
1623 2075 1767 2138 perros
1793 2060 1890 2122 eidem
1975 2095 1976 2110 ι

256 2157 361 2219 ditum
385 2159 559 2236 sexaginta
581 2159 762 2223 solidorum
784 2159 963 2222 valencen.
984 2175 1050 2221 mo·
1104 2158 1306 2220 monasterio
1330 2159 1528 2222 auctoritate
1552 2158 1744 2235 apostolica
1774 2157 1889 2220 contir-
1975 2187 1976 2216 ι

255 2257 353 2328 cetae,
381 2270 401 2316 a
425 2256 589 2333 quondam
622 2259 660 2318 A.
694 2257 734 2318 de
766 2259 799 2318 S.
829 2256 974 2320 Auberto
1006 2258 1049 2319 ad
1103 2271 1231 2318 mamus
1244 2258 1277 2318 et
1288 2256 1463 2333 praesentis
1477 2255 1591 2334 scripti
1608 2255 1796 2333 patrocinio
1809 2270 1890 2317 com·
1975 2307 1976 2346 ,

256 2353 554 2430 minagiumsuum
576 2354 617 2415 de
646 2357 775 2432 Haspra
798 2354 1049 2432 percipiendum
1105 2353 1283 2419 munimus.
1315 2354 1408 2417 Nulli
1443 2369 1523 2430 ergo
1555 2353 1690 2416 omnino
1724 2352 1886 2422 bominum
1975 2379 1976 2392 ι

256 2451 458 2512 monasterio
482 2453 592 2514 restro
607 2467 812 2525 concessum,
837 2454 956 2525 terras,
977 2469 1051 2516 mo·
1103 2451 1204 2514 liceat
1220 2451 1307 2514 banc
1321 2453 1483 2530 paginam,
1497 2452 1619 2517 nostrae
1635 2449 1887 2516 confirmationis
1975 2423 1976 2514 Ῐ

256 2547 438 2622 tendinum,
455 2551 561 2626 prata,
569 2551 927 2626 terraginemmemora
937 2550 1050 2613 etred·
1104 2549 1299 2626 intringere,
1312 2551 1367 2612 rel
1383 2551 1414 2612 ei
1430 2565 1514 2615 ausu
1529 2550 1705 2614 temerario
1717 2549 1886 2612 conbaire.
1975 2599 1976 2624 ,

257 2645 346 2708 ditus
375 2646 415 2708 de
429 2647 572 2721 Poteles,
595 2646 636 2710 de
657 2647 728 2710 Trit
756 2648 789 2709 in
818 2648 986 2711 territorio
1014 2651 1047 2710 S.
1105 2647 1230 2724 Siquis
1246 2648 1356 2708 autem
1381 2647 1621 2709 bocaltentare
1638 2645 1887 2724 praesumpserit,

255 2743 453 2821 Leodegarii
479 2745 513 2806 et
538 2743 580 2806 de
607 2747 778 2818 Querceto,
809 2747 842 2809 et
867 2745 934 2808 alia
961 2745 1048 2808 bona
1103 2744 1366 2822 indignationem
1391 2745 1625 2822 omnipotentis
1646 2745 1706 2806 Dei
1728 2747 1763 2807 et
1781 2743 1887 2805 beato·
1975 2749 1976 2823 ζ

256 2841 800 2915 vestra,sicuteaomniasestrum
811 2841 1049 2907 monasterium
1103 2857 1176 2903 rum
1203 2841 1293 2905 Petri
1321 2844 1355 2904 et
1380 2843 1478 2904 Pauli
1500 2842 1737 2920 Apostolorum
1765 2844 1834 2919 ejus
1857 2855 1887 2900 sc
1975 2863 1976 2914 p

250 2941 341 3016 Juste
357 2940 503 3019 possidet
527 2941 560 3003 et
583 2942 705 3020 quiete,
730 2941 824 3004 vobis
851 2944 885 3004 et
912 2958 972 3019 per
988 2958 1048 3005 ros
1102 2935 1885 3016 noveritincursurum.Datumsigniae,li1vkal.
1975 2925 1976 2994 i

255 3037 363 3098 eidem
393 3039 595 3100 monasterio
628 3040 826 3102 auctoritate
857 3039 1049 3117 apostolica
1099 3038 1188 3116 julii,
1205 3037 1418 3118 pontificatus
1432 3038 1538 3102 nostri
1551 3053 1638 3102 anno
1649 3037 1801 3116 septimo.

255 3135 488 3198 confirmamus
504 3138 536 3200 et
546 3139 721 3215 presentis
735 3138 851 3217 scripti
861 3139 1048 3216 patrocinio

254 3232 507 3294 communimus.
521 3235 613 3294 Nulli
624 3249 705 3311 ergo
727 3235 862 3296 omnino
876 3235 1049 3296 bominum

253 3326 355 3391 liceat
373 3329 461 3392 banc
475 3331 631 3407 paginam
646 3331 769 3393 nostrae
786 3333 1002 3409 protectionis
1017 3333 1049 3395 et
1451 3325 1555 3414 CLII

253 3423 517 3490 confirmationis
530 3427 725 3506 infringere,
739 3429 792 3492 rel
805 3429 932 3491 clausu
944 3432 1050 3492 teme-

251 3523 343 3586 rario
366 3525 543 3587 contraire.
561 3526 596 3588 Si
616 3526 690 3603 quis
712 3528 823 3588 autem
846 3527 910 3590 boc
934 3527 1048 3590 atten-

252 3621 324 3684 tare
337 3624 596 3704 praesumpserit,
618 3623 884 3700 indignationem
897 3625 1050 3702 omnipo-

251 3720 354 3782 tentis
387 3721 447 3782 Dei
486 3722 521 3783 et
556 3721 729 3784 beatorum
762 3723 852 3784 Petri
887 3724 920 3785 et
952 3723 1048 3784 Pauli
1393 3704 1607 3779 ²⁷iuss111223·

250 3817 482 3894 Apostolorum
506 3822 578 3897 ejus
603 3835 639 3881 se
665 3820 798 3881 noverit
820 3819 1046 3882 incursurum.
1295 3827 1704 3895 [timuit-bubones‚1l.tct.]

251 3915 370 3976 Datum
387 3917 523 3992 Signiaer
539 3919 615 3983 XI'V
629 3915 697 3983 kal·
719 3916 810 3996 J'Uffir
835 3918 1047 3996 pontificatus
1102 3941 1245 4000 Honorius
1264 3957 1338 4017 pepe
1354 3943 1497 4002 Fridericc
1520 3945 1713 4003 Romanorum
1732 3939 1886 4018 imperatori

251 4013 358 4074 nostri
370 4029 458 4076 anno
470 4014 622 4092 septimo.
1137 4033 1319 4104 conqueritur
1333 4031 1409 4104 quod
1430 4031 1572 4105 capuanae
1586 4039 1614 4090 et
1627 4033 1785 4092 liversene
1802 4031 1883 4089 ccele-
1975 4087 1976 4094 ,

1136 4121 1187 4178 siis
1207 4121 1269 4194 ipse
1285 4121 1436 4194 providere
1450 4128 1604 4194 presumat
1618 4127 1648 4180 et
1661 4122 1685 4180 si
1700 4123 1774 4182 alios
1785 4119 1820 4180 cd
1831 4133 1884 4176 cas

1122 3473 1174 3536 Ad
1200 3477 1429 3543 brodariorum
1454 3479 1689 3540 Rornanorum
1720 3478 1870 3552 impero·
1975 3463 1976 3466 ’

1438 3576 1560 3638 torem.

1137 4207 1203 4271 dem
1223 4209 1361 4271 ecclesias
1375 4210 1452 4271 curia
1466 4211 1593 4271 Romana
1611 4211 1729 4280 miserit,
1742 4211 1796 4270 bos
1808 4205 1885 4278 recipi
1975 4255 1976 4258 ,

609 4315 692 4409 CLI
1137 4296 1296 4400 probibeat,
1318 4297 1445 4399 adjectis·
1457 4297 1552 4399 verbis
1567 4299 1596 4356 in
1611 4300 1807 4402 auctoritatem
1822 4309 1884 4396 pon·

1136 4386 1271 4447 nicalem
1292 4387 1516 4452 contumeliosis.
1539 4389 1590 4446 ius
1606 4403 1690 4447 suum
1713 4403 1744 4445 ιιι
1759 4387 1884 4447 ecclesias

250 4469 302 4530 Act
318 4468 525 4531 abbatissam
553 4469 587 4532 et
610 4469 816 4531 concentum
841 4467 1048 4531 monasterii
1136 4475 1219 4548 regni
1241 4475 1343 4533 Sicilie
1364 4482 1513 4543 memorat,
1533 4475 1717 4549 hortaturque
1738 4485 1771 4536 ut
1789 4469 1884 4533 seniori

277 4569 318 4628 dc
327 4568 437 4629 Fonte
452 4567 560 4630 ocare
571 4568 707 4638 Momm,
721 4567 862 4630 cistere.
872 4569 1015 4628 ordinis.
1135 4578 1205 4631 usus
1229 4563 1349 4622 consilio
1372 4565 1555 4636 asperitatem
1581 4564 1732 4624 verborum
1760 4557 1883 4637 negando

544 4698 578 4755 13
585 4697 657 4771 junii
673 4697 752 4756 ΜΒ.
1135 4659 1282 4710 removeat
1293 4659 1321 4710 et
1335 4652 1364 4710 in
1378 4653 1510 4710 nuntium
1524 4653 1613 4726 ipsius
1627 4653 1769 4712 refundat.

266 4817 439 4883 mmuh,
453 4819 504 4879 pfl,
518 4819 593 4884 ,pm
612 4819 653 4871 53,
666 4816 724 4872 m,
737 4821 774 4872 L,
785 4820 863 4872 rorte
881 4819 916 4872 d,
928 4819 1023 4885 ML]
1142 4788 1309 4850 Honorius
1319 4787 1505 4866 episcopus,
1517 4803 1633 4852 servus
1642 4803 1812 4853 servorum
1820 4782 1881 4854 Dei,

1101 4885 1220 4954 dilecto
1232 4886 1301 4948 iilic
1313 4887 1503 4960 lirederico,
1514 4889 1739 4953 Romanorum
1754 4888 1882 4964 impera·

1101 4985 1177 5057 tori,
1195 4985 1335 5047 salutem
1347 4985 1609 5061 etApostolioam
1619 4983 1879 5048 benedictionem.

289 5081 469 5154 Honorius,
485 5081 560 5154 etc,
583 5080 712 5146 dilectis
741 5081 776 5142 in
799 5082 929 5147 cbristo
952 5081 1045 5143 illia-
1139 5081 1334 5144 Venientem
1349 5081 1390 5144 ed
1405 5082 1616 5158 praesentiam
1627 5083 1774 5144 nostram
1789 5080 1882 5140 dilec-

250 5177 349 5240 bus...
379 5178 554 5241 abbatissae
580 5195 621 5242 ac
645 5180 823 5242 conventui
852 5179 1046 5242 monasterii
1100 5179 1168 5243 tum
1193 5179 1297 5240 tilium
1319 5181 1356 5238 L.
1374 5177 1520 5256 judicem
1541 5181 1721 5240 Berensem
1736 5173 1881 5241 consucta
1975 5221 1976 5226 1

354 4945 403 5004 Eis
418 4943 555 5018 quasdam
571 4945 769 5018 possessiones
778 4945 938 5004 confirmat.

247 5275 288 5339 de
301 5278 405 5339 Fonte
417 5276 523 5338 beatae
540 5275 877 5349 Mariaecisteroien.
902 5277 1043 5350 ordinis,
1099 5277 1304 5352 benignitate
1330 5277 1528 5353 recepimus,
1543 5277 1575 5340 et
1589 5292 1629 5338 ea
1644 5293 1717 5354 quae
1737 5276 1827 5340 nobis
1841 5283 1878 5332 ex
1975 5331 1976 5346 ,

248 5374 390 5437 salutem
399 5376 431 5436 et
441 5373 669 5451 apostolicam
677 5373 954 5438 benedictionem.
1100 5375 1194 5451 parte
1209 5375 1266 5436 tua
1286 5373 1397 5436 dicere
1411 5374 1527 5446 voluit,
1544 5374 1731 5439 audivimus
1747 5375 1878 5448 diligen·
1975 5393 1976 5398 ¹

287 5471 391 5534 iustis
416 5470 598 5549 petentium
623 5471 798 5534 desideriis
827 5471 964 5548 dignum
994 5473 1045 5534 est
1099 5473 1161 5535 ter.
1186 5475 1232 5534 Eo
1247 5472 1358 5540 autem
1373 5471 1878 5550 nominaniequasdaminprae-
1975 5485 1976 5564 ι

247 5584 309 5631 nos
339 5567 471 5630 facilem
497 5567 647 5646 praebere
675 5583 873 5631 consensum
898 5572 932 5632 et
954 5571 1043 5639 uota,
1100 5569 1210 5632 sentia
1233 5569 1348 5634 nostra
1369 5584 1530 5648 personas
1551 5569 1592 5631 de
1613 5585 1753 5647 quarum
1771 5561 1879 5643 aboni-

250 5682 323 5745 quae
339 5683 359 5729 a
381 5665 524 5730 rationis
539 5666 672 5731 numine
686 5682 753 5730 non
770 5665 972 5740 discordant,
995 5665 1047 5734 ci·
1099 5668 1161 5732 bus
1176 5669 1341 5745 capuanae
1354 5669 1387 5732 et
1400 5669 1580 5734 eremana
1595 5668 1762 5734 ecclessiis
1775 5660 1876 5744 provi·
1975 5693 1976 5728 1
