4102 6322
84 368 105 427 o
725 365 956 436 ammonas
979 369 1057 447 ms.
1081 369 1134 430 vr.
1707 367 1747 428 10

85 525 224 588 dilectis
257 525 339 588 tiliis
368 523 479 592 abbati
512 525 625 589 Sancti
661 526 834 590 Laurentii
861 526 896 588 ih
991 529 1061 592 Etsi
1076 545 1142 610 non
1157 527 1223 590 nisi
1234 529 1339 606 gratis
1354 529 1422 591 sint
1439 528 1669 592 ecclesiastica
1686 521 1747 592 be'-

86 627 214 701 Campo
237 627 277 687 et
292 625 394 702 priori
417 624 530 685 Sancti
551 625 714 696 SeverIni,
734 624 897 686 Fanensis
953 626 1072 688 noticia
1097 626 1309 697 conserenda,
1337 625 1371 686 hi
1396 628 1506 688 tamen
1529 625 1597 703 qui,
1614 642 1745 703 praeve-

87 725 119 785 et
132 723 393 784 camerinensis
408 722 600 794 dioecesum,
615 721 756 784 salutem
772 724 805 784 et
816 737 899 799 apo-
946 723 1057 786 nienti
1073 725 1193 800 gratia,
1201 740 1260 802 per
1273 725 1368 798 grata
1384 723 1570 786 devotionis
1587 723 1746 800 obsequia

88 820 249 880 stolIcam
266 819 545 881 benedictionem.
953 838 989 882 se
1016 824 1172 898 coaptant
1198 823 1294 900 quasi
1322 821 1464 898 quodam
1491 823 1636 898 gratuito
1658 822 1746 898 juris

129 919 365 980 Praesentitrm
377 918 470 978 robis
482 918 678 980 auctoritate
690 917 896 987 mandamus,
953 919 1065 982 debito
1076 920 1118 986 ad
1139 935 1189 992 ea,
1207 922 1284 981 sunt
1299 920 1375 980 aliis
1393 920 1591 998 praelerendi
1606 942 1613 996 ;
1631 935 1673 980 ne
1687 919 1748 980 de-

90 1018 265 1094 quatenus
283 1016 435 1077 homines
453 1015 532 1088 Esii,
551 1015 606 1093 qui
629 1016 773 1076 nobilem
789 1016 897 1078 virum
953 1017 1053 1090 votio,
1066 1017 1166 1094 digna
1188 1016 1406 1080 retributione
1431 1016 1594 1088 fraudata,
1608 1032 1676 1077 non
1691 1033 1747 1078 so-

90 1119 147 1177 hz.
160 1112 399 1174 marchionem
416 1113 658 1174 Anconitanum
677 1115 710 1175 et
727 1115 897 1174 Estensem
953 1116 1022 1177 lum
1037 1131 1104 1177 non
1125 1116 1294 1178 exterreat
1315 1114 1499 1186 indevotos,
1516 1115 1746 1177 verumetiam

91 1212 246 1287 graviter
271 1211 308 1270 in
324 1209 436 1272 multis
455 1211 634 1272 offendisse
650 1210 815 1282 dicuntur,
834 1211 898 1272 nisi
954 1213 1179 1274 remissiorem
1210 1212 1326 1274 reddat
1355 1212 1577 1274 obedientiam
1610 1211 1747 1274 devoto-

92 1308 133 1371 ad
148 1307 353 1369 mandatum
366 1307 569 1370 marchionis
585 1307 732 1386 ejusdem
748 1324 823 1368 cum
836 1307 900 1367 hu-
953 1326 1039 1370 rum.
1054 1312 1134 1371 Cum
1149 1310 1251 1385 igitur
1264 1311 1350 1372 sicut
1366 1310 1505 1371 dilectus
1526 1309 1616 1370 illius
1631 1313 1667 1370 P.
1685 1324 1746 1370 ar-

92 1407 239 1468 militate
262 1405 437 1478 redierint,
454 1405 678 1482 appellatione
702 1405 896 1483 postposita,
954 1406 1183 1484 chipresbyter
1202 1407 1242 1468 de
1266 1408 1426 1482 Surgerii,
1443 1408 1606 1468 innostra
1631 1421 1748 1484 propo·

95 1502 411 1566 excommunicatos
443 1502 574 1579 publice
602 1503 761 1564 nuntietis
794 1503 827 1563 et
858 1501 899 1562 ab
955 1505 1023 1566 suit
1053 1505 1230 1582 praesentia
1269 1505 1480 1576 constitutus,
1500 1503 1557 1566 diu
1583 1505 1617 1565 in
1644 1504 1747 1566 choro

95 1600 254 1662 omnibus
276 1599 319 1661 de
335 1599 486 1661 Marchia
508 1600 639 1662 faciatis
661 1600 819 1678 tanquam
834 1615 898 1659 ax·
954 1602 1105 1664 ecclesiae
1119 1603 1239 1664 restrae
1255 1601 1410 1663 servierii
1425 1601 1567 1664 fideliter
1582 1604 1616 1663 et
1630 1601 1747 1663 devote

97 1699 366 1761 communicatos
381 1700 507 1761 arctius
522 1699 652 1761 evitari
673 1700 791 1760 Datum
807 1700 901 1759 Lata·
954 1715 994 1761 ac
1016 1716 1075 1776 pro
1099 1699 1194 1762 bonae
1217 1699 1386 1761 memoriae
1410 1699 1656 1777 praedecessore
1677 1700 1745 1771 tuo,

97 1797 182 1869 rani,
207 1799 257 1858 XI
280 1796 444 1858 kalendas
460 1795 667 1875 septembris,
690 1796 900 1874 pontificatus
955 1797 1059 1859 irater
1086 1798 1251 1876 episcope,
1277 1813 1318 1860 ac
1340 1797 1524 1870 volitandi
1553 1797 1746 1873 capitulum,

99 1895 202 1957 nostri
219 1911 314 1957 anno
330 1897 436 1958 sexto.
955 1895 1079 1973 pluries
1087 1895 1129 1957 ad
1141 1895 1258 1958 Sedem
1272 1895 1495 1978 apostolicam
1506 1894 1750 1966 laboravitnec

956 1993 1042 2054 ultra
1063 1993 1200 2069 triginta
1221 1993 1346 2054 solidos
1365 1993 1491 2053 habens
1510 1992 1545 2053 in
1560 1991 1750 2069 archipres-

955 2089 1108 2170 byteratu
1135 2107 1195 2153 suo
1220 2090 1254 2152 in
1277 2089 1473 2162 redditibus,
1497 2090 1602 2168 possit
1629 2089 1750 2152 exinde

956 2189 1126 2252 commode
1151 2189 1441 2266 sustentar13quia
1464 2188 1621 2250 indecens
1642 2186 1748 2253 vobis,

956 2288 989 2351 at
1002 2287 1068 2366 ipsi
1079 2303 1144 2348 non
1157 2287 1323 2348 immerito
1333 2290 1385 2348 est
1396 2286 1582 2358 molestum,
1594 2286 1680 2363 quod
1694 2284 1750 2362 qul

957 2384 1121 2446 laboravit
1135 2385 1169 2446 in
1182 2400 1252 2462 spe,
1266 2384 1383 2448 contra
1404 2383 1559 2444 fiduciam
1578 2383 1753 2444 reirande-

956 2483 1021 2553 tur,
1038 2482 1289 2545 universitatem
1304 2482 1449 2543 vestram
1465 2481 1621 2556 rogantes
1636 2481 1669 2542 et
1685 2493 1752 2542 mo·

957 2580 1075 2643 nentes
1088 2580 1314 2657 attentiuspar
1323 2579 1514 2657 apostolica
1523 2577 1617 2640 vobis
1628 2577 1752 2654 scripta

478 2173 533 2261 xl

161 2325 388 2390 aduocatam
403 2325 436 2386 et
451 2327 634 2386 morracios
648 2325 838 2384 Marclra'ea.

292 2427 449 2486 diaecesis
466 2422 714 2485 atrebatensis.

374 2554 408 2612 27
428 2553 542 2627 augusti
558 2552 636 2610 rma.

133 2679 226 2743 [Fontis
240 2681 354 2736 horona,
367 2683 387 2728 t.
400 2675 511 2734 CXXIX,
522 2689 550 2740 p.
562 2675 616 2734 rao,
629 2673 752 2726 Biblioth.
762 2671 876 2738 lintion]

109 2803 239 2862 Prohibet
253 2819 294 2862 ne
310 2819 326 2861 a
342 2802 491 2861 monachis
505 2801 662 2860 biarchien.
678 2799 713 2857 de
733 2798 904 2856 animalibus

357 2891 477 2949 decime
495 2891 656 2964 erigantur.

144 3020 317 3082 Honorius
343 3019 533 3097 episcopus,
562 3017 641 3088 eto,
670 3013 799 3078 dilectis
826 3011 904 3072 filiis

113 3115 224 3180 abbate
235 3118 269 3181 et
280 3116 454 3180 monachis
465 3115 663 3185 biarchiam,
679 3111 830 3180 salutem,
841 3110 903 3170 etc.

149 3216 238 3278 Solet
250 3230 402 3278 annuere
416 3213 518 3276 Sedes
528 3211 717 3288 ApostolIca
732 3210 795 3287 piis
807 3207 904 3274 votis,

116 3311 145 3373 et
173 3313 326 3375 honestis
359 3311 540 3390 petentIum
573 3307 726 3386 precibus
759 3305 905 3367 favorem

116 3405 309 3472 benevolum
327 3409 507 3486 impertire.
522 3411 568 3469 Ea
584 3407 729 3484 propter,
744 3402 857 3464 dilecti
872 3402 906 3462 in

118 3507 247 3570 Domino
269 3507 345 3580 filii,
366 3507 486 3569 vestrIs
506 3505 607 3584 justis
626 3499 906 3581 postulationibus

120 3607 204 3678 grato
219 3605 460 3668 concurrentes
473 3618 623 3673 assensu,
633 3599 829 3662 auctoritate
842 3613 906 3662 ro-

119 3698 163 3760 bis
179 3703 406 3779 praesentium,
423 3700 463 3762 ad
486 3701 592 3762 instar
610 3697 718 3760 leIIcis
737 3695 906 3758 memoriae

121 3798 205 3860 Lucii
220 3803 253 3862 et
265 3799 453 3862 Innocentii
468 3797 751 3875 praedecessorum
771 3792 907 3854 nostro-

121 3909 187 3956 rum
223 3897 436 3966 Pontificum,
458 3893 718 3956 misericorditer
753 3890 907 3952 duximus

123 3991 362 4072 indulgendum,
378 3995 413 4056 ut
429 3993 468 4053 de
481 3991 692 4053 nutrimentis
714 3987 908 4050 animalium

123 4091 302 4154 vestrorum
324 4091 435 4152 nullus
454 4106 473 4151 a
491 4089 583 4150 vobIs
606 4087 752 4148 decimas
773 4084 908 4159 exigere

125 4185 171 4245 rel
181 4183 675 4266 extorquerepraesumat.Nulli
686 4198 765 4257 ergo
774 4181 909 4243 omnino

126 4277 297 4360 hominum,
314 4287 377 4347 etc.
402 4284 529 4360 Siquis
551 4281 661 4343 autem
683 4293 909 4358 praesumpse-

128 4379 174 4450 rit,
187 4385 246 4445 etc.
262 4385 382 4446 Datum
404 4379 573 4452 Laterani,
588 4381 632 4440 Vi
653 4376 815 4439 kalendas
829 4391 909 4452 sep·

128 4477 261 4556 tembris,
279 4480 490 4560 pontificatus
503 4477 609 4541 nostri
624 4491 711 4538 anno
724 4476 830 4538 sexto.

475 4773 551 4860 XII

156 4927 201 4987 Ad
214 4933 406 5004 episcopam
421 4926 456 4987 ct
470 4924 659 4999 capitutum
672 4919 881 4981 Xarzctorea.

366 5060 382 5117 3
400 5055 570 5130 septembris
586 5054 665 5111 liii.

171 5179 280 5246 licent,
291 5183 337 5234 lib.
348 5179 475 5244 lli,eplst.
490 5179 514 5228 3.
526 5179 583 5228 lisa.
595 5178 631 5228 La
640 5177 717 5227 Porta
729 5173 764 5224 du
777 5172 870 5238 Thai]

139 5291 305 5378 Commendat
326 5299 381 5356 illls
397 5299 429 5355 P.
444 5293 720 5368 archipresbyterum
737 5288 773 5348 de
788 5287 914 5362 Surgerii

169 5385 209 5454 qni
222 5385 266 5446 diu
281 5389 383 5446 deuote
396 5385 493 5443 serviit
508 5384 537 5440 ln
549 5397 648 5440 eorum
668 5379 801 5448 ecclesia,
821 5386 850 5435 et
870 5385 913 5434 ta·

169 5485 226 5531 men
239 5475 391 5534 nonhabet
403 5469 636 5531 undecommode
648 5469 737 5543 possit
751 5466 913 5526 sustentari.

174 5600 338 5675 Honorius,
355 5601 431 5671 etc,
450 5596 634 5661 venerabili
651 5595 746 5656 tratri
760 5594 915 5672 episcopo

145 5693 171 5754 et
181 5695 297 5764 dilectis
311 5699 391 5762 tiliis
407 5696 551 5776 capitulo
565 5694 768 5758 Xanctoren.

958 2677 1165 2750 mandamus,
1182 2679 1343 2755 quatenus
1358 2676 1466 2738 eidem
1481 2691 1550 2738 suae
1567 2674 1752 2738 devotionis

959 2774 1105 2848 obtentu,
1114 2779 1146 2838 et
1159 2776 1348 2838 nostrarum
1361 2789 1496 2852 precum
1506 2773 1629 2836 intuitu
1641 2773 1754 2834 taliter

959 2873 1133 2949 providere
1159 2873 1281 2945 velitis,
1309 2871 1395 2949 quod
1423 2872 1496 2948 ipse
1524 2871 1565 2932 ad
1595 2869 1753 2945 obsequia

959 2968 1109 3030 acclesiae
1123 2971 1244 3030 restrae
1263 2969 1331 3030 tam
1346 2969 1381 3028 in
1396 2966 1636 3044 spiritualibus,
1653 2981 1753 3042 quam

960 3067 994 3127 in
1013 3064 1251 3143 temporalibus
1272 3064 1390 3127 lortius
1415 3064 1629 3141 astringatur,
1646 3064 1679 3124 et
1693 3078 1754 3126 nos

960 3164 1168 3226 devotionern
1188 3164 1333 3224 vestram
1350 3163 1516 3240 possimus
1531 3161 1648 3223 merito
1664 3176 1756 3222 com·

961 3260 1129 3324 mendara.
1152 3262 1271 3322 ilatum
1289 3261 1459 3332 Laterani,
1483 3261 1528 3322 lli
1550 3273 1656 3322 nonas
1678 3274 1755 3336 sep-
1780 3277 1789 3282 ·

960 3359 1098 3422 tembris
1112 3374 1201 3420 anno
1216 3360 1323 3420 sexto.

1310 3661 1407 3748 XIII

1003 3815 1054 3874 Art
1080 3815 1377 3888 archiepiscopum
1402 3811 1716 3889 Mapaattacascm.

1210 3954 1228 4012 3
1242 3952 1411 4026 septembris
1427 3953 1504 4010 1221.

1101 4075 1214 4141 [Scheid
1231 4075 1345 4142 Origines
1358 4077 1485 4136 Guelilcae,
1501 4077 1545 4140 Ill,
1557 4076 1625 4142 dia]

964 4204 1139 4262 Electlonem
1155 4202 1286 4276 magistri
1301 4202 1421 4260 conradi
1438 4203 1466 4260 in
1482 4203 1648 4276 episcopum
1665 4201 1758 4260 ecclc·

1042 4293 1092 4350 siae
1108 4291 1353 4351 hildensemensis
1367 4291 1517 4348 conilrrnat
1531 4291 1684 4350 honorius.

1005 4418 1677 4496 Honoriusepiscopusserrusservorum
1688 4417 1759 4498 Dal,

965 4516 1151 4578 venerabili
1183 4516 1279 4577 tratri
1310 4514 1562 4592 archiepiscopo
1590 4515 1761 4590 Magunti·

966 4614 1062 4676 nensi
1071 4615 1211 4676 salutem
1220 4612 1475 4690 atapostclmam
1484 4611 1760 4674 benedictionem.

1007 4712 1152 4775 Litteras
1193 4714 1268 4772 tuas
1301 4709 1489 4786 recepimus
1535 4709 1759 4782 continentes,

967 4809 1055 4887 quod
1076 4823 1193 4886 nuper,
1215 4806 1358 4869 ecclesia
1387 4806 1673 4870 Hildensemcnsis
1696 4822 1760 4870 va·

967 4907 1075 4978 cante,
1087 4905 1268 4983 capitulum
1281 4904 1430 4984 ejusdem
1442 4905 1593 4966 ecclesiae
1607 4904 1762 4966 dilectum

968 5005 1074 5065 silium
1087 5004 1283 5079 magistrum
1294 5002 1493 5076 conradum,
1508 5003 1717 5080 capellanum
1731 5003 1764 5063 at

963 5100 1434 5181 poenitentiarium-nostrum,
1447 5100 1601 5162 invocata
1621 5099 1764 5176 Spiritus

970 5199 1085 5262 Sancti
1108 5199 1228 5276 gratia,
1255 5197 1416 5261 canonice
1443 5198 1476 5258 et
1497 5195 1706 5258 concorditer
1729 5194 1765 5256 in

970 5299 1160 5375 episcopum
1177 5296 1317 5372 elegerit
1335 5316 1342 5354 ε
1359 5296 1454 5372 crrjrrs
1473 5292 1670 5354 electIonem
1683 5307 1765 5353 exa-

970 5396 1101 5457 minans
1116 5395 1305 5471 diligenter,
1327 5407 1401 5454 eam
1418 5390 1617 5453 auctoritate
1639 5389 1765 5450 metro-

971 5494 1117 5571 politica,
1135 5493 1234 5570 prout
1258 5491 1299 5551 ad
1319 5491 1352 5551 te
1372 5488 1526 5566 pertinet,
1549 5485 1764 5548 confirmasti.

972 5593 1040 5653 Nos
1056 5591 1179 5668 itaque,
1196 5587 1405 5651 attendentes
1421 5585 1568 5660 ejusdem
1583 5583 1680 5645 electi
1695 5597 1766 5642 me-
1874 5635 1878 5642 .

972 5690 1036 5754 rita
1052 5686 1239 5766 probitatis,
1252 5685 1285 5746 et
1295 5683 1482 5762 sperantes,
1493 5679 1604 5742 eidem
1615 5678 1765 5740 ecclesiae
