4002 6326
276 377 335 436 liv

275 533 455 596 multorum
466 511 715 598 beneficiorum,
733 541 818 603 quae,
832 525 868 587 ut
880 525 1012 598 dicitur,
1028 525 1070 587 311

885 365 1076 428 ·HONORII
1098 364 1143 425 111
1166 363 1313 428 OPERA.

1865 369 1917 430 las

1126 525 1219 586 tuurn
1242 527 1309 587 tarn
1330 521 1564 586 damnabiliter
1589 525 1734 595 violasti,
1758 526 1918 604 quoslibet

274 647 314 694 eo
338 643 523 704 receperas,
540 627 713 687 immemor
727 625 761 685 31
773 622 925 698 ingratus
949 639 1069 684 manus
1124 622 1186 684 tibi
1200 620 1334 684 vinculo
1346 621 1517 684 fidelitatis
1531 622 1706 685 adstrictos
1720 623 1762 685 ab
1776 623 1916 686 1113333-

275 727 455 790 extendere
470 721 720 802 praesumpsisti,
740 719 894 799 quodque
915 719 1069 782 313313-

275 825 348 888 lore
376 823 480 885 animi
508 835 569 884 nec
593 819 780 882 andivimus
804 831 866 879 nec
881 817 1069 890 referimus,

275 921 425 1001 graviter
446 919 658 982 vulneratum
682 916 778 979 extra
802 930 943 991 regnum
975 931 1070 976 suum

276 1017 501 1082 irreverenter
514 1017 680 1078 abducens
694 1015 824 1090 captum
838 1029 913 1074 cum
927 1011 1071 1076 11113333

276 1116 426 1178 13113313
447 1113 633 1192 praesumis.
655 1111 856 1173 Ρ131331313
879 1125 939 1187 131
950 1109 1072 1186 hujus-

275 1213 365 1280 modi
390 1211 518 1274 lacinus
538 1209 713 1272 reddidisti
733 1206 868 1284 regibus
890 1207 923 1268 et
945 1205 1073 1284 prinoi-

276 1309 372 1389 pibus
388 1307 555 1370 universis
570 1305 738 1374 odibilem,
754 1304 867 1382 utpote
886 1303 943 1382 qui
956 1304 1071 1364 contra

278 1423 335 1470 eos
349 1407 382 1469 et
404 1406 519 1468 contra
534 1405 743 1480 temetipsum
759 1401 945 1480 exemplum
961 1399 1071 1478 pessi·

276 1497 1072 1579 mumedidisti,quid,quumhominesproniores

275 1601 343 1664 sint
357 1599 443 1661 mala
458 1598 582 1661 imitari
599 1613 697 1676 quam
707 1597 806 1669 bona,
819 1596 973 1658 nonnulli
988 1595 1072 1657 13113

275 1700 339 1762 hoc
354 1697 505 1774 exemplo
521 1695 690 1758 audebunt
704 1697 819 1758 contra
829 1695 980 1756 dominos
994 1707 1072 1754 3333

275 1813 316 1859 33
339 1810 551 1874 praesumere,
569 1795 689 1871 quaele
713 1795 830 1854 contra
849 1792 942 1856 tuum
956 1790 1073 1852 audie-

274 1890 914 1972 rintpraesumpsisse.Offendistietiam
925 1887 1073 1965 graviter

276 1993 380 2054 Deum
408 1993 441 2052 et
466 1993 650 2052 Romanam
679 1988 883 2059 Ecclesiam,
905 1987 946 2048 ad
974 2001 1072 2062 quam

276 2089 385 2169 ipsum
398 2103 537 2162 regnum
552 2086 744 2163 specialiter
759 2085 911 2161 pertinet,
929 2085 962 2145 et
976 2086 1072 2160 cujus

275 2174 365 2248 idem
379 2183 503 2246 1311331
520 2182 675 2260 specialis
692 2183 780 2243 tilius
800 2183 832 2244 e't
852 2181 971 2243 tidelis.
988 2179 1072 2254 Quia

275 2285 380 2360 igitur
410 2283 480 2346 tum
509 2282 644 2358 propter
672 2279 758 2342 hanc
796 2279 971 2350 rationem,
1002 2279 1072 2340 tnm

275 2381 410 2460 propter
436 2379 564 2440 11113313
594 2377 860 2456 promissionem,
887 2391 951 2455 qua
976 2374 1072 2436 nobis

276 2478 455 2541 adstrictus
467 2478 518 2540 est
531 2477 571 2538 de
587 2475 807 2554 impendendo
822 2474 942 2552 grandi
958 2473 1072 2536 subsi-

277 2577 332 2639 dio
346 2579 458 2638 Terrae
474 2574 615 2646 Sanctae,
637 2589 698 2636 nos
713 2574 759 2636 ita
775 2573 839 2634 sibi
854 2572 1071 2648 recognosci-

275 2689 350 2736 mus
361 2671 737 2744 etiatemuradstrlctos,
748 2671 833 2749 quod
844 2671 916 2731 3133
933 2670 1071 2730 laesione

276 2771 374 2834 samaa
404 2772 526 2833 nostrae
561 2785 600 2832 ac
631 2769 731 2831 etiam
755 2767 981 2839 conscientie,
1008 2765 1072 2827 sibi

276 2882 344 2934 non
357 2883 529 2947 possemus
541 2869 655 2929 131313
669 2867 763 2944 gravi
777 2883 857 2928 casu
873 2865 1072 2928 necessitate

276 2967 408 3044 deesse;
432 2967 637 3028 nobilitatem
650 2966 741 3027 tuam
764 2980 935 3028 monemus
948 2962 1072 3025 attente

277 3066 311 3129 et
329 3064 389 3127 sub
414 3065 632 3126 obtestatione
652 3063 756 3124 divini
772 3062 891 3140 judicii
917 3061 976 3123 tibi
1003 3061 1073 3121 dis-

276 3163 374 3226 tricte
394 3161 616 3238 praecipiendo
632 3161 827 3220 mandamus
842 3159 1005 3236 quatenus
1018 3157 1072 3218 in-

277 3260 489 3322 tremensem
508 3259 582 3335 post
599 3257 842 3334 susceptionem
858 3255 1071 3334 praesentium

276 3357 385 3435 ipsum
405 3371 518 3433 regem
533 3356 565 3417 et
587 3354 693 3416 illium
709 3357 781 3432 ejus
804 3354 909 3431 plenae
926 3353 1071 3415 libertati

276 3455 434 3517 restituas
450 3455 483 3515 31
496 3453 568 3514 3133
584 3451 1071 3529 11113311313(13311113111113133

277 3551 371 3615 311113
386 3550 568 3630 permittas,
583 3565 709 3628 nosque
724 3549 785 3612 tibi
799 3549 959 3611 iaciemus
974 3549 1073 3610 311111-

276 3650 349 3713 beri
366 3649 506 3728 justitiae
533 3647 825 3726 complementum,
856 3646 885 3708 si
912 3647 1071 3709 adversus

276 3765 353 3814 eum
379 3748 481 3810 habes
509 3746 634 3824 aliquid
671 3743 883 3823 quaestionis3
921 3744 1071 3822 alioquin

276 3845 409 3908 noveris
431 3858 492 3905 nos
514 3841 699 3906 venerabili
721 3839 817 3905 tratri
837 3842 950 3926 nostro
970 3840 1069 3902 Colo-

275 3943 387 4005 niensi
397 3941 646 4018 archiepiscopo
658 3939 880 4010 mandavisse,
899 3941 936 3999 ut
949 3939 1071 4001 extunc

271 4040 310 4112 ,te
323 4054 362 4100 33
376 4051 489 4098 313333
503 4037 579 4098 1333
593 4037 628 4096 in
636 4036 699 4097 1133
714 4035 891 4112 iniquitate
909 4035 1068 4108 13313133,

277 4134 408 4198 sublato
423 4133 657 4210 appellationis
678 4131 861 4204 obstaculo,
877 4148 1070 4196 excommu-

277 4233 377 4306 nicet,
395 4230 523 4292 laciens
538 4230 914 4291 excommunicationem
930 4230 1070 4306 singulis

276 4330 393 4393 diebus
408 4327 584 4390 dominicis
605 4327 637 4388 et
654 4326 793 4400 festivis,
821 4327 960 4404 pulsatis
975 4342 1070 4388 cam-

276 4428 373 4508 panis
398 4429 431 4489 et
454 4425 602 4487 candelis
622 4425 784 4497 accensis,
802 4424 994 4486 solemniter
1010 4441 1072 4500 pu-

276 4526 395 4589 blicari
412 4540 470 4602 per
484 4523 640 4584 universa
661 4522 745 4594 loca,
763 4520 933 4599 inquibus
952 4522 1072 4583 viderit

277 4624 445 4702 expedire.
461 4621 509 4684 Ad
528 4622 599 4683 baec
614 4619 794 4692 dioecesim,
823 4620 859 4680 in
879 4635 944 4696 qua
964 4635 1072 4696 saepe-

277 4722 400 4784 dictum
436 4735 549 4795 regem
584 4719 617 4780 et
649 4719 755 4779 tilium
785 4719 858 4796 eJus
895 4717 1071 4793 contigerit

278 4817 432 4889 detineri,
446 4816 601 4893 subjiciat
613 4815 799 4888 interdicto,
819 4815 1022 4876 interdicens
1037 4814 1070 4874 in

278 4913 1072 4979 eaetomninocessareiaciensomniaecclesias·

276 5017 344 5078 tica
370 5011 578 5074 sacramenta
607 5011 639 5072 et
668 5010 854 5087 sepulturas
883 5009 1072 5086 specialiter

277 5113 494 5180 mortuorum,
529 5121 568 5168 eo
603 5106 775 5169 dumtaxat
803 5109 956 5183 excepte,
985 5107 1070 5184 quod

278 5210 442 5287 baptisma
462 5203 611 5284 parvulis
629 5207 661 5266 et
675 5204 895 5266 morientibus
907 5203 1073 5282 poeniten-

277 5309 324 5372 tia
335 5323 402 5369 333
414 5307 564 5382 negetur,
580 5302 643 5364 hoc
657 5303 745 5363 idern
761 5301 887 5363 iaciens
903 5302 943 5362 de
963 5303 1073 5378 quoli-

277 5404 335 5467 bet
349 5404 434 5474 loco,
455 5402 496 5464 ad
517 5416 613 5478 quem
640 5400 673 5460 te
699 5399 857 5460 devenire
881 5399 1069 5474 contigerit,

280 5499 437 5580 quamdiu
464 5497 567 5560 133113
594 5499 629 5558 13
655 5495 782 5558 331313.
807 5497 956 5573 Denique
972 5512 1071 5574 quum

278 5597 470 5662 fidelitatem
497 5596 532 5656 in
560 5593 699 5656 subditis
726 5595 793 5656 tuis
826 5593 977 5655 invenire
1005 5609 1071 5656 non

278 5697 420 5767 debeas,
466 5707 563 5770 quam
609 5691 644 5752 13
686 5691 859 5769 praelatum
901 5689 1069 5752 dominum

1125 719 1260 782 toritate
1281 720 1395 781 333113
1420 718 1592 782 denuntiet
1606 719 1787 794 absolutos,
1802 721 1837 783 in
1852 737 1914 794 333,

1127 817 1156 878 31
1177 817 1239 879 tibi
1264 818 1338 896 post
1362 816 1552 895 hujusmodi
1575 817 1816 881 absolutionem
1837 835 1918 896 prae-

1126 915 1328 992 sumpserint
1353 915 1536 988 adhaerere,
1566 917 1917 978 excommunicationis

1127 1013 1324 1075 sententiam
1345 1012 1544 1090 proferendo
1565 1013 1771 1075 3313313313
1787 1014 1915 1075 eosdem

1126 1111 1213 1173 sicut
1227 1111 1530 1173 excommunicatos
1553 1111 1679 1174 arctius
1703 1112 1835 1174 evitari.
1858 1115 1916 1173 Pro

1127 1209 1218 1272 certo
1242 1209 1352 1270 autem
1374 1209 1519 1281 noveris,
1551 1209 1649 1287 quod,
1674 1209 1703 1270 si
1725 1209 1916 1286 contemptis

1126 1307 1233 1384 poenis
1266 1305 1456 1384 hujusmodi
1490 1306 1704 1383 sepedictum
1742 1323 1855 1384 regem
1889 1309 1918 1369 et

1127 1403 1232 1465 1111313
1246 1407 1318 1482 3133
1327 1405 1578 1480 praesumpseris
1589 1404 1748 1476 detinere,
1761 1420 1823 1466 nos
1839 1421 1915 1465 con-

1127 1503 1180 1564 tra
1194 1503 1227 1563 te
1241 1517 1355 1579 poenas
1366 1500 1452 1562 alias
1463 1501 1655 1578 excogitare
1672 1501 1872 1574 curabimus,
1888 1505 1917 1563 et

1127 1600 1318 1677 specialiter
1340 1600 1546 1678 imperialem
1572 1600 1742 1661 dexteram
1769 1601 1806 1660 13
1830 1603 1915 1664 tuum

1127 1699 1361 1760 exterminium
1384 1699 1563 1770 concitare,
1580 1697 1759 1776 taliterque
1773 1715 1874 1775 super
1888 1699 1917 1760 13

1126 1795 1338 1872 gravabimus
1349 1811 1468 1857 manus
1480 1797 1625 1868 3331133,
1643 1796 1728 1873 quod
1739 1797 1772 1858 te
1788 1797 1830 1858 ad
1844 1797 1917 1858 ulti-

1127 1910 1216 1956 mum
1242 1892 1414 1970 poenitebit
1442 1893 1607 1954 luctamen
1633 1896 1749 1955 contra
1771 1895 1918 1956 11331331

1127 1993 1310 2054 Romanam
1321 1991 1502 2052 Ecclesiam
1514 1991 1712 2068 suscepisse,
1726 1991 1835 2054 eterit
1848 2008 1916 2053 sera

1128 2089 1324 2166 paenitentia
1344 2089 1418 2166 post
1439 2089 1583 2149 ruinam.
1603 2089 1725 2150 Videas
1741 2105 1833 2166 ergo,
1846 2075 1923 2150 dum'

1127 2185 1230 2263 potes,
1252 2201 1293 2246 ue
1311 2187 1343 2247 te
1371 2185 1437 2246 11113
1464 2185 1641 2262 immergas
1665 2185 1851 2261 angustiis,
1882 2187 1917 2246 de

1127 2283 1246 2361 quibus
1262 2284 1355 2344 exire
1371 2283 1538 2345 desideres
1554 2283 1587 2344 et
1600 2299 1665 2344 non
1686 2285 1804 2360 possis,
1822 2299 1917 2361 quum

1127 2378 1261 2455 dignum
1284 2379 1337 2452 311,
1359 2380 1512 2464 31113331
1532 2378 1624 2444 velit,
1641 2379 1845 2450 333131331,
1866 2379 1916 2454 qui

1126 2476 1244 2548 noluit,
1266 2492 1367 2553 quum
1391 2475 1533 2538 valebat.
1555 2477 1673 2538 Datum
1701 2477 1869 2546 Laterani,
1890 2477 1916 2534 11
1985 2555 1986 2560 ¹

1127 2574 1289 2635 kalendas
1324 2574 1524 2648 novembris
1568 2573 1780 2654 pontificatus
1817 2575 1914 2634 nostri

1127 2673 1358 2734 annooctavo.
1457 2705 1465 2720 ·
1559 2665 1560 2670 ’

1233 3131 1283 3189 Act
1310 3129 1554 3205 Eraqctbcrtum
1584 3129 1817 3190 cotanicurtem

1370 3229 1676 3301 archiepiscopum.

1393 3366 1406 3423 1
1423 3364 1556 3424 novemb.
1577 3365 1655 3424 1213.

1205 3490 1353 3556 [11313311.,
1364 3491 1430 3542 dnn.
1442 3489 1625 3549 3331313113.
1639 3488 1779 3549 113311,
1792 3489 1844 3554 ib]

1126 3616 1242 3678 Mandat
1263 3616 1447 3674 3133311331
1471 3613 1507 3672 de
1532 3616 1645 3672 iwerin
1664 3622 1692 3673 et
1711 3615 1776 3687 ejus
1797 3613 1913 3672 13313133
1985 3625 1986 3628 ’

1160 3705 1398 3773 excommunicet,
1415 3705 1470 3760 3131
1484 3701 1558 3762 13113
1568 3717 1697 3760 mensem
1713 3717 1812 3776 regern
1827 3702 1913 3760 113313
1985 3721 1986 3746 1

1161 3801 1191 3851 31
1219 3792 1281 3868 ejus
1309 3792 1398 3850 tilium
1428 3792 1551 3850 libertati
1578 3791 1743 3850 restituerit.

1165 3929 1355 3992 Coloniensi
1368 3928 1631 4006 archiepiscopo.

1166 4027 1357 4088 immanitas
1391 4025 1578 4088 detestandi
1617 4025 1799 4092 facinoris,
1834 4020 1911 4100 quod

1126 4125 1289 4186 Henricus
1310 4138 1419 4186 comes
1439 4124 1480 4184 de
1499 4123 1629 4184 Zwerin
1649 4123 1685 4183 13
1709 4121 1911 4183 carissimum

1126 4223 1161 4283 in
1183 4222 1314 4284 Christo
1341 4219 1446 4281 illium
1468 4223 1655 4283 nostrum...
1671 4219 1835 4282 illustrem
1859 4232 1911 4278 13-

1125 4337 1200 4396 gern
1222 4319 1333 4380 1133131
1357 4318 1527 4379 dominum
1543 4333 1650 4390 suurn,
1667 4318 1700 4378 et
1720 4320 1795 4394 ejus
1816 4315 1911 4376 1111313

1126 4417 1310 4479 attentavit.
1339 4417 1444 4478 Deum
1469 4415 1584 4493 procul
1610 4415 1711 4475 dubio
1732 4414 1859 4484 incitat,
1882 4414 1911 4472 et

1126 4515 1267 4577 incitare
1280 4513 1377 4574 debet
1392 4513 1544 4573 homines
1558 4513 1674 4574 contra
1690 4527 1775 4585 eum,
1793 4512 1912 4588 ipsum-

1126 4629 1189 4690 que
1200 4612 1338 4673 reddere
1354 4609 1509 4671 odibilem
1519 4609 1695 4676 universis.
1704 4609 1760 4686 qui
1773 4606 1910 4686 1131111131

1127 4710 1335 4772 dolositatem
1350 4707 1502 4779 oderunt,
1520 4709 1553 4770 31
1576 4707 1720 4783 diligunt
1734 4706 1811 4768 tidei
1826 4703 1911 4781 puri-

1125 4809 1237 4870 tatem.
1254 4806 1345 4868 Sieut
1360 4805 1448 4867 enim
1465 4821 1508 4867 ex
1522 4805 1643 4867 litteris
1663 4803 1870 4882 prelatorum
1882 4801 1911 4860 et

1126 4905 1311 4983 principum
1341 4904 1435 4979 regni
1473 4903 1584 4965 Daciae
1625 4902 1720 4964 nobis
1763 4899 1908 4964 innotuit.

1126 5019 1225 5080 quum
1250 5001 1337 5063 idem
1361 5001 1479 5062 13113
1503 5001 1680 5077 quamdam
1699 5000 1839 5062 insulam
1858 4997 1908 5072 ip·

1126 5100 1324 5176 3133131131,
1350 5097 1465 5161 aestivo
1487 5100 1648 5175 tempore,
1670 5097 1710 5159 ob
1735 5099 1822 5159 33113
1842 5093 1908 5154 cle·
1985 5135 1986 5148 .

1126 5197 1299 5260 1333113113
1320 5196 1525 5272 temperiem,
1541 5211 1615 5257 cum
1644 5195 1844 5271 3331111313
1863 5189 1909 5249 la-

1126 5297 1219 5357 milia
1243 5295 1447 5367 secessisset,
1465 5309 1526 5355 nec
1546 5293 1675 5371 aliquas
1694 5289 1908 5369 suspicaretur

1126 5393 1279 5464 insidias,
1297 5393 1409 5470 utpote
1424 5391 1480 5468 qui
1500 5407 1567 5454 333
1587 5387 1785 5452 moliebatur
1798 5387 1908 5449 adver-
1985 5451 1986 5460 ¹

1127 5507 1183 5554 sus
1210 5491 1354 5568 aliquem
1379 5489 1559 5568 quidquam
1589 5487 1681 5561 mali,
1710 5502 1787 5549 ecce
1808 5485 1907 5544 dictus

1126 5605 1236 5652 comes
1262 5589 1495 5663 transgressor
1525 5587 1709 5664 juramenti
1737 5581 1904 5646 fidelitatis,

1126 5688 1211 5765 quod
1228 5687 1257 5748 31
1272 5685 1483 5764 praestiterat,
1500 5686 1533 5747 et
1547 5684 1726 5747 multorum
1740 5677 1907 5744 1133311313-
1985 5689 1986 5764 ]
