4080 6328
73 385 131 445 933

72 541 295 621 apostolorum
309 545 381 620 ejus
396 558 433 604 se
451 543 582 606 novarit
594 544 820 606 incursu-rum.

112 643 181 717 Ego
200 643 376 714 Honorius,
401 641 573 704 catholicae
596 641 752 704 Ecclesiae
765 643 860 720 epis-

73 753 175 815 copus
190 739 362 816 suscripsi.

111 837 183 911 Ego
214 838 430 913 Augustinus,
467 835 653 898 Hostiensis
688 838 721 898 et
753 837 863 898 Volli-

72 933 197 994 trensis
211 934 396 1010 episeopus,
410 950 457 995 ss.

112 1033 182 1106 Ego
204 1029 371 1108 Pelagius,
394 1029 592 1092 Albanensis
615 1029 802 1108 episcopus,
818 1047 864 1092 ss.

111 1131 183 1205 Ego
197 1129 366 1202 Nicolaus,
381 1130 557 1190 Tusculan.
575 1129 761 1206 episcopua,
779 1145 824 1189 ss.

112 1228 184 1302 Ego
196 1225 319 1298 Laudo
340 1227 564 1289 Praenestinus
579 1227 764 1304 episcopus,
781 1243 825 1287 ss.

112 1326 183 1400 Ego
197 1324 377 1398 Oliverius,
396 1325 550 1386 sabinen.
569 1325 753 1401 episcopus,
769 1339 814 1384 ss.

111 1423 184 1496 Ego
199 1421 315 1494 Guala,
343 1423 376 1483 s.
401 1423 537 1484 Martini
560 1421 734 1500 presbyter
757 1420 869 1482 cardi-

73 1517 231 1590 natissa.

112 1617 184 1691 Ego
199 1615 399 1694 stephanus,
411 1613 560 1679 basilicae
573 1615 751 1678 Duodecim
763 1619 869 1693 Apos-

73 1713 219 1775 tolorum
235 1713 344 1791 presb.
364 1715 466 1787 card,
485 1729 529 1775 ss.

115 1813 185 1888 Ego
211 1812 424 1880 Octavianus,
455 1815 512 1873 ss.
539 1812 647 1889 sergii
682 1811 715 1874 et
746 1811 869 1873 Bacchi

74 1909 161 1970 diac.
180 1909 282 1982 card„
300 1925 344 1970 ss.

112 2009 184 2082 Ego
193 2005 384 2082 Gregorius,
396 2009 428 2068 S.
438 2005 603 2068 Theodori
612 2007 696 2068 diac.
707 2005 810 2078 card,
823 2021 867 2067 ss.

113 2107 185 2180 Ego
208 2103 403 2176 Rainerius,
431 2105 463 2165 S.
489 2104 605 2166 Mariae
631 2104 666 2165 iu
695 2103 869 2166 cosmedin

74 2201 162 2262 diac.
180 2201 284 2274 card,
300 2217 345 2262 ss,

112 2301 186 2374 Ego
202 2298 400 2376 Stephanae,
418 2299 451 2360 S.
467 2297 607 2359 Adriani
619 2297 779 2360 diaconus
794 2314 870 2360 car-

73 2396 212 2464 dinalis‚
226 2411 270 2456 ss.

111 2497 185 2569 Ego
200 2493 351 2570 Egidius,
372 2495 429 2554 ss.
445 2495 571 2556 Cosmae
586 2494 619 2555 et
633 2493 786 2556 Damiani
801 2493 870 2555 dia·

74 2607 180 2652 conus
194 2591 297 2662 card,
313 2607 356 2652 ss.

113 2692 184 2764 Ego
200 2689 328 2760 Petrus,
345 2691 377 2749 s.
392 2687 526 2764 Georgii
538 2687 580 2748 ad
592 2689 710 2751 Valum
723 2693 868 2751 Aureum

72 2786 161 2849 diac.
179 2787 282 2859 card„
300 2803 344 2848 ss

112 2887 234 2947 Datum
250 2887 363 2958 Reate,
380 2901 440 2962 per
453 2901 587 2946 manum
614 2885 765 2960 magistri
789 2885 871 2946 Gui-

72 2983 170 3045 douis
186 2983 312 3044 domini
328 2985 426 3060 Papae
442 2982 574 3054 notarii,
592 2982 752 3044 kalendas
773 2983 868 3044 octo-

72 3079 154 3150 bris,
182 3079 363 3142 indictione
384 3083 469 3152 XIV,
491 3079 735 3142 incarnationis
757 3080 871 3141 Domi-

76 3179 163 3239 nicae
198 3193 285 3238 anno
318 3179 518 3250 MCCXXVI,
549 3175 761 3254 pontificatus
789 3192 869 3238 vero

72 3273 202 3336 domini
217 3275 356 3336 Honorii
373 3277 418 3336 111
431 3289 519 3335 anno
535 3274 673 3335 decimo.

392 3525 554 3612 XXXIX

130 3677 186 3738 Ad
203 3677 473 3746 Ferdtnendttm,
501 3687 620 3751 regem
642 3676 807 3737 Castellae.

329 3806 364 3864 26
377 3804 517 3880 septemb.
531 3805 611 3864 1225.

199 3929 335 3995 meguaid,
350 3929 444 3980 Annei.
456 3929 488 3978 ad
498 3941 559 3978 ann.
572 3929 642 3988 mas,
654 3927 730 3994 titt]

694 385 922 445 EPISTOLAE.
944 385 1024 445 LIB.
1048 387 1088 445 X.

918 543 1153 608 vinacondsus
1168 545 1314 622 potentia
1329 547 1363 607 in
1375 549 1442 608 tam
1460 546 1618 608 laudabili
1634 561 1714 623 pro-

920 641 1177 720 positotlrmiter
1190 657 1420 719 perseverans,
1435 645 1517 705 illud
1527 644 1664 706 debono
1677 645 1712 706 in

920 739 1049 812 melius,
1074 740 1159 802 sicut
1184 739 1224 801 de
1248 741 1307 802 tua
1333 743 1489 819 speratur
1513 743 1711 812 constantia,

920 838 1143 914 prosequaris,
1168 839 1305 914 negotio
1330 839 1453 901 Christi
1483 839 1713 915 spiritualibus

921 935 954 995 et
980 934 1208 996 materialibus
1232 935 1333 996 armis
1355 937 1502 998 munitus
1531 936 1714 997 insistendo

921 1047 964 1092 ex
976 1033 1099 1104 animo,
1117 1034 1150 1094 et
1175 1033 1253 1094 totis
1273 1033 1413 1106 viribus,
1431 1036 1466 1095 ut
1492 1033 1715 1095 desideratum

922 1129 1075 1190 eventum
1090 1129 1212 1191 habeat
1224 1129 1415 1202 laborand0,
1433 1147 1474 1192 ne
1490 1131 1530 1200 si,
1548 1131 1633 1208 quod
1649 1147 1715 1192 non

922 1226 1098 1299 credimus,
1115 1227 1156 1288 ab
1171 1227 1313 1304 incoepto
1326 1229 1515 1299 desisteres,
1531 1243 1598 1289 non
1609 1227 1715 1289 selum

923 1325 1052 1388 Christo
1067 1325 1118 1387 vel
1136 1325 1293 1387 Ecclesiae
1319 1327 1477 1388 Romanae
1499 1325 1554 1386 sed
1581 1330 1613 1386 et
1638 1326 1715 1400 opi-

923 1423 1028 1493 nioni,
1046 1438 1143 1500 quam
1159 1423 1199 1484 de
1215 1423 1248 1485 te
1264 1424 1486 1500 concepimus,
1510 1423 1651 1484 illudere
1666 1422 1719 1483 vi-

923 1519 1060 1592 dereris
1090 1536 1164 1581 cum
1193 1521 1393 1582 credendum
1421 1521 1473 1591 sit,
1492 1521 1578 1596 quod
1602 1520 1642 1590 ie,
1660 1519 1718 1596 qui

923 1631 983 1694 per
996 1617 1260 1679 misericordiam
1276 1631 1370 1678 suam
1383 1618 1505 1678 bonum
1521 1617 1611 1678 dedit
1623 1617 1717 1692 prin-

924 1716 1058 1792 cipium,
1075 1715 1206 1778 felicem
1227 1729 1421 1792 ,processum
1441 1717 1479 1776 et
1505 1715 1630 1778 exilum
1644 1715 1717 1776 lar-

923 1812 1043 1888 gietur.
1060 1814 1178 1874 Datum
1194 1814 1307 1884 Reate,
1331 1815 1375 1873 vt
1401 1811 1534 1872 kalend.
1559 1811 1716 1884 octobris

924 1909 1136 1987 pontificatus
1152 1910 1259 1972 nostri
1272 1924 1360 1972 anno
1376 1909 1515 1971 docimo.
1532 1927 1550 1968 s

1290 2148 1357 2237 XL

1043 2303 1293 2378 decapitatum
1314 2303 1598 2378 strigoniensem.

1176 2433 1211 2492 26
1226 2431 1366 2506 septemb.
1384 2433 1463 2490 1225.

1065 2553 1157 2622 [saian
1170 2557 1231 2608 Cod.
1244 2555 1308 2621 dipl.
1321 2557 1414 2620 flung,
1425 2555 1469 2614 111,
1480 2569 1510 2618 n,
1521 2555 1574 2621 aa]

924 2672 1083 2734 canonicos
1094 2672 1305 2746 strigonienses
1318 2671 1353 2729 ad
1364 2669 1534 2729 concordem
1546 2672 1580 2729 n.
1594 2669 1721 2744 episcopi

1031 2763 1213 2832 electionem,
1231 2767 1280 2818 aut
1295 2761 1514 2835 postulationem
1528 2769 1621 2834 urget.

964 2889 1142 2959 HonorIuS,
1184 2889 1260 2955 eie„
1295 2888 1424 2949 dilectis
1454 2887 1542 2960 tiliis,
1574 2887 1720 2964 capitulo

926 2985 1159 3063 strigoniensi,
1177 2985 1329 3058 salutem,
1347 2988 1410 3046 etc.

964 3087 1070 3156 Quum
1109 3083 1188 3144 olim
1214 3083 1296 3143 duas
1334 3082 1585 3161 postulationes
1621 3099 1722 3143 unam

924 3180 1719 3244 videlicetdevenerabilibustratribus....Cena-

925 3279 1044 3350 diensi,
1060 3279 1092 3340 et
1106 3277 1268 3356 reliquam
1289 3278 1379 3338 de...
1395 3277 1568 3350 Nitriensi,
1586 3279 1719 3354 episco-

925 3377 986 3454 pie,
1003 3375 1039 3437 in
1055 3377 1166 3437 vestra
1195 3375 1358 3437 duxeritis
1380 3375 1522 3436 ecclesia
1547 3375 1722 3436 celebran-

925 3475 1002 3550 das3
1019 3489 1079 3534 nos
1095 3471 1221 3534 nullam
1239 3473 1339 3534 etiam
1355 3473 1563 3533 invenientes
1579 3473 1720 3536 canoni-

925 3588 1009 3645 cam,
1024 3573 1198 3648 utramqne
1211 3570 1394 3646 repulimus
1405 3569 1537 3645 justitia
1551 3570 1717 3646 exigente.

925 3668 1019 3730 Unde
1034 3667 1193 3729 lactentes
1209 3666 1302 3728 vobis
1320 3668 1398 3728 tune
1413 3665 1566 3742 gratiam,
1587 3667 1665 3728 licet
1679 3665 1720 3728 de

920 3765 1007 3844 juris
1030 3765 1144 3842 rigore
1170 3763 1269 3826 aliter
1296 3763 1405 3824 lacere
1433 3763 1632 3836 valeremus,
1661 3780 1722 3841 per

924 3863 1052 3926 litteras
1077 3863 1208 3924 nostras
1237 3860 1403 3922 nobilitati
1422 3865 1542 3922 vestrae
1569 3861 1719 3938 injungi-

1650 387 1710 447 aas
1808 459 1810 468 ¹

924 3979 1010 4034 mue,
1025 3962 1061 4022 ut
1073 3959 1160 4021 inira
1176 3976 1322 4021 mensem
1338 3961 1412 4036 post
1427 3959 1648 4035 receptionem
1659 3959 1717 4021 lit-

73 4055 106 4114 si
121 4057 282 4132 gratulatur
295 4053 371 4128 quod
390 4069 440 4128 per
455 4069 486 4112 se
501 4055 594 4128 ipsum
617 4055 711 4112 crucis
739 4054 869 4111 inimicos
924 4061 1071 4120 terarum
1095 4057 1242 4134 ipsarum
1272 4055 1495 4116 conveniretis
1519 4056 1552 4116 in
1575 4072 1718 4132 persona

107 4145 228 4202 viriliter
242 4159 409 4216 expugnate
421 4145 516 4216 emitis
531 4159 654 4216 eumque
667 4149 766 4200 ¹⁰⁰⁰&
780 4150 810 4199 ⁰¹
823 4143 870 4199 ⁰1*
924 4157 1055 4224 idonea,
1072 4171 1132 4232 per
1150 4154 1358 4225 electionem,
1383 4169 1442 4213 seu
1463 4153 1718 4230 postulationem

107 4239 253 4302 seoret,ut
264 4234 292 4290 iu
304 4241 360 4290 tam
371 4231 505 4290 laudabili
517 4234 662 4305 proposito
674 4231 792 4289 tirmiter
803 4247 866 4306 per·
925 4255 1064 4316 liberam
1079 4254 1111 4314 ep
1126 4251 1333 4319 canonicam,
1352 4251 1494 4328 Spiritus
1520 4253 1626 4312 sancti
1646 4269 1720 4327 gra,

109 4329 235 4380 mm·
923 4353 970 4414 tia
984 4353 1151 4422 invocata,
1168 4349 1214 4411 ita
1229 4347 1315 4426 quod
1333 4365 1399 4409 nou
1415 4347 1605 4408 videremur
1619 4349 1717 4410 delu-

113 4447 295 4520 Honorius,
311 4449 373 4509 etc.
923 4449 1003 4510 lisse
1033 4447 1127 4510 vobis
1154 4447 1189 4506 in
1217 4445 1446 4522 praejudicium
1480 4445 1719 4520 strigoniensis

112 4565 133 4607 ‹
147 4549 235 4608 sane
250 4547 336 4607 sicut
350 4544 492 4606 relatum
507 4545 558 4606 est
584 4543 690 4612 nobis,
708 4561 868 4607 accensus
924 4546 1085 4618 ecclesiae,
1115 4559 1222 4620 neque
1243 4541 1417 4619 providere
1441 4557 1500 4619 per
1526 4558 1586 4603 nos
1611 4542 1717 4604 eidem

73 4645 145 4707 zelo
162 4644 239 4705 fidei
250 4659 309 4721 per
323 4643 355 4704 le
369 4643 476 4720 ipsum
492 4642 600 4703 crucis
616 4642 768 4705 inimicos
782 4643 868 4704 viri·
924 4643 1073 4705 ecclesiae
1083 4655 1287 4717 cogeremur.
1294 4638 1396 4700 Vobis
1404 4640 1514 4700 autem
1523 4641 1718 4716 nequeunti-

74 4743 152 4804 liter
164 4755 356 4818 expugnare
374 4740 514 4816 coepisti,
541 4741 574 4800 et
588 4743 786 4818 cooperante
797 4745 868 4817 jam
922 4741 984 4803 bus
999 4741 1034 4800 in
1048 4755 1147 4800 unam
1161 4737 1363 4799 concordare
1377 4752 1563 4813 personam,
1581 4737 1715 4814 quidam
1831 4787 1834 4797 .

73 4841 184 4916 gratia
200 4837 393 4908 salvatoris,
420 4837 475 4913 qui
501 4835 654 4899 devotum
674 4837 868 4914 obsequium
924 4839 1069 4902 vestrum
1087 4836 1238 4898 eumdem
1263 4834 1501 4896 cenadiensem
1525 4835 1716 4913 episcopum

73 4941 168 5000 tuum
181 4939 214 4999 et
230 4937 319 5014 pium
335 4950 434 5012 super
451 4935 515 4995 hoc
528 4935 733 5012 propositum
744 4952 786 4997 ex
800 4938 868 4999 alto
923 4935 1149 5018 postularunt3
1167 4933 1300 5010 quidam
1324 4947 1404 4994 vero
1428 4932 1586 4994 Thomam
1611 4934 1719 4995 archi·

74 5033 258 5114 prospexit,
276 5034 310 5094 in
333 5031 485 5093 manibus
505 5033 572 5094 tuis
596 5032 695 5109 dirigi
710 5049 867 5111 prospere
924 5033 1100 5094 diaconum
1115 5031 1299 5106 elegerunt.
1318 5029 1393 5100 Sed,
1412 5046 1512 5106 quum
1533 5033 1718 5108 praesenta-

74 5132 303 5210 causacoepit;
318 5145 497 5206 superque
512 5129 546 5192 in
564 5129 679 5191 laudes
695 5133 727 5192 et
743 5133 868 5208 gratias
923 5131 992 5193 tum
1008 5125 1102 5190 nobis
1119 5126 1291 5204 utriusque
1316 5127 1421 5204 partis
1443 5142 1634 5203 processum
1659 5130 1717 5190 mi·

75 5229 284 5306 assurgimus
299 5227 492 5288 Creatori.»
924 5245 986 5289 nus
1019 5225 1217 5288 canonicum
1248 5223 1486 5296 invenerimus,
1522 5223 1715 5288 electionem

114 5327 155 5388 Et
168 5327 267 5398 inira,
291 5325 348 5386 ubi
362 5340 455 5386 arma
478 5339 574 5386 sacra
596 5327 798 5402 correpturis
812 5328 867 5387 in·
924 5325 1142 5394 cassavimus
1157 5324 1190 5384 et
1212 5323 1465 5398 postulationem
1479 5337 1546 5382 non
1560 5322 1715 5385 duximus

75 5424 322 5501 dulgentiarum
344 5422 493 5498 praemia,
508 5424 540 5484 el
555 5422 741 5484 clientelam
756 5427 868 5501 Apos—
924 5421 1172 5486 admittendam.
1189 5419 1350 5481 Nolentes
1361 5419 1473 5496 itaque
1488 5421 1523 5481 ut
1535 5418 1650 5481 eadem
1666 5437 1717 5484 ec·

75 5523 211 5586 tolicam
224 5521 274 5583 est
289 5520 466 5598 pollicitus
481 5520 573 5582 addit
589 5541 596 5580 ε
925 5521 1026 5583 clesia
1044 5520 1168 5582 diutius
1184 5517 1317 5579 maneat
1342 5517 1484 5593 pastoris
1507 5517 1626 5580 solatio
1641 5520 1719 5581 des-

116 5620 311 5691 «Quocirca
326 5617 558 5680 excellentiam
582 5618 673 5680 tuam
698 5635 869 5682 monemus
927 5620 1033 5688 tituta,
1058 5632 1117 5695 per
1143 5615 1332 5692 apostolica
1356 5615 1479 5691 scripta
1510 5615 1716 5691 mandamus,

77 5721 110 5780 et
125 5717 336 5779 obsecramus
352 5717 385 5776 in
406 5715 556 5788 Domino,
574 5718 734 5792 quatenus
759 5717 799 5780 de
814 5719 868 5780 di·
926 5719 1089 5794 quatenus
1105 5714 1248 5791 quatuor
1270 5714 1466 5774 vestrorum.
1484 5727 1565 5788 quos
1590 5713 1631 5774 ad
1656 5716 1718 5778 boo
