4032 6326
888 355 1064 420 noveru
1086 356 1130 418 111
1152 355 1301 418 orum.
1880 343 1945 406 ano

548 544 761 636 ,CCXXIV
1119 513 1260 591 paterna
1290 509 1516 578 sollicitudine
1544 505 1720 588 providere
1749 501 1943 576 volentes,

1119 611 1330 674 universitati
1350 611 1470 673 vestrae
1496 623 1557 685 per
1575 604 1768 684 apostoliea
1801 600 1944 676 scripta

271 703 324 764 Ad
337 701 536 762 candidari&
551 701 693 762 S·R·E·
709 697 921 760 cardinalem
935 696 969 758 Gt
982 698 1066 756 EDO·
1120 708 1260 770 flrmitffl·
1274 707 1496 785 praecjpiendo
1519 705 1725 774 mandamus,
1751 699 1944 779 quatenus

311 813 392 860 rum
419 800 691 872 archiepiscopos
714 811 754 858 ac
789 809 910 858 eornm
935 793 1065 868 suffra-
1120 806 1255 869 abbates
1270 805 1430 868 senatres
1445 803 1593 881 ejusden
1607 800 1765 863 omissa
1781 797 1946 874 praesta-
1995 806 1996 882 p

274 969 278 976 .
311 911 450 973 palleos.
611 972 615 982 Ι
661 971 676 984 ..
1120 904 1210 966 tione
1225 903 1428 966 decimarum
1437 903 1506 964 tam
1518 901 1560 962 de
1570 895 1860 976 possessionibus
1877 894 1945 954 ba-
1995 901 1996 912 ¹

562 971 678 1045 ²5¹¹¹¹¹¹¹
695 969 773 1028 ¹²²²·
1120 1000 1198 1062 bitis
1235 1002 1312 1062 ante
1338 1000 1522 1062 Concilium
1553 997 1709 1073 generale
1740 1009 1863 1071 quam
1902 991 1944 1051 de

273 1101 959 1172 [bnpdnlullonnsticumanglienn,t01nev,p.ttt,
973 1115 1000 1152 11·
1014 1101 1065 1166 itt]
1120 1098 1294 1160 novalibus
1310 1099 1380 1160 sive
1394 1101 1473 1158 ante
1483 1097 1555 1158 sive
1570 1096 1643 1170 post
1657 1093 1863 1154 Concilium
1884 1103 1945 1148 ao-
1996 1099 1997 1146 l

1121 1196 1264 1272 quistis,
1280 1211 1354 1272 quae
1378 1194 1522 1272 propriis
1537 1191 1702 1262 manibus,
1720 1189 1782 1250 aut
1810 1203 1944 1261 sump-

273 1239 456 1302 Conllrmatio
471 1241 685 1314 privilegiorum
703 1237 811 1296 ordinis
825 1236 1064 1296 cisterciensium.
1137 1295 1142 1306 ,
1690 1289 1696 1300 .
1820 1286 1828 1298 .

1121 1294 1209 1356 tibus
1221 1295 1389 1365 excolunt,
1404 1308 1544 1357 necnon
1558 1290 1598 1352 de
1612 1290 1717 1354 hortm
1732 1289 1766 1350 et
1787 1283 1943 1360 virgul-

314 1385 482 1448 Honorius
494 1385 986 1462 elliSGOllubseerlsserVOrum
994 1381 1064 1452 Dei,
1121 1392 1174 1463 tis,
1192 1391 1308 1470 pratis
1325 1391 1471 1468 pascuis,
1486 1387 1688 1458 nemoribus,
1702 1382 1941 1452 molendinis,
1997 1399 1998 1410 ¹

152 1519 160 1535 ν
273 1483 520 1546 venerabilibus
543 1481 701 1544 fratribus
721 1479 922 1552 cantuarita
943 1480 1066 1540 Sflssclae
1122 1489 1239 1551 salinis
1254 1491 1288 1551 et
1310 1487 1548 1566 piscationibus
1563 1486 1644 1556 sule,
1665 1487 1699 1548 et
1723 1485 1765 1546 de
1783 1493 1941 1544 suorum

274 1585 433 1646 Romanae
455 1581 612 1642 Ecclesiae
642 1578 833 1650 cardinalis,
862 1578 897 1639 et
924 1575 1067 1638 snorum
1122 1582 1943 1659 animaliumnutrimentis,singulivestrumom-

272 1679 534 1756 archiepiscopis
562 1679 595 1740 θῑ
623 1693 737 1738 eorum
763 1675 998 1750 suffraganeis,
1027 1688 1067 1734 ³⁰
1122 1685 1202 1746 nino
1226 1683 1367 1746 servetis
1386 1683 1562 1754 immunes,
1576 1680 1853 1742 contradictores
1876 1688 1940 1752 per

273 1777 404 1840 dilectis
418 1776 496 1837 tiliis
511 1774 588 1836 aliis
606 1774 824 1837 ecclesiarum
849 1771 996 1849 praelatis
1009 1785 1069 1847 per
1122 1779 1580 1852 censuramfflcpospasficam,
1595 1777 1830 1856 appellatione
1842 1773 1939 1851 post.

271 1873 655 1950 cantuariaeetliborum
666 1871 856 1950 provincias
867 1868 1065 1941 constitutis,
1122 1875 1508 1956 p051t2‚00m90300nd0‚
1531 1878 1650 1938 Datum
1677 1876 1714 1936 pn
1737 1875 1933 1941 Laterano,

274 1974 414 2048 salutem
429 1967 988 2050 etnpostoncambenedictionem.
1123 1979 1182 2038 vu
1205 1975 1339 2039 kalend.
1360 1975 1450 2054 jum,
1471 1974 1683 2052 pontiniacus
1698 1972 1808 2036 nostri
1838 1981 1936 2032 anno

313 2072 420 2142 Quum
436 2068 572 2130 abbates
587 2067 820 2130 cisterciensis
833 2064 961 2128 ordinis
984 2065 1069 2126 tem·
1123 2076 1229 2137 sexto,

273 2183 354 2248 pore
368 2165 508 2228 concilii
530 2165 697 2242 generalis
719 2164 760 2225 ad
778 2161 1068 2224 comminationem

273 2263 563 2329 felicismemoriae
587 2261 772 2324 innocentii
800 2264 911 2338 Papae,
938 2258 1068 2340 praede-

274 2362 417 2424 cessoris
449 2360 566 2432 nostri,
595 2360 793 2430 statuerunt,
823 2359 923 2420 uide
947 2357 1068 2420 caetero
1439 2368 1606 2456 GCXXV
1692 2397 1695 2404 -

273 2459 394 2522 iratres
409 2459 515 2536 ipsius
525 2457 653 2518 ordinis
668 2455 724 2536 (ne
735 2456 910 2520 occasione
931 2454 1071 2532 privile·
1780 2531 1787 2543 Ι

274 2557 405 2634 giorum
441 2571 577 2618 suornm
603 2553 753 2616 ecclesiis
781 2553 923 2616 ulterius
946 2568 1070 2628 grava·
1184 2531 1235 2592 Ad
1249 2533 1486 2642 Hltdfflwtltdss
1502 2529 1866 2642 cazsnucooomsem

274 2651 404 2733 rentur)
419 2653 459 2715 de
474 2653 595 2716 alienis
605 2653 704 2714 terris
729 2653 762 2714 et
787 2651 828 2712 ab
855 2665 894 2712 eo
921 2651 1070 2728 tempore
1280 2631 1448 2690 Mamm&
1460 2629 1493 2689 el
1508 2643 1583 2700 Cliti
1598 2641 1758 2690 mrem·

275 2751 499 2830 acquirendis,
527 2751 557 2810 si
585 2766 642 2812 eas
666 2749 810 2828 propriis
839 2747 993 2809 manibus
1012 2748 1071 2809 aut
1412 2767 1450 2826 25,
1459 2767 1532 2842 junii
1548 2767 1627 2826 1222

275 2849 460 2928 sumptibus
475 2848 595 2922 colent,
610 2847 755 2910 decimas
769 2846 1068 2924 persolverentec-

276 2947 389 3009 clesiis
422 2945 541 3024 quibus
576 2945 706 3008 ratione
735 2944 936 3024 praediorum
971 2943 1069 3005 antea

274 3045 501 3114 solvebantur,
515 3043 663 3105 nisicum
674 3043 798 3104 eisdem
807 3042 958 3105 ecclesiis
971 3040 1072 3105 aliter
1125 3035 1240 3110 liugom
1260 3035 1296 3092 de
1320 3035 1480 3104 bezinlaco,
1503 3033 1637 3094 biarchis
1662 3033 1815 3104 comitiae
1843 3030 1928 3090 uxori

274 3143 476 3204 ducerentur
490 3141 763 3220 componendum,
781 3141 867 3202 idem
883 3139 1070 3218 praedeces.
1160 3125 1232 3198 ejus,
1247 3124 1283 3182 ob
1299 3124 1447 3182 infestatas
1459 3124 1571 3198 Anglioe
1581 3124 1659 3198 regis
1680 3131 1770 3180 terras
1786 3123 1858 3180 olim
1874 3137 1926 3178 ex·

274 3255 331 3301 30,
342 3243 454 3300 noster
471 3236 978 3314 quiagpembatutecclesiarum
991 3252 1071 3312 prae,
1160 3214 1387 3282 communicatis,
1395 3211 1461 3270 dein
1474 3213 1617 3283 absolutis,
1626 3210 1929 3311 nuncdenuoexcom·

275 3336 336 3398 lat-l
369 3351 441 3396 rom
456 3283 568 3396 'flores
581 3335 613 3395 et
623 3333 828 3396 efficaciores
839 3333 1071 3396 existerent&
1161 3303 1362 3358 municatlonis
1379 3303 1472 3359 minas
1484 3303 1604 3358 intentat
1619 3301 1771 3371 floriorius,
1791 3301 1848 3358 nisi
1870 3305 1926 3357 orto

276 3352 498 3494 exhfijendflm
510 3431 558 3492 eis
573 3430 614 3494 de
628 3432 696 3492 suis
714 3430 983 3494 malefactoribus
996 3434 1072 3508 jus·
1161 3389 1256 3447 dotam
1267 3398 1295 3447 st
1306 3397 1399 3448 cestra
1408 3393 1536 3460 loannis,
1550 3391 1627 3466 regis
1639 3391 1741 3460 sorori,
1757 3391 1924 3447 restituant.

275 3531 359 3592 titiae
386 3529 673 3606 complementum,
699 3529 733 3590 et
752 3543 866 3590 eorum
895 3529 1070 3607 privilegia
1166 3533 1923 3614 Honoriusepiscopus,nobiliviroHugonide

276 3625 480 3704 diligentius
495 3628 529 3690 et
543 3626 731 3704 perfectius,
750 3625 977 3699 observarent,
1003 3627 1072 3690 sta-
1127 3633 1300 3708 beriniaco
1316 3633 1428 3695 comiti
1443 3633 1642 3696 Marcbiaeet
1656 3632 1808 3720 isabellae
1821 3630 1924 3694 uxori

275 3726 382 3788 tutum
398 3725 588 3804 huiusmodi
608 3726 739 3802 gratum
762 3723 888 3787 babens
901 3727 934 3786 et
947 3729 1068 3798 ratum,
1126 3734 1210 3808 ejus
1226 3731 1289 3793 etc.

276 3822 341 3886 hoo
356 3825 464 3902 ipsum
479 3823 521 3884 ad
542 3823 626 3884 alios
647 3823 818 3899 regulares
847 3823 903 3900 qui
926 3823 1073 3899 gaudent
1136 3899 1139 3904 ¹
1166 3829 1391 3890 Intelleximus
1404 3843 1447 3890 ex
1461 3828 1622 3891 relatione
1635 3826 1837 3890 venerabilis
1851 3826 1924 3888 lra-

276 3920 441 3982 similibus
458 3920 642 3997 privilegiis
657 3920 793 3982 extendi
807 3921 915 3984 voluit
926 3922 959 3982 et
974 3937 1071 3982 man·
1128 3927 1187 3988 tris
1197 3925 1511 4004 nostriPandulpbi,
1523 3925 1921 4003 episcopiNorwioensis,

277 4017 377 4079 davit.
397 4017 460 4078 Sed
476 4017 561 4093 quod
578 4017 727 4079 dolentes
750 4017 925 4078 referimus
940 4017 976 4080 in
988 4035 1073 4080 con·
1127 4023 1224 4100 quod,
1239 4024 1386 4100 tempore
1399 4025 1524 4100 treugae
1550 4024 1643 4086 initse
1668 4024 1757 4084 inter
1783 4021 1923 4084 carissi-

277 4114 419 4177 trarium
435 4129 489 4175 res
502 4115 553 4175 est
566 4129 674 4185 versa,
688 4131 732 4174 ex
759 4115 925 4178 inculcata
937 4115 1072 4192 querela
1127 4136 1216 4180 mum
1232 4120 1267 4180 in
1282 4121 1412 4182 Christo
1433 4121 1538 4182 filium
1554 4122 1703 4184 nostrum
1726 4121 1920 4189 Henricum,

277 4211 432 4274 abbatum
448 4211 552 4288 ipsius
568 4211 695 4271 ordinis
721 4210 910 4289 frequenter
936 4213 1071 4273 audivi·
1126 4231 1238 4290 regem
1264 4217 1447 4290 Anglorum
1471 4218 1646 4290 illustrem,
1664 4233 1707 4278 ex
1731 4217 1826 4294 parte
1841 4231 1919 4286 una,

277 4327 351 4373 mus
368 4306 479 4390 [quedl
497 4307 649 4369 nonnulli
664 4309 883 4370 eeclesiarum
898 4310 1028 4386 praelati
1041 4311 1074 4372 et
1127 4313 1226 4374 etvos
1241 4329 1284 4374 ex
1296 4313 1414 4384 altera,
1426 4315 1590 4376 mediante
1601 4313 1922 4391 praedictoepiscopo

277 4407 459 4472 aliiclerici
471 4421 584 4468 eorum
598 4406 774 4483 privilegia
787 4407 911 4468 temere
921 4409 1071 4468 contem·
1126 4411 1206 4472 tuno
1217 4409 1333 4481 eleeto,
1350 4425 1419 4482 voe,
1429 4412 1526 4488 juxta
1542 4411 1757 4473 intentionem
1774 4408 1922 4487 episcopi

278 4505 413 4578 nuntet,
424 4505 662 4582 contendentes
674 4502 993 4579 malitioseipsorum
1003 4521 1074 4581 per·
1128 4507 1312 4579 memorati,
1327 4509 1493 4584 provehis
1509 4509 1542 4570 et
1556 4508 1772 4584 complicibus
1786 4508 1919 4576 vestris,

278 4606 409 4666 vertere
437 4602 659 4674 intellectum,
686 4602 819 4663 eosdem
846 4601 1074 4678 multipliciter
1128 4606 1292 4667 mandatis
1307 4605 1430 4668 nostris
1455 4607 1544 4668 stare
1565 4605 1706 4682 jurastis
1732 4605 1919 4682 superbis,

280 4699 477 4779 inquietant.
492 4703 589 4764 Nune
608 4717 684 4763 cum
697 4701 741 4762 sit
755 4699 838 4778 ipsis
853 4699 1016 4760 indultum
1039 4703 1075 4764 ut
1129 4717 1187 4778 pro
1200 4702 1318 4779 quibus
1335 4703 1371 4763 in
1387 4717 1546 4779 personas
1559 4704 1698 4777 vestras,
1714 4704 1746 4764 et
1756 4700 1922 4763 lautorum

280 4797 321 4884 de
347 4797 521 4860 novalibus
551 4814 624 4874 qnae
660 4799 804 4876 propriis
837 4797 989 4860 manibus
1017 4800 1075 4860 aut
1128 4802 1315 4862 vestrorum
1345 4815 1385 4861 ac
1422 4799 1619 4876 complicum
1654 4800 1923 4862 exeommunica-

281 4894 465 4972 sumptibus
488 4894 656 4967 excolunt,
681 4897 751 4956 sive
767 4895 807 4957 de
820 4895 926 4958 bortis
950 4895 983 4957 et
1000 4895 1074 4956 vir·
1128 4898 1241 4968 tionis,
1258 4897 1341 4960 etin
1354 4898 1461 4958 terras
1472 4899 1600 4960 vestras
1611 4898 1644 4960 et
1659 4899 1806 4974 ipsorum
1819 4897 1923 4958 inter-

281 4993 383 5071 gultis
399 4993 432 5054 et
446 4991 685 5068 piscationibus
707 4993 788 5064 suis,
807 4994 859 5056 vel
876 4993 916 5054 da
939 5009 1074 5056 suorum
1130 4995 1220 5062 dicti,
1231 4993 1363 5056 fuerant
1372 5011 1431 5072 per
1439 4994 1647 5057 venerabiles
1659 4995 1780 5057 tratres
1792 4994 1922 5055 nostros

281 5089 476 5158 animalium
498 5089 721 5161 nutrimentis,
745 5090 857 5151 nullus
883 5091 924 5152 ab
949 5091 998 5153 eis
1018 5091 1077 5153 de-
1130 5094 1394 5153 Xanctonensem
1409 5092 1720 5154 etLemovicensem
1738 5093 1920 5169 episcopos,

282 5191 386 5254 cimas
413 5189 559 5265 exigere,
584 5187 637 5250 vel
662 5187 859 5264 extorquere
885 5189 1074 5265 praesumat,
1131 5192 1164 5250 et
1176 5188 1331 5250 dilectum
1347 5189 1451 5250 illium
1466 5189 1629 5251 decanum
1644 5189 1922 5264 Burdegalensem

283 5287 417 5366 qnidam
426 5301 583 5365 perverse
595 5283 762 5347 intellectu
774 5285 1077 5348 consultodicentes
1131 5285 1320 5356 sententiae,
1348 5287 1545 5350 auctoritate
1566 5288 1757 5364 Apostolica
1776 5285 1923 5363 promul-

284 5385 369 5464 quod
390 5401 456 5446 non
481 5386 618 5461 possunt
645 5397 707 5444 noo
731 5380 850 5443 debent
877 5382 1074 5460 intelligere,
1131 5383 1227 5460 gata,
1245 5397 1304 5458 pro
1320 5396 1359 5444 eo
1379 5381 1543 5457 videlicet,
1560 5385 1646 5463 qued
1668 5385 1777 5446 dotem
1799 5383 1922 5445 sororis

283 5483 351 5546 nisi
365 5483 405 5545 de
421 5481 474 5545 bis
498 5498 571 5559 qnae
587 5482 664 5543 sunt
679 5479 756 5542 ante
777 5480 933 5556 generale
952 5479 1073 5542 conci·
1132 5479 1291 5557 ejusdem,
1308 5480 1354 5551 tu,
1369 5479 1416 5541 dli
1432 5495 1553 5553 comes,
1566 5499 1606 5544 en
1633 5483 1768 5559 rejecta,
1785 5481 1922 5542 reddere

284 5582 367 5644 lium
391 5579 565 5657 acquisita,
584 5579 675 5656 ipsos
696 5593 797 5655 super
822 5576 875 5638 his
902 5576 1077 5655 multiplici
1132 5573 1921 5656 contemnebas,elquiacasirumoecampniaco

285 5679 459 5744 exactione
475 5677 624 5753 fatigant.
638 5677 708 5738 Nos
723 5676 827 5751 igitur
841 5691 956 5738 eorum
974 5675 1077 5752 quieti
1133 5689 1197 5752 quo
1209 5675 1351 5746 iutilia,
1369 5675 1561 5752 prinsquam
1582 5677 1724 5738 invicem
1746 5675 1920 5753 copulare-

1233 2900 1368 2967 [bouquet
1391 2901 1494 2953 ileouoil
1510 2899 1554 2950 des
1567 2877 1650 2960 illst,
1661 2899 1729 2959 xlx,
1743 2897 1812 2961 lid]
