4108 6328
789 329 1020 390 EPISTGLAE.
1041 329 1121 392 nm
1144 333 1185 392 X.
1747 333 1808 396 950

518 493 607 582 LIV
1013 489 1173 551 declama
1184 491 1341 554 Romanae
1356 501 1451 553 mere
1476 489 1574 552 solito
1597 489 1722 553 aelatus
1746 489 1810 553 bo-

1015 601 1141 658 norem,
1159 602 1294 648 causam
1318 587 1465 666 ejusdem
1492 589 1639 667 episcopi
1654 589 1811 666 prosequi

1015 685 1150 745 studeas
1172 685 1317 760 benigno
1344 687 1470 751 favore.
1496 691 1529 749 at
1555 688 1631 760 sibi,
1658 687 1808 748 ecclesiae

1015 782 1265 858 coadjutoribus
1287 787 1371 860 ejus,
1400 801 1502 861 super
1527 783 1806 861 possessionibus,

429 885 699 944 saboranense.
1015 880 1146 942 damnis
1166 883 1198 942 et
1221 881 1354 958 injuriis
1376 882 1490 955 illatis,
1515 883 1639 944 eisdem
1658 883 1808 959 plenarie

197 1017 338 1082 [30qu
351 1019 410 1070 nec.
423 1019 466 1068 aes
476 1019 551 1079 illst,
566 1018 632 1078 m.
652 1021 711 1080 ⁷77;
726 1021 833 1084 aegest,
844 1019 929 1078 ,M
1015 977 1171 1039 satisfieri
1186 979 1294 1040 studio
1304 981 1456 1056 vigilanti
1469 997 1638 1058 procures,
1648 981 1677 1040 si
1692 995 1808 1056 pacem

173 647 235 706 Aa
248 647 440 708 Romanum
454 649 573 708 Surtctt
587 650 707 725 Arrpeli
723 652 944 720 cardinalem,

429 749 468 805 Α.
485 749 519 807 8.
540 747 701 822 tenutam.

490 1099 563 1164 spru,
581 1099 647 1164 pou]
959 1166 962 1174 Ι
1015 1076 1186 1152 contingat
1200 1077 1287 1138 inter
1306 1078 1429 1140 dictum
1453 1079 1606 1141 comitem
1633 1081 1666 1140 et
1688 1077 1807 1139 Eccle-

158 1213 284 1270 Mandat
298 1220 329 1270 nt
339 1215 451 1286 legaris
464 1213 641 1272 resarcienda
655 1229 717 1287 que
727 1213 851 1272 arnaldo
861 1215 959 1289 Ageu·
1016 1174 1100 1234 Sim
1124 1173 1311 1236 mmmm·
1328 1177 1449 1238 Datum
1472 1179 1586 1249 Reate>
1613 1175 1723 1238 idib&
1746 1189 1810 1236 ΠΟ·

202 1302 286 1358 nansi
305 1303 439 1374 episcopo
454 1301 630 1360 ltaimundus
653 1305 809 1360 tolosanus
838 1303 962 1360 intulerit
1017 1270 1426 1346 Vembfisraflm'fflimo·

201 1389 308 1447 damna
324 1397 464 1463 procuret,
485 1393 509 1448 si
522 1392 672 1465 contingat
692 1393 765 1448 inter
780 1391 915 1450 comiteur
933 1399 963 1449 et

205 1479 357 1536 ecclesiam
367 1479 515 1566 reformari
530 1495 640 1553 pacem.

207 1615 378 1676 Honorius
392 1616 618 1695 episcopus...,
636 1615 757 1679 dilecto
773 1613 842 1679 filio
857 1617 910 1687 R„
927 1619 959 1679 S.
1379 1543 1447 1630 LV

156 1711 285 1787 Angeli
301 1711 441 1774 diacono
457 1713 631 1786 cardinali,
645 1717 683 1776 A.
713 1716 746 1776 S.
770 1713 890 1790 legato,
906 1731 962 1776 sa·
1096 1705 1149 1764 Ad
1169 1707 1353 1765 ullivssl'SOS
1375 1703 1568 1779 timente&
1593 1705 1731 1767 litteras

158 1807 282 1894 larem,
300 1810 363 1870 etc,
1297 1803 1523 1879 inspecturos.

207 1907 288 1967 Cum
300 1905 500 1968 venerabilis
517 1907 619 1971 frater
631 1911 745 1974 noster
753 1911 961 1986 Agennensis
1272 1943 1307 2001 20
1321 1943 1454 2000 novemb,
1472 1943 1563 2002 1225..

158 2003 342 2080 episcopus
366 2001 543 2084 [arnaldus
559 2005 627 2087 lV],
650 2008 691 2068 ad
712 2009 962 2085 exstirpandam

159 2101 365 2178 pravitatem
400 2102 591 2165 haereticam
630 2122 703 2183 quae
741 2107 777 2167 in
813 2106 961 2184 partibus

159 2199 366 2272 Provinciae,
384 2203 587 2278 propagante
607 2202 751 2275 diaholo,
773 2203 959 2282 pullulavit,
1016 2191 1183 2252 Constitutio
1202 2193 1320 2249 llouoril
1341 2193 1371 2248 in
1390 2192 1506 2266 eosqui
1526 2191 1638 2266 injuriis
1652 2189 1812 2250 cardinales

159 2296 255 2357 inter
270 2297 354 2358 alios
378 2298 526 2375 ejusdem
547 2299 721 2376 religionis
735 2301 902 2380 praelatos,
920 2299 961 2362 ad
1344 2280 1482 2339 affissim·

161 2391 394 2457 defensionem
435 2397 513 2460 fidei
553 2398 758 2468 orthodoxas,
796 2399 961 2476 quondam
1056 2395 1809 2476 sUniversispraesenteslitterasinspecturis.

158 2489 368 2570 Rfaimunao
381 2495 409 2554 V
412 2493 436 2574 l]
456 2496 568 2557 comiti
583 2497 747 2557 Tolosano
763 2497 796 2558 et
814 2495 891 2557 aliis
907 2513 962 2558 sa·
1056 2513 1074 2555 s
1088 2495 1213 2566 Summi
1237 2495 1446 2573 providentia
1469 2496 1630 2574 principis
1656 2495 1810 2572 peculia-

161 2592 350 2651 crosanctae
364 2591 563 2653 universalis
585 2594 741 2654 Ecclesiae
757 2593 961 2655 adversariis
1016 2609 1085 2654 rem
1100 2593 1268 2671 populum,
1279 2611 1376 2671 quem
1392 2595 1584 2671 praetulerat
1593 2593 1681 2666 aliis,
1693 2593 1811 2670 gratiae

1110 2065 1246 2130 [nuncid
1260 2066 1356 2118 Amal
1372 2067 1406 2118 ad
1420 2079 1482 2118 ann.
1500 2067 1571 2126 lfltc
1584 2065 1718 2131 usum]

160 2683 325 2748 haeretica
341 2690 503 2764 pravitate
527 2691 690 2768 respersis
717 2691 909 2768 opposuerit
927 2707 962 2752 se
1016 2691 1191 2768 privilegio
1210 2686 1364 2768 specialis
1387 2691 1519 2754 fovebat
1540 2707 1662 2752 manna
1677 2689 1813 2751 miseri-

159 2782 310 2846 viriliter
333 2787 366 2848 et
388 2787 579 2862 prudenter,
594 2789 696 2850 multa
712 2791 745 2849 et
759 2789 876 2864 gravia
892 2787 962 2848 dis·
1016 2788 1149 2857 cordiae,
1167 2805 1206 2851 ac
1220 2789 1342 2865 rigoris
1361 2791 1457 2866 virga
1474 2789 1621 2865 regebat,
1638 2785 1811 2848 beneficiis

160 2880 287 2956 pendia
302 2881 352 2943 est
375 2897 395 2943 a
419 2883 538 2945 comite
562 2882 700 2960 praefato
725 2899 915 2962 perpessus,
930 2885 962 2946 et
1017 2885 1169 2959 affluens,
1187 2886 1459 2964 ultionibusnon
1479 2887 1650 2947 remissus.
1676 2885 1811 2946 Amicus

162 2975 482 3058 comesR[aimund.
498 2977 962 3061 Vlssfiliusejrrs,inpaterna
1016 2983 1116 3045 etiarn
1140 2984 1271 3044 Domini
1298 2986 1429 3061 Moyses
1458 2999 1518 3061 pro
1547 2983 1663 3044 eodem
1689 2981 1811 3060 populo

162 3089 306 3136 manens
322 3077 473 3152 pertidia,
489 3093 555 3138 non
575 3078 681 3140 solum
705 3079 813 3155 ipsum
829 3093 962 3156 posses·
1016 3081 1155 3143 vitulum
1171 3080 1289 3144 obtulit
1300 3081 1478 3153 labiorum,
1491 3083 1523 3143 et
1535 3095 1692 3142 mannum
1704 3078 1812 3140 sacri-

166 3171 321 3234 sionibns
336 3174 476 3236 ethonis
489 3174 642 3236 omnibus
657 3175 823 3253 spoliavit,
845 3192 961 3238 verum
1017 3178 1127 3240 licium
1143 3195 1209 3242 non
1228 3179 1349 3252 omisit,
1367 3179 1441 3257 post
1460 3177 1715 3256 supplicationis
1731 3177 1813 3238 bos-

164 3270 279 3344 etiam,
302 3273 560 3350 praesumptione
586 3271 778 3346 damnabili,
809 3274 961 3336 eumdem
1016 3276 1096 3340 tiam
1117 3277 1311 3339 holocausto
1330 3276 1568 3338 satisfactionis
1586 3275 1708 3348 oblatO,
1726 3290 1811 3335 cau-

164 3367 199 3429 et
214 3369 286 3445 ejus
299 3369 439 3431 clericos
458 3371 599 3447 turpiter
616 3370 811 3448 captivavit;
838 3374 871 3433 et
885 3371 963 3433 licet
1017 3391 1087 3436 sam
1103 3373 1216 3452 populi
1237 3391 1349 3437 coram
1365 3375 1505 3436 Domino
1520 3373 1686 3451 precibus,
1703 3373 1735 3434 et
1751 3371 1811 3432 Dei

163 3466 387 3541 postmodum,
414 3467 450 3528 in
480 3467 682 3530 venerabilis
718 3468 835 3531 fratris
856 3470 962 3532 nostri
1017 3489 1152 3534 causam
1167 3473 1201 3533 in
1221 3473 1341 3550 populo
1364 3471 1485 3548 gladiis
1501 3471 1705 3550 prosecutus.
1725 3473 1811 3532 Sane

163 3561 395 3624 Narbonensis
420 3565 663 3643 archiepiscopi
686 3567 718 3627 et
744 3567 962 3644 quorumdam
1016 3571 1051 3630 in
1064 3569 1209 3645 maligno
1223 3569 1446 3646 positimundi
1462 3569 1601 3639 malitia,
1617 3567 1692 3628 dum
1707 3567 1811 3643 impu·

165 3660 310 3720 aliorum
326 3663 504 3738 praesentia
528 3663 707 3739 provinciae
734 3663 959 3741 praelatornm,
1017 3669 1095 3730 nitis
1111 3666 1314 3740 excessibus,
1328 3649 1395 3744 ¹per
1415 3683 1567 3742 campum
1582 3666 1726 3726 licentiae
1742 3663 1812 3724 dis-

164 3773 202 3818 se
229 3758 459 3820 restituturum
489 3760 598 3837 ipsum
626 3760 660 3820 et
683 3762 755 3836 ejus
785 3761 960 3822 ecclesiam
1017 3765 1122 3828 currit
1132 3763 1289 3837 etlraenis,
1300 3763 1540 3841 claustraJ'uris
1556 3762 1718 3840 infringit,
1736 3761 1812 3822 adi-

164 3860 358 3935 promiserit
380 3861 413 3922 et
434 3861 624 3939 juramento
649 3860 801 3935 firmarit,
819 3863 960 3940 quibus·
1016 3865 1085 3924 tum
1099 3861 1214 3940 pandit
1229 3861 1375 3940 injuriis,
1392 3862 1499 3938 legem
1515 3860 1650 3922 damnat
1664 3860 1807 3930 honesti,

165 3955 242 4018 darn
257 3959 369 4020 tamen
384 3959 487 4020 exeis
502 3959 705 4021 restitutisin
719 3962 824 4036 parte,
840 3961 959 4037 ipsum,
1016 3960 1227 4038 privilegium
1252 3960 1414 4037 promittit
1431 3959 1549 4032 errori,
1567 3959 1600 4021 et
1619 3959 1696 4020 dum
1718 3973 1810 4035 spem

161 4055 344 4132 jnramenti
369 4057 532 4133 religione
556 4059 762 4134 contempta,
786 4057 961 4120 restituere
1016 4057 1222 4134 impunitatis
1249 4057 1290 4119 ad
1314 4058 1399 4120 alios
1424 4055 1591 4135 prorogat,
1614 4055 1655 4118 ad
1678 4055 1809 4132 culpam
1874 4123 1885 4134 ,

166 4168 234 4214 non
250 4153 395 4231 curavit3
426 4155 506 4232 quin
529 4155 641 4228 immo,
658 4156 767 4218 adhuc
789 4173 864 4218 eum
886 4155 961 4218 odio
1017 4155 1194 4218 nonnullos
1215 4155 1344 4226 invitat,
1364 4157 1478 4234 sicque
1494 4155 1530 4217 fit
1544 4154 1684 4233 poenalis
1700 4153 1810 4230 impu-

166 4267 369 4328 persequens
411 4251 561 4330 speciali,
603 4255 792 4316 convocatis
832 4253 960 4316 civibus
1016 4255 1104 4316 nitas
1129 4270 1204 4316 curn
1230 4253 1338 4330 poenis
1363 4255 1512 4315 reservet
1540 4251 1722 4329 majoribus
1747 4265 1811 4328 pu-

165 4350 431 4424 Ageunensibus,
448 4351 481 4412 et
495 4349 691 4428 quibusdam
706 4351 783 4414 aliis
796 4369 865 4414 suae
878 4353 962 4414 diue·
1015 4353 1167 4425 niendos,
1189 4355 1223 4412 et
1245 4367 1305 4429 per
1332 4349 1504 4427 impunitae
1533 4347 1809 4426 transgressionis

167 4447 253 4507 cesis
278 4448 335 4525 qui
368 4448 445 4510 sunt
472 4449 815 4511 excommunicatione
842 4450 959 4522 notati,
1016 4445 1810 4526 exemplarblandiaturaliisadoffensamUnde

166 4543 671 4623 adversnseumconjurationes
688 4548 829 4624 paravit,
853 4547 896 4619 et,
922 4561 961 4609 eo
1017 4547 1180 4609 interdurn
1205 4548 1382 4621 utcumque
1408 4543 1582 4621 tyrannice
1600 4541 1759 4620 parcitur,
1776 4543 1811 4604 et

167 4645 341 4718 praesente,
357 4643 422 4720 ipsi
436 4641 715 4721 cumquibusdam
728 4644 961 4706 baereticorum
1016 4643 1275 4706 misericorditer
1288 4642 1476 4715 desaevitur,
1494 4658 1567 4703 cum
1582 4635 1723 4717 publicae
1738 4639 1809 4700 uti-

167 4742 352 4806 fautoribus
374 4741 409 4802 in
432 4757 547 4804 necem
573 4745 645 4819 ejus
667 4743 800 4804 noviter
823 4744 960 4821 conspi-
1015 4742 1119 4804 litatis
1137 4740 1281 4812 intersit,
1299 4742 1334 4802 ut
1352 4755 1526 4801 excessum
1546 4739 1692 4800 vindicta
1715 4753 1810 4800 coer-

167 4842 285 4903 rarunt
298 4837 357 4919 (1).
1016 4843 1101 4910 caat,
1115 4839 1148 4900 et
1161 4855 1257 4915 poena
1274 4839 1317 4900 sit
1329 4837 1424 4899 limes
1440 4835 1586 4899 offensae.

207 4939 286 4998 Curn
310 4938 412 5014 igitur
427 4939 457 4998 ei
485 4937 541 5014 qui
557 4954 616 5016 pro
632 4938 782 5000 ecclesiae
807 4937 961 5001 libertate
1055 4937 1174 4998 «Hinc
1190 4937 1249 5008 est,
1267 4936 1352 5012 quod
1370 4937 1506 5013 propter
1521 4933 1754 5012 praesumptam
1775 4931 1809 4992 in

167 5034 410 5098 acdefensione
427 5033 504 5096 fidei
530 5036 722 5098 christianae
745 5038 838 5098 tanta
859 5037 963 5098 susti-
1016 5035 1174 5112 quosdam
1201 5034 1242 5095 de
1269 5033 1427 5095 fratribus
1459 5033 1582 5095 nostris
1610 5030 1807 5094 temeritatis

167 5135 240 5196 nuit
259 5132 438 5210 opprobria
465 5133 499 5195 et
518 5135 679 5210 jacturas,
704 5133 799 5196 favor
812 5135 959 5211 Aposto-
1015 5132 1189 5194 audaciam
1210 5147 1282 5203 nos,
1298 5147 1341 5193 ne
1361 5131 1505 5192 coelestis
1528 5131 1617 5206 regis
1633 5130 1809 5190 contume-

167 5231 251 5293 licus
272 5231 391 5292 merito
413 5228 583 5303 debeatur,
614 5231 848 5292 discretionem
869 5241 960 5293 tuam
1015 5229 1106 5298 liam,
1123 5227 1180 5305 qui
1195 5227 1378 5291 honoratur
1399 5229 1432 5290 et
1450 5228 1618 5305 spernitur
1634 5227 1669 5286 in
1686 5225 1809 5286 minis-

166 5325 962 5406 rogandamdnximusetmonendam,perlipos-
1015 5328 1087 5396 tris,
1116 5326 1374 5388 dissimulationi
1404 5327 1604 5403 relinquere,
1631 5340 1670 5386 ac
1694 5323 1811 5385 Chris-

167 5424 268 5486 tolica
293 5423 354 5486 tibi
390 5424 513 5502 scripta
550 5423 757 5499 mandantes,
785 5426 958 5503 quatenus,
1015 5425 1115 5486 tianae
1137 5424 1311 5500 roligionis
1340 5423 1553 5502 opprobrium
1583 5422 1659 5484 dum
1687 5420 1809 5483 Christi
1902 5439 1903 5444 ¹

204 5597 245 5672 (ll
267 5601 367 5658 benuo
392 5601 538 5658 conversis
571 5599 606 5660 ad
626 5599 777 5659 Raimundi
803 5600 960 5659 dominium
1015 5613 1114 5658 mense
1129 5599 1293 5666 maiollid,
1307 5601 1450 5660 recitati).
1464 5601 1595 5670 Vutssete,
1611 5605 1632 5658 t.
1647 5595 1807 5671 lllprobat.

170 5669 391 5745 dpenucmibus
406 5672 526 5741 civibus,
540 5678 621 5744 pocta
637 5673 711 5731 inter
733 5687 784 5730 eos
807 5678 959 5742 moverta,
1015 5687 1082 5746 pag.
1097 5671 1158 5730 307.
1169 5671 1331 5745 (bouquet.)
