3948 6326
654 375 883 437 EPISTOLAE.

296 589 305 600 ,
373 547 525 636 CXLVI

181 701 231 761 Ad
248 703 441 774 episcopum
461 701 721 775 Ltnpooeosam.

343 839 466 898 lmartii
486 837 565 896 tuat.

86 975 190 1036 [digest.
202 971 247 1022 lib.
257 971 324 1031 v111,
337 973 413 1037 epist.
422 971 477 1022 ata.
486 959 542 1022 tiss.
555 973 591 1021 La
602 973 676 1022 Porta
689 969 724 1019 du
737 969 831 1030 Tacit]
888 925 894 939 Ι

73 1097 266 1158 ordinationem
280 1096 315 1154 de
324 1097 497 1156 monasterio
509 1097 658 1164 Bosuensi,
668 1095 703 1152 ab
716 1093 850 1166 episcopo

240 1186 388 1244 Portuensi
405 1185 519 1253 laetam,
536 1185 658 1258 regulet.

105 1312 273 1385 Honorius,
290 1313 366 1386 etc,
382 1310 566 1373 venerabili
581 1309 678 1372 tratri
693 1309 849 1386 episcopo

72 1411 241 1485 lingonen.

104 1501 851 1582 VenerabilisfraternosterC.Portuen.epis-

71 1620 168 1680 copus,
182 1604 260 1664 dum
273 1604 309 1664 in
324 1603 475 1680 partibus
490 1603 557 1666 tuis
572 1602 750 1678 legationis
771 1600 849 1663 otti-

70 1701 113 1762 010
122 1701 320 1777 iungeretur,
333 1700 402 1762 suis
418 1701 513 1762 nobis
532 1700 655 1762 litteris
669 1698 848 1770 intimavit,

69 1799 143 1875 quod
162 1815 261 1875 quum
281 1797 509 1876 frequentibus
532 1798 566 1860 et
585 1796 741 1859 clamosis
765 1795 851 1857 insi-

70 1895 269 1958 nuationibus
293 1899 366 1973 ejus
399 1894 519 1957 fuisset
551 1894 688 1956 auribus
708 1892 848 1955 intima-

69 1995 127 2053 tum
149 1995 288 2055 Besuen.
309 1992 547 2054 monasterium
566 1991 737 2068 nigrorum
752 2006 789 2051 re
811 2005 850 2050 ac

69 2089 187 2151 nomine
208 2089 448 2151 monachorum
468 2091 536 2152 tarn
561 2089 595 2150 in
617 2088 736 2165 capite,
751 2102 849 2165 quam

69 2186 97 2246 11
108 2187 292 2249 membrisa
311 2187 439 2249 malitia
450 2188 486 2246 in
498 2188 612 2249 eodem
630 2185 850 2247 habitantium

68 2299 131 2344 esse
140 2285 221 2346 adeo
232 2300 368 2346 versum
381 2286 415 2346 in
426 2285 665 2360 salsilaginem,
681 2285 714 2344 et
728 2283 764 2343 in
777 2283 849 2360 spi-

68 2381 233 2442 ritualibus
256 2382 558 2459 actemporalibus
580 2381 629 2443 sic
653 2381 848 2458 collapsum,

68 2479 141 2554 quod
156 2495 175 2540 a
194 2479 309 2557 planta
324 2481 417 2557 pedis
433 2495 537 2557 usque
552 2479 594 2540 ad
609 2478 770 2540 verticem
784 2493 851 2539 non

68 2577 573 2648 remanseratsauitasineodem,
584 2577 667 2654 ipse,
677 2576 851 2653 quiacirca

69 2673 148 2748 pacis
171 2675 203 2736 et
224 2673 303 2736 11101
328 2675 498 2750 negotium
518 2675 710 2751 occupatus,
732 2689 791 2750 per
814 2688 851 2734 se

68 2769 162 2845 ipsum
177 2772 217 2833 ad
233 2774 307 2848 ejus
317 2771 587 2834 reformationem
598 2770 774 2832 intendere
785 2786 852 2831 non

67 2867 195 2941 ualebat,
218 2869 366 2947 primo...
393 2869 628 2941 Clarevallen„
650 2869 720 2930 et...
737 2867 852 2928 Fonti-

69 2965 157 3037 1011,
178 2981 269 3028 ac...
297 2967 338 3028 de
370 2951 552 3029 Bellevillae
590 2964 777 3037 abbatibus,
812 2980 851 3024 ac

68 3061 172 3125 deiude
194 3064 267 3136 tibi,
294 3064 351 3142 qui
382 3063 447 3125 loci
475 3063 683 3124 dioecesanus
721 3062 849 3134 existis,

69 3159 245 3237 hujusmodi
280 3176 395 3223 cruam
435 3160 736 3237 sollicitudemque
766 3174 852 3221 com·

68 3258 233 3320 misitsed
259 3275 360 3336 quum
381 3273 443 3320 nee
464 3273 524 3335 per
562 3272 688 3328 eorum,
705 3271 767 3318 nec
793 3271 853 3334 per

68 3356 147 3416 tuam
173 3355 433 3418 sollicitudinem
462 3356 576 3432 posset
608 3354 713 3417 status
746 3354 852 3431 ipsius

69 3450 704 3527 monasteriirelormari,tumquiaidem
713 3466 851 3513 monas-

68 3547 175 3610 terium
186 3552 347 3626 quantum
364 3549 406 3610 ad
416 3548 668 3626 temporalijam
680 3548 720 3609 ad
737 3549 851 3610 extre-

68 3660 144 3706 mam
158 3647 226 3709 sere
242 3647 481 3708 desolationem
492 3646 682 3716 devenerat,
695 3647 763 3708 tum
776 3645 852 3722 quia

68 3741 142 3803 11111
152 3745 410 3820 spiritualitatis,
424 3760 484 3804 seu
496 3743 669 3819 religionis
683 3757 854 3804 remanse-

68 3843 113 3901 rat
125 3841 157 3901 in
171 3841 535 3913 eodem‚tandemidem
544 3841 720 3917 episcopus
731 3855 853 3916 oppor-

68 3937 195 4001 tunitate
208 3941 356 4016 accepta,
369 3955 444 4000 cum
453 3937 739 4001 ,clamorinlamiae
748 3937 852 4014 ipsius

68 4035 854 4113 monasteriijugiterinvalesceretcurauittese-

69 4145 133 4192 cum
147 4135 328 4211 assumpto,
343 4134 555 4205 descendere,
565 4149 605 4195 ac
616 4132 729 4194 videre
742 4135 853 4194 utrum

69 4244 209 4303 personae
225 4232 332 4310 ipsius
350 4231 414 4293 loci
436 4230 626 4302 clamorem,
640 4230 696 4309 qui
711 4230 751 4290 de
770 4229 853 4305 ipsis
890 4283 897 4293 .

68 4330 252 4392 ascenderat
267 4344 366 4407 opere
374 4327 640 4405 complevissent,
656 4325 852 4404 0111111101-

68 4424 147 4487 11010
160 4427 274 4490 habita
288 4426 451 4503 diligenti,
478 4427 613 4502 reperit,
636 4425 721 4502 qdod
746 4424 854 4488 minor

69 4525 290 4586 eratiutamia.
304 4527 391 4586 Vero
405 4540 517 4600 quum,
532 4524 568 4585 ut
580 4523 620 4584 de
638 4537 853 4599 personarum

69 4622 309 4686 enormitatibus
329 4623 511 4693 taceamus,
540 4619 778 4682 monasterium
803 4619 856 4696 ip-

70 4729 149 4790 sum,
184 4721 308 4796 praeter
335 4718 446 4780 debita
483 4717 699 4794 prioratuum,
730 4717 855 4793 septem

70 4815 199 4878 millium
220 4819 254 4880 et
275 4818 400 4894 septem
428 4816 547 4892 viginti
565 4814 728 4876 librarum
744 4814 854 4876 debito

70 4907 239 4988 teneretur,
256 4917 289 4978 et
307 4914 447 4991 insuper
461 4913 607 4974 alienata
621 4913 710 4974 esset
730 4912 857 4972 medie-

70 5010 114 5069 tas
140 5015 212 5090 ejus
236 5013 484 5088 possessionum
513 5013 547 5073 et
568 5011 666 5080 ultra,
686 5009 855 5070 nonnullis

70 5106 137 5169 aliis
152 5111 301 5187 ejusdem
324 5108 601 5186 possessionibus,
627 5110 660 5170 et
673 5106 855 5170 redditibus

71 5204 145 5266 alias
160 5208 330 5284 occupatis
340 5223 400 5284 per
410 5206 514 5268 laicos
541 5205 573 5268 et
595 5207 734 5267 clericos
749 5220 857 5265 saecu·

71 5299 160 5376 lares,
176 5305 308 5382 recepto
325 5305 428 5381 igitur
443 5302 483 5364 ab
504 5303 622 5368 abbate
637 5305 671 5365 et
685 5302 856 5364 monachis
872 5291 874 5296 ’

72 5401 228 5463 universis
243 5403 284 5464 de
302 5403 419 5464 stando
435 5401 600 5462 mandatis
616 5401 686 5461 suis
704 5415 858 5476 corpora-

72 5493 140 5558 liter
156 5501 356 5577 turamento,
381 5501 415 5562 01
438 5499 584 5576 pensatis
606 5498 759 5559 omnihus
783 5513 856 5575 quae

73 5609 125 5666 pro
140 5599 348 5674 reparatione
361 5597 465 5674 ipsius
474 5595 668 5660 monasterii
678 5595 730 5656 vel
742 5599 857 5657 contra

73 5687 173 5752 lacere
185 5693 393 5766 videbantur,
403 5709 476 5754 cum
491 5709 558 5756 non
568 5694 759 5771 speraretur
771 5692 858 5754 ulla-

907 375 985 435 LIB.
1010 375 1096 436 Vlll.
1639 373 1698 434 558

902 534 998 596 tenus
1011 533 1249 596 monasterium
1267 533 1375 612 ipsum
1391 549 1491 612 posse
1508 548 1697 609 resurgere»

903 631 1152 694 remanentibus
1164 630 1312 708 praefatis
1327 630 1457 702 abbate,
1472 646 1511 692 ac
1526 629 1698 691 monachis

904 729 940 789 in
952 729 1078 801 eodem,
1093 729 1182 806 ipsos
1209 729 1250 790 10
1264 730 1321 791 tuo
1337 731 1371 792 et
1391 728 1534 790 aliorum
1551 727 1699 804 prudeu-

905 828 974 887 tum
994 827 1140 887 virorum
1164 827 1304 887 consilio
1329 826 1573 888 sententialiter
1594 824 1635 886 ab
1660 840 1698 886 eo

903 924 1007 984 tama
1034 923 1142 1000 capite
1171 939 1269 1000 quam
1296 939 1316 984 a
1340 922 1496 984 membris
1521 923 1644 984 amovit
1667 923 1699 984 ct

904 1020 1047 1082 absolvit
1065 1036 1084 1080 a
1100 1035 1181 1080 cura
1196 1022 1228 1082 et
1243 1020 1447 1082 exhibitione
1462 1021 1621 1096 ipsorum,
1638 1035 1698 1080 see·
1754 1003 1759 1015 ’

905 1117 1070 1194 pedictum
1085 1119 1323 1180 monasterium
1334 1134 1408 1178 cum
1424 1116 1576 1178 omuibus
1590 1132 1697 1177 mem-

904 1213 973 1274 bris
988 1215 1068 1286 sule,
1081 1230 1120 1276 ac
1135 1214 1345 1277 ordinatione
1361 1216 1494 1300 illorum
1509 1231 1578 1276 suae
1592 1215 1701 1292 prori-

905 1312 992 1373 sioni
1005 1313 1148 1384 servata,
1165 1312 1247 1390 ipsis
1263 1313 1434 1374 monacbis
1455 1313 1550 1374 duxit
1565 1311 1599 1372 in
1621 1310 1698 1372 aliis
1782 1331 1787 1344 ¹

905 1409 1116 1471 monasteriis
1145 1410 1396 1486 providendum.
1424 1412 1595 1486 Quumque
1626 1423 1700 1469 mo-

905 1507 1088 1568 nasterium
1110 1507 1217 1584 ipsum
1247 1508 1279 1568 et
1305 1506 1451 1568 membra
1477 1509 1559 1582 ejus
1584 1506 1698 1582 ejectis

906 1603 983 1665 inde
1003 1605 1173 1666 monachis
1194 1604 1404 1681 supradictis,
1427 1619 1487 1665 nec
1513 1605 1702 1664 reclaman-

905 1700 993 1764 tibus
1013 1717 1071 1778 per
1097 1703 1239 1778 quatuor
1254 1717 1384 1763 menses
1405 1701 1441 1762 in
1462 1701 1531 1760 suis
1547 1700 1699 1761 manibus

905 1799 1068 1861 tenuisset
1082 1798 1167 1860 etde
1186 1799 1291 1876 ipsius
1305 1800 1516 1875 reparatione
1537 1797 1699 1859 sollicitus

905 1911 1006 1974 super
1027 1897 1090 1957 boc
1115 1911 1189 1957 cum
1211 1896 1403 1957 cluniacen.
1425 1899 1457 1957 et
1478 1895 1555 1957 aliis
1579 1894 1700 1956 vicinis

905 1990 1078 2054 abbatibus
1101 1991 1272 2053 habuisset
1296 1991 1486 2068 frequenter
1510 1991 1699 2057 consilium,

906 2091 940 2150 01
950 2090 1137 2159 tractatum,
1152 2105 1214 2150 nec
1223 2089 1443 2165 reparationis
1458 2089 1573 2149 modus
1589 2103 1702 2150 occur·

906 2187 989 2248 rerit
1003 2189 1219 2264 opportunus,
1236 2187 1368 2248 tandem
1383 2186 1483 2248 menti
1499 2189 1571 2263 ejus
1584 2201 1703 2246 occur-

906 2283 960 2354 rit,
972 2285 1057 2360 quod
1071 2284 1191 2346 iratres
1205 2283 1331 2345 ordinis
1342 2284 1600 2345 praedicatorum
1610 2283 1703 2343 utili-

905 2381 957 2441 ter
972 2383 1125 2456 poterant
1149 2381 1184 2440 in
1208 2381 1280 2456 ipso
1305 2380 1506 2442 monasterio
1530 2379 1699 2441 collocari.
1742 2379 1751 2388 “

908 2477 972 2538 Sed
999 2494 1099 2554 quum
1126 2478 1320 2555 cogitationi
1349 2476 1540 2554 hujusmodi
1566 2477 1703 2540 obviare

908 2574 1149 2651 quodammodo
1171 2575 1351 2648 videretur,
1381 2575 1466 2652 quod
1491 2575 1555 2652 ipsi
1582 2573 1702 2636 fratres

906 2687 973 2733 non
990 2672 1129 2749 possunt
1153 2673 1335 2734 secuudum
1355 2672 1482 2734 ordinis
1504 2672 1556 2732 sui
1580 2672 1702 2734 statuta

907 2770 1134 2846 possessiones
1157 2769 1291 2840 habere,
1315 2768 1356 2830 10
1385 2769 1481 2830 modo
1507 2767 1702 2846 providendi

907 2869 955 2928 eis
972 2868 1173 2940 necessaria,
1191 2868 1220 2928 si
1235 2867 1479 2929 collocarentur
1490 2866 1622 2938 ibidem,
1638 2866 1702 2926 sol·

906 2964 997 3026 licite
1012 2965 1184 3039 cogitaret,
1199 2965 1329 3026 demum
1339 2967 1411 3041 ejus
1420 2965 1575 3026 inductus
1583 2963 1701 3024 exhor·

905 3062 1087 3124 tationibus
1095 3062 1279 3139 promisisti
1286 3062 1364 3134 te,si
1377 3062 1449 3122 baec
1465 3059 1699 3133 1010111011-

906 3159 1016 3220 torum
1044 3159 1150 3236 ipsius
1178 3159 1385 3231 monasterii,
1415 3175 1456 3220 ac
1479 3157 1702 3220 membrorum

907 3259 979 3334 ejus
997 3272 1099 3318 onera
1112 3257 1354 3334 suscepturum,
1371 3272 1410 3319 ac
1438 3256 1612 3318 aunuatim
1631 3255 1700 3316 mi-

907 3353 1306 3431 nistraturumsexaginta
1317 3353 1475 3417 tratribus
1484 3354 1564 3416 dicti
1573 3353 1706 3415 ordinis

908 3467 1011 3528 usque
1031 3451 1073 3512 ad
1092 3453 1266 3513 sexcentas
1282 3451 1384 3512 libras
1408 3451 1621 3528 Stephanion.
1641 3466 1700 3527 pro

907 3550 1107 3611 necessariis
1134 3551 1204 3612 suis
1232 3549 1267 3611 in
1296 3550 1410 3612 eodem
1435 3550 1635 3611 monasterio
1662 3549 1703 3610 de

909 3647 1014 3724 ipsius
1026 3645 1293 3723 possessionibus
1306 3647 1377 3718 11111,
1394 3649 1427 3708 01
1442 3647 1511 3707 suis
1530 3662 1703 3707 successo-

908 3744 1000 3806 ribus
1022 3744 1241 3822 applicandis,
1267 3760 1418 3806 necnon
1443 3744 1483 3805 10
1505 3743 1581 3804 aliis
1607 3742 1703 3803 bonis

908 3841 1167 3920 episcopalibus,
1182 3843 1210 3902 si
1225 3841 1308 3904 10110
1320 3844 1500 3918 proventus
1520 3857 1587 3903 non
1608 3839 1704 3903 suffi-

908 3941 1024 4002 cerent
1038 3940 1244 4014 earumdem;
1266 3940 1299 4000 et
1313 3940 1354 4002 ad
1369 3939 1432 4000 boo
1447 3941 1490 4010 te,
1507 3955 1549 4000 ne
1564 3953 1701 4000 succes-

909 4052 1001 4098 sores
1034 4036 1108 4098 tuos
1140 4036 1180 4097 de
1208 4053 1373 4099 consensu
1411 4038 1445 4098 et
1464 4035 1703 4114 approbatione

909 4134 1046 4211 capituli
1061 4134 1109 4195 tui
1132 4134 1324 4196 solemniter
1351 4134 1517 4210 obligasti,
1541 4135 1705 4211 adjiciens

909 4232 993 4309 quod
1005 4231 1196 4294 institueres
1209 4233 1328 4308 viginti
1337 4233 1514 4294 canonicos
1525 4232 1702 4293 saeculares

909 4331 944 4389 in
969 4329 1236 4407 possessionibus
1265 4327 1487 4392 membrorum
1509 4328 1703 4390 monasterii

910 4426 1090 4505 saepedicti.
1109 4425 1703 4503 (110101101101110001011111111011

909 4526 999 4586 viam
1039 4524 1261 4600 reparationis
1299 4523 1494 4584 monasterii
1534 4521 1704 4599 saepedicti

910 4622 1119 4698 praeeligens,
1137 4621 1248 4698 utpote
1264 4637 1328 4697 qua
1347 4620 1440 4681 nulla
1466 4621 1704 4696 competentior

910 4720 962 4782 vel
978 4720 1093 4781 utilior
1107 4718 1291 4796 videbatur,
1307 4718 1569 4790 secundumeam
1583 4717 1704 4794 deipso

911 4817 1112 4878 monasterio
1127 4816 1160 4877 et
1174 4815 1330 4876 membris
1344 4818 1415 4893 ejus
1438 4816 1590 4878 omnibus
1611 4815 1704 4876 ordi·
1740 4863 1743 4870 1

911 4915 1012 4975 navit.
1039 4916 1105 4975 Nos
1120 4913 1223 4990 igitur
1237 4913 1380 4990 receptis
1404 4913 1557 4990 precibus
1573 4915 1644 4989 eJus
1670 4910 1705 4972 ut

912 5011 1156 5073 ordinationem
1172 5010 1361 5086 hujusmodi
1381 5011 1612 5088 approbantes,
1630 5024 1704 5070 eam

911 5109 1100 5186 apostolico
1109 5107 1268 5170 roborare
1281 5109 1464 5169 munimine
1476 5107 1701 5182 dignaremur,

911 5207 1018 5267 eidem
1040 5207 1189 5268 dedimus
1209 5206 1244 5266 in
1270 5205 1446 5276 mandatis,
1471 5207 1516 5276 ut,
1542 5219 1643 5280 quum
1669 5204 1705 5264 in

910 5303 1033 5366 talibus
1047 5303 1091 5376 sit
1103 5320 1178 5365 cum
1193 5302 1345 5380 diligenti
1361 5301 1583 5364 sollicitudine
1594 5317 1707 5377 proce·

911 5401 1341 5473 dendum,adl1ibitaomui
1368 5399 1540 5474 diligentia
1564 5399 1597 5461 et
1620 5415 1704 5460 cau-

911 5501 988 5570 tela,
1018 5516 1090 5576 quae
1117 5498 1256 5560 debebat
1275 5500 1309 5560 01
1333 5497 1461 5574 poterat
1484 5497 1647 5569 adhiberi,
1670 5498 1705 5557 in

912 5597 1027 5675 primis
1053 5597 1233 5658 monachos
1249 5597 1373 5674 ejectos
1398 5611 1417 5656 a
1438 5594 1614 5671 saepedicto
1635 5611 1704 5654 mo·

912 5695 1059 5757 nasterio
1084 5696 1119 5756 in
1149 5694 1226 5754 aliis
1258 5693 1309 5754 sui
1338 5691 1466 5754 ordinis
1496 5691 1707 5754 monasteriis
