4102 6322
109 312 205 380 113

110 478 344 546 Bernhardo
359 483 443 546 duce
456 485 631 561 saxoniae,
640 485 734 563 patre
749 501 822 559 sno,
837 485 943 548 eidem

112 582 354 643 monasterio
369 582 537 659 irrogatis,
555 601 594 646 ac
609 585 740 646 demum
758 584 864 660 ipsius
879 585 944 646 loci

113 674 282 750 abbate,
292 680 662 758 occasionehujusmodi
670 682 944 752 controversiam

114 775 349 849 quibusdam
371 776 411 838 de
433 777 560 840 familia
580 777 710 856 praefati
733 778 862 840 comitis
877 779 943 839 non

115 871 224 934 sine
240 874 346 950 ipsius
361 874 585 946 conniventia,
602 875 689 936 sicut
703 875 859 947 creditur,
874 875 945 952 pri-

116 971 228 1032 vato
242 970 367 1033 lumine
382 971 553 1032 oculorum
571 972 605 1033 et
617 973 731 1048 lingua
751 972 851 1034 etiam
865 989 943 1032 mu-

120 1066 256 1140 tilato,
270 1067 404 1128 tandem
420 1067 592 1144 Rodegero
606 1070 823 1146 procuratore
837 1070 944 1146 ipsius

120 1161 346 1225 monasterii
359 1163 391 1223 et
402 1161 539 1239 prefato
551 1163 671 1225 comite
683 1164 719 1224 in
732 1165 847 1226 nostra
857 1180 944 1240 prae-

122 1259 258 1320 sentia
268 1258 468 1331 constitutis
479 1257 567 1321 iacta
580 1259 643 1322 luit
654 1259 804 1336 quaedam
815 1273 944 1338 compo·

125 1356 228 1418 sitio
242 1357 333 1418 inter
344 1356 455 1432 partes
471 1361 503 1418 et
514 1356 614 1420 bullae
627 1358 750 1419 nostrae
762 1359 943 1419 munimine

125 1453 317 1516 roborata.
334 1453 544 1515 Postmodum
560 1469 638 1516 vero
653 1454 741 1516 idem
756 1454 858 1516 abbas
873 1470 944 1532 per

130 1551 313 1612 sonaliter
332 1551 373 1612 ad
394 1551 619 1626 apostolicam
642 1551 758 1612 sedem
782 1551 943 1614 accedens

130 1649 324 1726 proposuit
336 1664 448 1709 coram
462 1648 568 1717 nobis,
585 1648 823 1710 monasterium
835 1651 943 1726 ipsum

134 1747 182 1806 in
194 1747 309 1808 multis
320 1761 380 1823 per
389 1747 660 1823 compositionem
669 1747 859 1825 hujusmodi
868 1763 943 1810 esse

137 1843 281 1913 laesum,
304 1859 404 1920 quum
427 1844 522 1906 multi
544 1860 718 1922 processus
740 1846 832 1921 prius
854 1846 943 1907 circa

139 1942 367 2018 quaestionem
378 1942 581 2017 praedictam,
590 1957 649 2019 pro
660 1943 732 2018 ipso
742 1943 942 2005 monasterio

139 2037 267 2111 habiti,
282 2039 459 2102 rideantur
474 2056 533 2117 per
547 2041 817 2117 compositionem
836 2041 943 2118 ipsam

141 2137 181 2196 in
197 2138 228 2214 ej
235 2137 347 2198 usdem
363 2138 559 2200 monasterii
574 2136 804 2214 praejudicium
819 2138 852 2199 et
870 2153 943 2213 gra-

140 2250 269 2296 samen
279 2235 445 2306 extinctis,
454 2235 487 2296 et
496 2250 555 2311 per
565 2235 714 2296 eamdem
726 2235 827 2296 etiam
837 2235 942 2312 ipsius

140 2333 344 2393 monasterii
384 2332 570 2409 privilegiis
605 2333 791 2408 derogetur,
824 2332 943 2409 quihus

139 2431 202 2491 est
225 2429 390 2491 indultum
411 2430 555 2491 Gernoto
577 2429 689 2490 abbati
710 2431 743 2492 ct
766 2429 943 2492 conventui

139 2527 343 2589 monasterii
358 2527 538 2604 saepedicti,
556 2528 592 2589 ut
606 2527 735 2604 possint
749 2543 943 2604 quemcum-

141 2640 214 2701 que
232 2625 411 2697 voluerint,
428 2637 598 2686 assumere
615 2625 811 2687 advocatum
833 2627 866 2687 et
887 2641 944 2686 as-

141 2723 326 2797 sumptum,
352 2723 380 2782 si
405 2723 454 2783 eis
474 2724 585 2798 gravis
606 2723 658 2783 vel
682 2722 810 2784 inutilis
829 2723 940 2796 suerit,

140 2835 332 2892 removere,
363 2820 449 2897 qnod
473 2836 538 2882 non
562 2820 684 2896 poterit
707 2819 792 2888 deri,
817 2821 846 2881 si
870 2836 943 2882 ser-

140 2917 246 2978 vetur
264 2917 458 2992 compositio
480 2919 673 2980 memorata.
693 2919 801 2989 Quare
824 2933 943 2994 supra-

141 3013 247 3075 dictis
262 3015 371 3075 causis
386 3016 419 3077 et
437 3014 607 3076 nonnullis
623 3014 700 3076 aliis
718 3030 830 3076 coram
844 3014 940 3078 nobis

142 3111 317 3188 expressis
343 3113 544 3189 supplicavit
567 3111 741 3184 instanter,
770 3113 808 3173 ut
834 3111 941 3173 eidem

141 3202 942 3286 monasterioper'restitutionisbeneficiumsuc·

142 3321 285 3366 currere
299 3306 524 3382 dignaremur.
539 3308 645 3377 Quum
660 3305 764 3382 igitur
782 3307 943 3368 ecclesia-

140 3418 222 3462 rum
239 3401 523 3472 indemnitatibus,
538 3402 692 3478 exigente
705 3401 814 3464 debito
829 3403 943 3481 pasto-

142 3500 230 3560 ralis
243 3499 353 3572 officii,
362 3515 539 3562 occurrere
553 3500 737 3573 teneamur,
748 3498 941 3561 discretioni

142 3597 266 3658 veslrae
288 3611 348 3673 per
371 3597 562 3673 Apostolica
594 3598 718 3674 scripta
746 3597 941 3658 mandamus

143 3694 310 3772 quatenus
319 3693 358 3766 si,
368 3694 713 3770 partibusoonvocatis
724 3695 943 3770 etdiligenter

143 3791 281 3864 auditis,
297 3791 500 3855 inveneretis
517 3807 577 3869 per
593 3793 866 3870 compositionem
881 3807 941 3852 seu

143 3889 370 3966 provisionem
377 3891 447 3967 jam
458 3889 580 3952 dictam
590 3892 729 3951 multum
740 3889 856 3951 laesum
867 3903 941 3950 osse

766 321 996 386 EPIS‘XOLAE.
1021 323 1099 384 nin·
1116 323 1176 386 'VX'

1299 491 1492 579 CXXXVI

1091 645 1143 704 Ad
1156 645 1352 718 episcopum
1365 643 1701 706 Hazoerstadensem.

1277 775 1310 831 li
1324 774 1418 832 martii
1432 775 1510 832 itii.

1076 896 1251 962 [ilcincmanm
1263 898 1347 949 Codex
1356 897 1520 956 Anhaltinus,
1532 913 1559 963 p.
1571 898 1611 957 iil,
1621 911 1646 948 n.
1659 883 1714 963 62]

1015 1021 1157 1094 Episcopo
1176 1021 1417 1092 Helberstndensi,
1438 1029 1468 1080 ut
1484 1021 1586 1080 ducem
1601 1023 1732 1080 saxonia
1743 1029 1773 1081 et

1041 1111 1175 1167 comitem
1187 1111 1313 1168 dicaris
1326 1111 1403 1180 citet,
1421 1112 1553 1184 quotiens
1565 1126 1637 1184 opus
1651 1109 1744 1170 luerit.

1037 1236 1204 1296 Honorius
1213 1236 1400 1313 episcopus,
1410 1235 1789 1310 servusservorumDei,

997 1332 1183 1394 venerabili
1194 1332 1289 1412 iratri
1304 1333 1474 1396 Friderico
1485 1334 1640 1414 episcopo
1650 1333 1792 1396 Helber-

998 1428 1155 1502 stadensi,
1172 1431 1323 1504 salutem,
1341 1432 1403 1492 etc.

1037 1526 1182 1589 Dilectus
1203 1527 1292 1589 iilius
1314 1527 1478 1589 (ternotus
1499 1524 1601 1588 abbas
1622 1525 1792 1588 Nieubur-
1815 1573 1816 1576 ι

997 1624 1109 1700 gensis
1124 1624 1220 1685 nohis
1233 1623 1403 1686 humiliter
1418 1624 1626 1702 supplicavit,
1641 1624 1678 1685 ut
1689 1638 1790 1700 quum

998 1737 1116 1782 causas
1143 1727 1216 1798 qu'ae
1242 1722 1331 1783 inter
1357 1723 1467 1799 ipsum
1491 1724 1524 1783 et
1546 1721 1675 1783 nobiles
1699 1721 1790 1783 viros

997 1818 1166 1881 Albertum
1195 1819 1311 1880 ducem
1343 1818 1497 1880 saxoniae
1530 1835 1570 1880 ac
1595 1819 1788 1890 Henricum,

998 1916 1150 1978 comitem
1164 1917 1321 1982 escariae,
1338 1915 1473 1976 fratrem
1489 1918 1572 1992 eiua,
1592 1915 1792 1990 Magdebur-

997 2013 1109 2087 gensis
1119 2013 1152 2074 et
1161 2012 1453 2096 Helberstadensis
1468 2013 1673 2084 dioecesium,
1690 2025 1790 2087 super

997 2110 1139 2171 diversis
1183 2109 1334 2188 articulis
1376 2110 1554 2186 agitantur,
1596 2109 1790 2170 duxerimus

998 2207 1259 2278 committendas,
1271 2208 1304 2268 et
1314 2207 1422 2268 nuntii
1435 2206 1583 2284 ejusdem
1599 2205 1726 2267 abbatis
1742 2205 1791 2266 ci-

996 2305 1158 2367 tationum
1184 2305 1314 2366 litteras
1343 2320 1410 2365 non
1446 2305 1591 2365 audeant
1618 2303 1790 2380 porrigere

997 2400 1163 2462 nobilibus
1191 2402 1393 2476 memoratis,
1420 2417 1520 2478 super
1545 2399 1609 2462 hoc
1630 2397 1790 2478 provide-

997 2513 1107 2559 remus
1122 2499 1239 2562 eidem.
1262 2499 1404 2576 Ideoque
1426 2497 1627 2560 fraternitati
1646 2499 1711 2559 tuae
1731 2511 1791 2574 per
1884 2501 1888 2511 '

996 2595 1184 2672 Apostolica
1196 2597 1319 2674 scripta
1330 2597 1471 2658 tirmiter
1480 2594 1683 2673 injungendo
1699 2610 1792 2655 man·

997 2691 1124 2764 damus,
1141 2694 1315 2770 quatenus,
1332 2693 1485 2770 quotiens
1501 2708 1583 2769 opus
1602 2691 1713 2763 luerit,
1731 2706 1792 2768 per

995 2789 1789 2868 te,relpertuumcertumetidoneumnuntium,
1861 2849 1864 2866 ,

997 2887 1171 2948 citationes
1208 2887 1305 2949 dictis
1342 2886 1508 2948 nobilibus
1541 2885 1692 2963 porrigas
1730 2900 1791 2962 pro

997 2985 1107 3045 causis
1118 2982 1308 3061 hujusmodi
1318 2983 1546 3060 porrigendas.
1556 2983 1674 3045 Datum
1684 2985 1792 3058 Anag-

995 3080 1072 3153 niae,
1086 3082 1116 3141 11
1127 3081 1201 3142 idus
1212 3080 1336 3154 martii,
1349 3080 1560 3158 pontificatus
1570 3079 1688 3152 nostri,
1701 3093 1791 3139 anno

997 3177 1102 3240 sexto.

1288 3438 1500 3526 CXXXVH

1016 3591 1068 3651 Ad
1087 3588 1277 3652 derectum
1291 3590 1446 3651 edoctam
1459 3591 1766 3664 Nteuourpaosem.

1274 3720 1309 3777 li
1322 3719 1414 3776 martii
1431 3718 1510 3776 liii.

1073 3841 1248 3906 [lleinemann¹
1264 3841 1348 3893 Codex
1362 3840 1526 3901 Anhaltinus,
1539 3855 1565 3906 p.
1580 3840 1620 3900 ti,
1634 3855 1659 3890 n.
1670 3839 1710 3890 63.

144 3987 385 4049 monasterium
407 3990 635 4060 memoratum,
665 3987 759 4060 illud,
788 3986 942 4064 appella.
996 3965 1128 4041 indulget
1148 3965 1242 4024 abbati
1262 3965 1483 4041 Nieubnrgensi‚
1510 3972 1542 4023 ut
1560 3965 1683 4038 receptis
1699 3964 1786 4022 simo-

143 4085 237 4146 fione
251 4085 389 4157 remota,
412 4084 448 4144 in
469 4085 634 4161 integrum
649 4085 836 4157 resffluere,
853 4083 940 4146 dicta
1030 4056 1112 4113 nisce
1134 4055 1162 4112 in
1177 4069 1230 4112 suo
1248 4056 1423 4112 monasterio
1441 4063 1470 4112 et
1483 4055 1519 4112 ob
1539 4052 1578 4124 id,
1594 4055 1739 4114 translatis
1752 4053 1789 4112 ed

145 4181 388 4258 compositione
407 4182 539 4258 penitus
560 4183 726 4255 revocata,
747 4181 880 4254 curetis,
901 4198 941 4243 ac
1030 4145 1086 4202 ³¹¹³
1100 4144 1172 4213 Μ’
1187 4150 1384 4217 Ρωῃηθῃῃθω
1398 4157 1548 4217 ”mmm
1563 4150 1662 4216 ⁹⁰⁸⁸¹¹'

144 4277 267 4339 deinde
281 4293 456 4354 processus
476 4277 651 4354 praedictos
667 4279 838 4351 iacientes,
855 4278 942 4340 sicut
1034 4275 1203 4337 Honorius
1213 4276 1398 4353 episcopus,
1412 4277 1486 4348 etc„
1501 4275 1698 4337 dilectofilio
1712 4277 1790 4336 Ger·

140 4376 269 4452 justum
283 4375 395 4448 luerit,
416 4375 556 4437 firmiter
578 4375 760 4449 observari,
782 4377 937 4448 audiatis,
994 4375 1072 4436 noto
1087 4372 1198 4435 abbati
1213 4373 1469 4449 Nieuhurgensi,
1486 4372 1637 4446 salutem,
1653 4373 1715 4434 etc.

144 4473 269 4549 siquid
288 4473 489 4535 remanserit
509 4473 713 4549 quaestionis,
735 4473 768 4536 et
791 4473 940 4550 appella·
1035 4471 1194 4533 Precibus
1209 4471 1275 4532 tuis
1293 4470 1473 4546 benignum
1488 4471 1713 4548 impertientes
1728 4483 1785 4530 as-
1869 4530 1872 4538 ,

144 4570 236 4632 tione
262 4573 390 4632 remota
416 4570 482 4634 fine
515 4569 624 4632 debito
654 4571 853 4640 terminetis,
888 4570 940 4632 ia·
994 4585 1140 4638 sensum,
1158 4569 1356 4630 auctoritate
1370 4567 1431 4629 tihi
1450 4567 1662 4644 praesentium
1675 4566 1789 4628 indul-

144 4667 283 4739 cientes,
317 4667 403 4744 quod
439 4668 634 4738 statueritis,
672 4683 732 4745 per
763 4684 938 4730 censuram
993 4681 1120 4742 gemus
1145 4667 1181 4727 ut
1201 4667 1231 4726 si
1254 4665 1358 4742 aliqui
1381 4663 1505 4726 luerint
1526 4665 1561 4724 in
1583 4665 1787 4726 monasterio

141 4763 416 4836 ecclesiasticam,
446 4764 585 4826 firmiter
619 4765 803 4837 observari,
836 4766 938 4826 nullis
993 4766 1049 4826 tuo
1071 4763 1124 4825 vel
1149 4764 1184 4823 in
1208 4762 1285 4822 aliis
1307 4761 1366 4823 tibi
1390 4761 1547 4838 subjectis
1570 4762 1695 4839 recepti
1716 4777 1789 4823 me-

143 4861 355 4924 obstantibus
378 4861 498 4923 litteris
523 4876 622 4939 super
644 4862 708 4924 hoc
732 4863 894 4924 hactenus
918 4877 938 4924 a
994 4860 1105 4922 diante
1116 4860 1198 4922 vitio
1210 4859 1361 4920 simoniae
1374 4858 1443 4920 illis
1452 4858 1624 4921 translatis
1636 4861 1676 4920 de
1691 4859 1784 4932 locis,

143 4959 229 5019 Sede
240 4958 430 5034 Apostolica
440 4959 625 5035 impetratis
635 4959 688 5021 vel
702 4959 938 5022 constitutione
993 4958 1028 5018 in
1052 4957 1171 5034 quihus
1192 4956 1241 5017 sic
1265 4955 1389 5032 recepti
1412 4955 1557 5029 luerunt,
1581 4958 1616 5017 in
1640 4957 1708 5018 alia
1728 4956 1786 5018 tuo

143 5055 184 5116 de
197 5055 325 5116 duabus
340 5055 448 5118 diaetis
463 5056 551 5117 edita
565 5057 601 5116 in
612 5058 759 5119 Concilio
775 5057 936 5133 generali.
993 5053 1195 5116 monasterio
1208 5053 1338 5115 subdita
1353 5054 1461 5130 possis
1483 5068 1583 5130 super
1597 5055 1659 5116 hoc
1679 5055 1787 5131 poeni-

142 5153 258 5214 Testes
279 5153 401 5238 autem,
418 5153 480 5214 etc.
505 5153 596 5224 Quod
619 5154 648 5214 si
668 5169 735 5215 non
757 5171 870 5216 omnes
885 5155 938 5215 his
992 5153 1129 5214 tentiam
1141 5151 1316 5229 injungere
1335 5152 1584 5228 competentem,
1599 5167 1639 5212 ac
1653 5153 1688 5213 in
1702 5151 1786 5214 locis

142 5249 369 5326 exsequendis
391 5251 565 5325 potueritis
581 5250 755 5324 interesse,
773 5251 837 5313 duo
856 5268 937 5313 res·
993 5250 1158 5312 dimittere
1185 5250 1220 5310 in
1249 5249 1368 5326 quibus
1392 5248 1433 5309 ob
1462 5263 1597 5310 oausam
1631 5249 1787 5314 translati

141 5351 231 5410 trum
256 5363 297 5408 ea
322 5347 540 5408 nihilominus
562 5351 797 5426 exsequantur.
819 5351 938 5411 Datum
992 5347 1126 5410 fuerunt
1145 5347 1381 5424 supradictam.
1405 5346 1453 5407 Ad
1471 5346 1553 5418 haec,
1577 5347 1606 5407 si
1628 5347 1684 5425 qui
1703 5347 1786 5410 suh-

142 5445 316 5521 Anagniae,
332 5446 362 5504 ll
378 5445 450 5505 idus
466 5445 588 5519 martii,
605 5445 817 5523 pontificatus
832 5447 936 5509 nostri
992 5445 1052 5507 diti
1066 5445 1126 5518 tui,
1145 5459 1205 5521 pro
1217 5445 1221 5454 '
1232 5444 1348 5505 fraude
1368 5445 1544 5505 commissa
1565 5445 1600 5505 in
1621 5445 1787 5510 solutione

143 5558 230 5604 anno
251 5541 359 5602 sexto.
991 5542 1159 5604 vicesimae
1179 5541 1532 5604 excommunicationis
1552 5543 1706 5621 laqueum
1727 5547 1787 5609 in-

993 5639 1168 5711 currerint,
1203 5639 1265 5701 tibi
1298 5639 1397 5701 liceat
1425 5655 1482 5701 eos
1515 5639 1689 5704 absolvere
1714 5645 1787 5709 vice
