4018 6320
263 287 323 347 763
393 333 396 345 ,
879 278 1053 340 HONORII
1076 278 1121 338 III
1142 277 1289 338 OPERA.

263 435 1055 514 dinisPraedicatorum,ealutemetApostolicam

263 538 539 604 benedictionem.

305 634 557 700 Favorabilibus
572 632 724 710 precibus
739 631 862 694 vestris
876 629 1056 707 benignum

263 734 491 812 impertientes
524 746 707 800 assensum,
731 729 929 791 auctoritate
960 727 1055 789 vobis

264 831 480 910 praesentium
495 829 715 904 indulgemus
732 827 769 887 ut
783 825 950 902 generalis
971 828 1057 887 tem-

264 944 346 1006 pore
359 926 539 997 interdicti,
556 923 757 986 liceatvobis
773 923 807 982 in
823 922 972 988 ecclesiis
985 939 1057 983 ves·

265 1024 326 1086 tris
341 1024 376 1084 in
391 1021 511 1100 quibus
527 1019 821 1096 collegiumsuerit,
834 1035 900 1080 non
915 1019 1056 1095 pulsatis

266 1120 446 1197 campanis,
459 1120 573 1196 jannis
600 1117 733 1188 clausis,
760 1116 1056 1178 excommunicatis

266 1219 299 1280 et
306 1217 490 1278 interdictis
505 1215 662 1286 exclusis,
677 1213 841 1276 submissa
852 1229 932 1276 voce
943 1213 1056 1274 divina

266 1314 376 1376 officia
398 1313 579 1375 celebrare.
609 1311 701 1373 Nulli
733 1327 823 1387 erg0,
850 1312 910 1372 etc.
938 1299 1055 1372 Datum

266 1411 433 1482 Laterani,
444 1413 488 1472 v1
502 1409 576 1472 idus
582 1409 743 1486 januarii,
758 1408 968 1486 pontificatus
984 1424 1058 1471 nos·

265 1509 310 1569 tri
325 1524 412 1570 anno
428 1523 526 1568 nouo.

268 1927 320 1986 Ad
343 1926 568 1993 Gtetttetmum,
591 1922 823 1983 Mutinensem
850 1923 1055 1996 episcopum.

539 2050 688 2124 tjanuarii
706 2051 783 2108 1225.

399 2173 592 2238 [Turgeneviua
605 2174 703 2225 ltussiae
716 2173 832 2232 monim,
847 2175 866 2232 I,
881 2173 930 2238 tn]

274 2300 308 2357 Ei
318 2297 449 2356 concedit
462 2297 625 2356 facultatem
640 2297 790 2356 ordinandi
804 2299 966 2370 ecclesiam,
986 2307 1015 2356 et
1029 2299 1058 2356 in

491 2401 524 2444 ea
545 2387 660 2444 creandi
674 2388 835 2460 episcopos.

305 2503 472 2565 Honorius
484 2504 1056 2581 opiscopus,servasservorumDei,

265 2601 446 2666 Mutinensi
456 2601 825 2678 episcopo,Apostolicae
833 2601 1057 2676 Sedislegato,

270 2697 411 2760 salutem
422 2698 454 2759 et
465 2696 690 2774 apostolicam
705 2697 979 2760 benedictionem.

308 2797 487 2872 sperantes
502 2795 587 2872 qnod
602 2795 772 2871 aperiente
787 2796 907 2856 ostium
920 2794 1059 2856 Domino

267 2893 323 2970 qui
335 2893 453 2970 aperit,
468 2892 501 2953 et
511 2907 607 2953 nemo
620 2893 755 2964 claudit,
768 2891 902 2963 claudit,
917 2893 949 2953 et
964 2907 1059 2953 nemo

267 2990 390 3066 aperit,
403 2992 473 3066 jam
488 2989 653 3050 intratura
674 2990 718 3051 sit
732 2989 772 3050 ad
794 2989 890 3049 fidem
912 2989 1059 3064 gentium

265 3087 448 3164 plenitudo,
463 3087 496 3148 te
516 3085 556 3146 ad
573 3085 868 3161 evangelizandum
885 3088 1059 3147 Dominum

265 3185 378 3245 lesum
398 3183 565 3244 Christum
580 3182 732 3243 barbasta
750 3183 952 3252 nationibus,
969 3200 1061 3244 com-

266 3280 370 3340 misso
384 3279 444 3340 tibi
460 3279 636 3354 legationis
651 3277 761 3340 officio
784 3281 986 3357 providimus
1003 3268 1059 3342 se-

268 3375 484 3451 gregandum,
501 3375 622 3436 fiducia
651 3378 809 3454 concepta
839 3393 905 3439 non
931 3378 1060 3440 modica

268 3471 366 3549 quod,
381 3471 580 3546 cooperante
607 3471 684 3532 fidei
699 3473 764 3534 tuae
789 3474 918 3547 meritc,
936 3490 971 3536 se
992 3475 1060 3536 illis

268 3569 449 3629 clementer
475 3568 635 3628 Dominus
659 3569 831 3642 revelabit,
848 3571 884 3632 ut
908 3573 1058 3648 populus,

267 3666 324 3744 qui
352 3665 514 3726 hactenus
537 3665 740 3727 ambulatio
763 3667 919 3740 tenebris,
949 3669 1060 3730 videat

266 3761 374 3823 lucem
394 3778 560 3837 magnam,
578 3763 650 3824 orto
666 3762 714 3823 eis
730 3779 790 3839 per
812 3765 910 3824 tidem
931 3765 988 3826 illo
1004 3767 1060 3844 qni

267 3859 574 3921 omnemhominem
588 3859 621 3919 in
631 3859 885 3921 hnncmumlum
896 3861 1061 3925 illuminat

266 3957 465 4028 venientem,
483 3956 604 4032 datque
624 3959 658 4018 ut
673 3964 886 4020 sacrosancta
911 3961 1059 4022 Ecclesia

267 4067 405 4114 numero
425 4053 457 4112 et
482 4053 600 4114 merito
625 4055 797 4128 augeatur,
825 4055 962 4117 dilatato
987 4057 1059 4118 loco

268 4148 414 4219 tentorii,
432 4149 464 4210 et
478 4147 610 4209 funibus
622 4149 912 4213 tabernaculorum
923 4155 994 4230 ejus
1006 4169 1060 4216 ex-

267 4246 383 4309 tensis.
400 4246 574 4317 Caeterum,
591 4261 632 4307 ue
643 4246 768 4324 aliquid
778 4247 839 4309 tibi
854 4250 939 4311 desit
947 4251 980 4311 in
992 4251 1059 4312 ulla

267 4343 387 4421 gratia,
405 4358 503 4418 quam
515 4341 576 4404 tibi
591 4343 677 4405 desit
692 4360 865 4420 possumus
884 4347 1057 4422 impertiri,

268 4439 445 4502 ordinandi
470 4439 656 4512 ecclesiam,
687 4457 785 4517 quam
815 4441 878 4502 sibi
902 4445 1059 4505 Dominus

267 4538 419 4614 acquiret
433 4553 492 4613 per
505 4537 570 4598 tuac
587 4539 808 4600 ministerium
831 4542 1010 4614 servitutis,
1028 4545 1061 4604 et

267 4651 371 4696 novos
386 4635 419 4694 in
435 4649 474 4694 ea
483 4635 618 4695 creandi
634 4637 805 4712 episcopos
817 4640 997 4712 etcreatos,
1009 4657 1061 4702 ac·

268 4729 398 4792 cersitia
428 4729 488 4789 tibi
518 4731 851 4802 damascensibus
883 4737 1057 4814 episcopie,

264 4825 555 4906 juxtasanctiones
569 4830 747 4890 canonicas
756 4835 983 4908 consecrandi,
996 4835 1061 4898 tra·

266 4923 495 4995 ternitatituae
508 4925 705 4986 auctoritate
714 4929 925 5004 praesentium
935 4948 1058 4995 conce-

268 5020 377 5081 dimus
386 5018 587 5080 Iacultatem.
596 5022 713 5084 Datum
722 5024 1001 5099 Lateranividus.
1010 5033 1060 5108 ja-

268 5133 391 5191 nuarn,
406 5132 493 5178 auno
508 5132 607 5178 nono.

1456 440 1564 528 LXII

1209 596 1261 654 Ad
1278 593 1465 667 capitatum
1484 593 1804 654 Gatleatuznzeasem.

1373 724 1404 781 lt
1421 723 1546 795 januarii
1565 723 1645 782 ¹225.

1144 847 1260 912 temese,
1272 846 1317 896 lib.
1328 847 1372 904 lli,
1381 847 1456 910 epist.
1467 846 1522 898 tte.
1532 847 1590 897 lies.
1601 847 1637 898 La
1646 848 1723 898 rona
1734 847 1770 898 da
1780 849 1869 912 risit]

1111 973 1299 1029 Donationem
1317 971 1442 1044 quinque
1465 971 1598 1029 lcumcnti
1614 973 1776 1030 modiorum
1796 975 1823 1029 in
1838 973 1894 1032 red·

1146 1059 1251 1118 ditibus
1266 1061 1385 1132 minagii
1400 1069 1429 1118 et
1444 1060 1670 1117 motinendorum
1689 1076 1817 1130 suorum,
1836 1063 1897 1134 ipsis

1146 1148 1182 1204 ab
1204 1149 1339 1220 episcopo
1360 1147 1581 1206 cathalaunensi
1602 1147 1717 1218 iactam,
1739 1151 1896 1207 anctoritate

1145 1237 1308 1308 apostolica
1323 1237 1482 1294 coniirmat.

1151 1369 1329 1440 Honorius,
1347 1369 1422 1440 ete,
1439 1369 1568 1430 dilectis
1587 1369 1665 1430 tiliis
1681 1370 1825 1448 capituto
1840 1374 1896 1433 Ca-

1111 1465 1334 1537 thalaunensi,
1353 1466 1505 1537 salutem,
1521 1469 1583 1527 etc.

1150 1563 1253 1625 luatis
1275 1563 1469 1639 petentium,
1494 1563 1569 1634 etc,
1596 1579 1702 1638 nsque
1725 1565 1893 1641 complere.

1111 1662 1191 1720 Cum
1204 1675 1282 1735 ergo
1295 1659 1498 1722 venerabilis
1514 1659 1616 1724 irater
1627 1662 1780 1723 noster...
1792 1663 1897 1723 Catha-

1111 1759 1283 1818 launensis
1300 1757 1475 1834 episcopus
1495 1757 1640 1834 quinque
1658 1757 1815 1820 frumenti
1831 1776 1896 1819 mo-

1112 1853 1184 1915 dios
1196 1855 1230 1913 in
1242 1852 1426 1915 redditibus
1437 1853 1586 1930 minagii,
1599 1855 1632 1914 et
1642 1855 1896 1916 molendinorum

1112 1966 1257 2021 snorum,
1271 1965 1399 2012 necnon
1415 1950 1556 2012 liberum
1571 1951 1762 2024 inmerium,
1776 1954 1896 2029 quipa-
1985 2019 1986 2026 ,

1112 2046 1898 2128 nemlaciatexetsdemdistribuenduminterca·

1112 2145 1249 2205 nonIcos
1264 2129 1386 2206 divinIs
1397 2145 1516 2206 officiis
1528 2145 1721 2206 insistentes
1732 2147 1787 2223 pia
1799 2147 1896 2217 vobis,

1113 2243 1144 2304 et
1158 2241 1295 2317 provida
1314 2242 1513 2303 liberalitate
1529 2242 1675 2314 donavit,
1693 2259 1756 2303 nos
1774 2247 1853 2320 ejus,
1870 2247 1898 2305 et

1112 2339 1232 2399 vestris
1253 2339 1407 2415 precibus
1427 2338 1591 2410 inclinati,
1620 2339 1831 2402 donatiouem
1851 2341 1898 2418 ip·

1114 2451 1196 2508 sam,
1218 2435 1303 2497 sicut
1326 2437 1440 2512 pieac
1464 2436 1600 2512 provide
1624 2435 1713 2497 lacta
1736 2439 1898 2509 estatio

1114 2533 1220 2608 ipsius
1251 2533 1397 2608 episcopi
1429 2532 1552 2594 litteris
1574 2533 1764 2594 continetur
1789 2537 1865 2596 auct
1881 2567 1897 2579 -

1113 2630 1211 2692 ritate
1245 2629 1439 2706 Apostolica
1477 2629 1723 2702 confirmamus,
1759 2631 1791 2691 et
1822 2648 1901 2708 pra-

1114 2726 1217 2787 sentis
1261 2727 1377 2804 scripti
1420 2727 1605 2804 patrocinio
1652 2729 1896 2788 communimus.

1118 2821 1205 2881 Nulli
1218 2837 1309 2896 ergo,
1326 2823 1401 2893 etc,
1417 2822 1503 2882 hanc
1514 2823 1671 2899 paginam
1691 2825 1814 2884 nostras
1828 2839 1900 2884 cou-

1115 2917 1310 2979 iirmatIonis
1345 2918 1538 2994 infringere,
1567 2920 1628 2981 etc.
1668 2920 1704 2980 Si
1739 2921 1812 2997 quis
1845 2937 1900 2982 au·

1114 3014 1191 3087 tem,
1206 3015 1398 3077 stabolum
1416 3016 1583 3088 Laterani,
1601 3017 1647 3077 111
1659 3017 1735 3077 idus
1746 3017 1896 3094 januarii,

1115 3125 1314 3174 aunonooo.

1448 3359 1577 3447 LXIII

1116 3511 1166 3570 Ad
1176 3511 1373 3582 nouercam,
1389 3513 1586 3592 episcopam
1603 3515 1893 3587 vesprimiensem.

1381 3649 1414 3706 16
1425 3647 1551 3721 januarii
1567 3651 1646 3708 1225.

1205 3773 1333 3837 [Theiner,
1346 3773 1458 3826 bionum,
1472 3774 1615 3838 ilungariac,
1629 3775 1648 3832 I,
1659 3775 1699 3834 5¹,
1710 3791 1736 3826 n.
1753 3777 1818 3841 lll.]

1115 3899 1257 3955 Honorius
1270 3899 1310 3955 111
1325 3899 1507 3966 sententiam,
1522 3899 1691 3973 adoputatia
1703 3900 1897 3976 judicibnspm

1149 3987 1284 4059 episcopo
1305 3987 1512 4058 vesprimiensi
1534 3997 1632 4045 contra
1653 3989 1792 4061 quosdam
1815 3993 1896 4048 eccle·

1149 4076 1258 4132 siarum¹
1271 4081 1397 4131 rectores
1411 4077 1508 4144 latam,
1522 4077 1682 4134 confirmat.

1154 4209 1322 4269 Honorius
1330 4210 1516 4286 episcopua
1529 4227 1645 4271 servus
1656 4227 1825 4274 servorum
1834 4213 1894 4284 Dei,

1114 4306 1269 4384 episcopo
1282 4307 1535 4384 vesprimiensi,
1555 4308 1694 4370 salutem
1714 4312 1748 4371 et
1761 4313 1895 4388 Aposto-

1114 4402 1213 4462 licam
1229 4403 1504 4466 benedictionem.

1154 4503 1199 4559 Ea
1211 4516 1284 4576 qliae
1291 4501 1418 4576 jndicio
1432 4501 1484 4561 vel
1500 4503 1678 4563 eoncordia
1688 4505 1898 4565 terminantur

1114 4597 1209 4657 firma
1234 4597 1355 4658 debent
1378 4599 1410 4658 et
1437 4597 1566 4660 illibata
1586 4600 1767 4674 persistere
1798 4603 1837 4674 et,
1861 4615 1896 4660 ne

1113 4693 1149 4754 in
1173 4693 1327 4756 recidivae
1354 4695 1575 4756 contentionis
1602 4699 1794 4774 scrupulum
1819 4699 1897 4759 rela-
1962 4721 1986 4766 χ

1113 4790 1246 4864 bantur,
1270 4791 1462 4867 apostolico
1478 4793 1633 4854 convenit
1646 4795 1801 4870 praesidio
1817 4811 1897 4858 com-

1114 4887 1247 4949 muniri.
1272 4889 1464 4964 Eapropter,
1491 4890 1694 4952 venerabilis
1718 4892 1753 4952 in
1778 4891 1894 4953 Christo
1985 4919 1986 4930 κ

1113 4985 1225 5056 frater,
1247 4985 1313 5047 tuis
1333 4986 1433 5062 justis
1452 4987 1628 5063 postulatis
1647 4990 1742 5064 grato
1765 5005 1894 5052 concur·
1985 4973 1986 5044 J

1114 5084 1224 5144 rentes
1262 5099 1413 5155 assensu,
1453 5083 1657 5147 definitivam
1697 5088 1892 5156 sententiam,

1114 5196 1212 5256 quam
1233 5179 1334 5241 abbas
1350 5181 1383 5240 et
1402 5181 1494 5257 prior
1518 5184 1629 5244 Sancti
1646 5184 1815 5268 Gothardi,
1834 5185 1892 5244 et..

1114 5277 1657 5356 praepositusGueuriensisprote
1672 5281 1893 5344 contraObuse
1985 5327 1986 5336 ,

1114 5373 1154 5434 de
1176 5375 1311 5435 Vrustin
1337 5375 1488 5436 Omnium
1514 5377 1723 5450 Sanctorum,
1748 5381 1780 5440 et
1802 5377 1893 5440 vitus
1985 5387 1986 5468 p

1114 5471 1154 5532 de
1169 5471 1335 5533 Horvarth
1355 5473 1468 5534 Sancti
1483 5475 1630 5546 Martini,
1648 5479 1681 5536 et
1696 5477 1779 5536 alios
1794 5475 1891 5536 eccle·
1985 5491 1986 5544 i

1115 5569 1238 5632 siarum
1267 5569 1306 5630 de
1340 5570 1417 5632 Zala
1443 5571 1665 5649 presbyteros,
1699 5588 1796 5651 super
1824 5571 1893 5632 obe-
