4018 6320
703 369 931 432 nrrsromn.
954 367 1032 428 una.
1056 319 1114 426 rx.

404 543 567 662 xxxiv
591 567 595 578 ·

84 704 134 762 Ad
158 701 443 773 archiepiscopos,
473 698 658 769 episcopos,
687 690 823 752 ohhotcs
847 689 881 749 ct

122 801 307 858 urttoersos
338 799 374 856 tn
399 795 545 866 tropario
577 787 880 856 aceruatarum

122 897 284 956 Macram
296 891 508 955 constitutos.

347 1029 528 1090 issnovemb.
543 1028 622 1086 irat.
714 1039 719 1048 ·

132 1159 258 1222 fflegcst„
269 1156 314 1206 lib.
329 1155 372 1212 nt,
389 1169 429 1218 ep.
442 1153 481 1202 83.
495 1153 551 1202 lisa.
566 1146 834 1211 turonensium]

146 1280 265 1340 Mandat
279 1283 321 1338 eis
334 1277 408 1337 utde
423 1279 506 1336 bonis
520 1279 646 1351 ipsorum
662 1273 819 1332 marchioni

210 1369 411 1430 Montislerrati
426 1365 583 1425 subsidium
598 1363 756 1421 conterant.

122 1507 304 1578 Honorius
329 1506 404 1576 etc,
440 1500 687 1566 venerabilibus
724 1497 880 1560 iratribus

84 1604 346 1682 archiepiscopis
375 1602 408 1663 et
433 1599 609 1678 episcopis,
638 1597 823 1668 abbatibus
849 1597 882 1657 et

84 1694 265 1781 prioribus,
292 1717 332 1763 ac
355 1699 487 1762 clericis
503 1697 765 1768 universatem
784 1697 880 1756 Grae-

84 1801 131 1862 cis
145 1815 247 1876 quam
271 1798 410 1870 Latinis,
427 1800 495 1858 tam
512 1794 659 1873 prelatis
679 1808 778 1883 quam
800 1791 881 1854 sub-

84 1897 173 1968 ditis,
184 1899 254 1959 tam
265 1895 431 1971 religiosis
444 1909 542 1970 quam
553 1889 780 1963 sacularibus,
791 1892 883 1950 Tem-

83 1995 203 2071 plariis
219 2007 359 2070 quoque,
382 1995 415 2055 et
435 1990 671 2068 Hospitalariis
691 1988 726 2048 in
740 1987 881 2064 imperio

84 2090 258 2153 Romania
273 2089 356 2151 citra
367 2089 513 2152 Macram
527 2085 725 2156 constitutis,
741 2085 881 2145 salutem

84 2189 115 2250 et
128 2186 355 2264 Apostolieam
365 2183 640 2247 benedictionem.

120 2285 226 2348 Juxta
250 2284 389 2362 vulgare
419 2281 629 2362 proverbium
651 2295 718 2342 non
745 2279 795 2341 est
815 2277 881 2353 legi

84 2381 236 2459 subjecta
251 2380 443 2452 necessitas,
461 2379 493 2440 et
508 2376 735 2440 acerbioribus
758 2374 881 2437 morbis

85 2493 224 2540 necesse
240 2481 290 2541 est
304 2478 493 2540 acerbiores
509 2491 674 2554 opponere
684 2474 879 2560 medicinas.

86 2580 172 2639 Sane
189 2578 224 2637 in
236 2575 563 2654 quantodiscrimine
578 2573 645 2634 sint
659 2572 808 2634 universi
822 2573 882 2632 La·

87 2674 146 2734 tini
160 2675 382 2736 consistentes
401 2674 436 2734 in
458 2673 598 2750 imperio
615 2671 798 2742 Romaniae,
814 2684 881 2730 non

85 2773 216 2848 oportet
234 2787 294 2832 nos
309 2771 402 2833 vobis
423 2785 589 2848 exponere
613 2769 734 2840 verbis,
758 2783 833 2828 cum
847 2766 880 2827 id

81 2870 211 2945 jugiter
224 2867 443 2946 experiamini
455 2868 563 2928 iactis.
578 2869 647 2928 Nos
657 2866 760 2942 igitur
773 2865 813 2925 de
828 2879 882 2926 vo·

84 2965 146 3038 his,
164 2967 200 3027 et
213 2981 273 3042 pro
288 2966 382 3027 vobis
399 2967 538 3043 paterno
553 2965 729 3026 anxiantes
744 2962 877 3032 affectu,

84 3064 116 3126 et
139 3064 241 3124 simul
265 3064 443 3139 pensantes
467 3077 565 3139 quam
591 3061 818 3123 necessarium
838 3059 882 3120 sit

84 3161 219 3236 negotio
233 3163 344 3221 Terrae
358 3161 498 3231 Sanctae,
516 3161 551 3221 ut
563 3159 667 3220 status
687 3158 881 3219 Latinorum

84 3258 118 3318 in
145 3259 220 3335 ipso
249 3257 389 3333 imperio
410 3254 663 3320 consistentium
693 3255 878 3327 roboretur,

84 3355 243 3418 dilectum
257 3355 362 3415 lilium
378 3354 521 3416 nobilem
537 3355 645 3416 virum
663 3353 879 3425 Wiilelmum‚

84 3453 310 3514 marchionem
334 3451 585 3524 Montisierrati,
614 3452 655 3513 ad
669 3514 672 3520 ,
687 3466 880 3512 succursum

85 3549 192 3626 ipsius
218 3549 350 3626 imperii
364 3550 434 3609 tum
455 3547 677 3624 generositate
705 3549 882 3625 magnani-

85 3646 211 3708 mitatis
232 3645 367 3718 innatae,
383 3648 452 3706 tum
475 3645 639 3707 desiderio
659 3646 881 3723 prosequendi

81 3747 180 3803 'suam
207 3746 239 3804 et
265 3743 430 3804 carissimi
463 3743 498 3803 in
527 3741 657 3805 Christo
686 3743 747 3804 tilii
775 3743 880 3804 nostri

85 3840 244 3900 Demetrii
286 3839 425 3902 illustris
457 3839 546 3916 regis
574 3839 880 3902 Thessalonicensis

84 3937 198 4000 iratris
213 3937 453 4014 adjustitiam,
468 3935 711 3998 ferventissime
724 3937 880 4014 aspiran-

84 4036 211 4106 tem,in
222 4033 412 4112 hujusmodi
423 4034 630 4112 propositoet
640 4034 805 4096 desiderio
815 4037 881 4097 stu·

85 4132 274 4194 diesissime
289 4131 508 4194 corroborare
523 4132 724 4204 curavimus,
740 4148 807 4195 non
820 4149 878 4194 so-

84 4229 152 4290 lum
182 4228 247 4292 sibi
274 4229 494 4292 ministrando
509 4230 545 4290 in
570 4229 675 4292 multa
697 4231 879 4306 quantitate

84 4329 271 4402 pecuniam,
287 4327 344 4388 sed
360 4329 392 4389 et
406 4327 496 4388 viros
512 4329 665 4388 strenuos
685 4326 725 4390 de
741 4328 879 4405 provin-

85 4424 146 4485 ciis
159 4423 450 4486 circumstantibus
470 4425 511 4486 ad
532 4424 683 4486 eumdem
708 4441 782 4486 cum
806 4426 879 4502 ipso

83 4521 281 4598 apostolicis
294 4521 510 4598 indulgentiis
523 4522 710 4583 excitando.
724 4523 879 4601 Idemque

83 4619 232 4680 marchio
246 4621 316 4681 tum
330 4635 391 4696 per
409 4635 503 4680 suam
523 4617 792 4694 sollicitudinem,
807 4621 877 4682 tum

1672 355 1732 416 722

936 527 1023 588 sicut
1034 521 1300 599 magnanimiter,
1320 519 1367 583 ita
1385 517 1565 595 magnilica
1578 513 1732 594 proposi-

936 626 1007 686 tum
1020 624 1085 684 iter
1102 620 1280 697 arripiens,
1302 623 1428 678 moram
1444 631 1541 694 quam
1566 612 1731 676 acerbitas

935 721 1140 784 infirmitatis
1156 718 1351 794 ingesserat,
1378 715 1542 776 redimere
1560 711 1731 773 celeritate
1769 705 1775 710 '

937 819 1083 894 satagit:
1100 816 1186 894 quod
1200 816 1277 893 quia
1293 829 1360 875 non
1381 813 1487 889 potuit
1505 813 1575 873 tum
1597 809 1731 886 propter

935 917 1113 978 instantem
1122 915 1265 976 hiemem
1274 912 1517 987 ettempusjam
1527 907 1730 970 contrarium

936 1013 1154 1089 navigationi,
1172 1011 1304 1088 quando
1326 1008 1477 1086 pervenit
1493 1005 1729 1076 Brundusium,

935 1108 1328 1188 tumpropterdeiectum
1355 1106 1545 1182 sumptuum
1569 1117 1728 1164 necessa·
1816 1175 1821 1186 Ι

935 1209 1062 1270 riorum
1082 1209 1173 1270 tanto
1194 1206 1339 1282 negotio,
1364 1203 1525 1265 delectam
1541 1199 1731 1262 multitudi-
1771 1246 1775 1258 .

936 1321 1012 1367 nem
1024 1305 1070 1366 ihi
1081 1305 1219 1366 retinuit
1235 1319 1309 1364 cum
1322 1319 1361 1363 ea
1383 1301 1526 1366 instanti
1547 1297 1666 1360 martio
1681 1295 1733 1357 ie-

935 1403 1056 1474 liciter,
1082 1402 1194 1463 divina
1216 1401 1350 1463 favente
1373 1399 1494 1475 gratia,
1516 1397 1729 1466 transiturus,

936 1501 1036 1578 atque
1051 1499 1091 1561 ad
1117 1499 1150 1560 id
1175 1499 1237 1560 sibi
1263 1498 1458 1568 exercitum,
1475 1497 1508 1557 et
1532 1493 1732 1555 seinvicem

936 1597 1100 1659 exercitui
1109 1597 1299 1674 juramento
1313 1593 1525 1658 constrinxit.

980 1696 1143 1757 Caeterum
1163 1695 1240 1772 quia
1256 1709 1339 1755 onus
1360 1691 1494 1754 interim
1519 1687 1732 1751 ministrandi

935 1795 1038 1856 tantae
1079 1791 1284 1854 multitudini
1325 1789 1526 1860 necessaria,
1554 1789 1588 1849 et
1612 1785 1732 1848 deinde

934 1890 1102 1952 tractandi
1116 1889 1265 1951 eamdem
1280 1903 1354 1950 cunr
1370 1886 1556 1963 stipendiis,
1572 1885 1605 1946 et
1623 1897 1731 1960 appa-

936 1988 1064 2050 ratibus
1079 1986 1273 2065 opportunis
1282 1987 1378 2064 quasi
1393 1984 1569 2063 quamdam
1588 1980 1734 2042 intinita-

935 2087 1002 2147 tem
1025 2086 1251 2162 impensarum
1277 2083 1438 2160 exposcit,
1464 2079 1575 2142 missis
1604 2079 1646 2140 ad
1671 2091 1733 2139 nos

936 2183 1062 2245 nuntiis
1084 2182 1154 2243 suis
1171 2181 1350 2258 postulavit
1371 2179 1544 2250 instanter,
1571 2179 1609 2238 ut
1631 2190 1732 2252 super

937 2281 1000 2342 hoc
1023 2280 1156 2358 aperire
1178 2278 1376 2356 Apostolicae
1394 2275 1595 2354 provisionis
1619 2273 1733 2334 oculos

937 2378 1163 2454 dignaremur.
1181 2378 1337 2438 [tractatu
1349 2391 1428 2451 ergo
1440 2389 1539 2450 super
1553 2373 1606 2434 his
1621 2370 1733 2432 habito

936 2476 1098 2551 diligenti,
1122 2475 1299 2552 pensantes
1326 2475 1486 2549 quantum
1510 2469 1734 2548 dejicerentur

936 2574 1039 2634 animi
1063 2573 1268 2644 Latinorum,
1296 2573 1329 2634 et
1356 2572 1516 2648 quantum
1543 2568 1732 2630 elevaretur

936 2671 1204 2737 adversariorum
1218 2670 1371 2741 audacia,
1385 2670 1414 2729 si
1426 2669 1538 2730 tantus
1551 2666 1629 2728 dicti
1643 2655 1751 2726 mar-'

937 2769 1067 2830 chionis
1082 2769 1220 2829 conatus
1236 2767 1371 2844 propter
1385 2781 1607 2842 expensarum
1622 2763 1735 2824 delec-

936 2867 1016 2938 tum,
1047 2866 1133 2942 quod
1168 2864 1265 2937 absit,
1302 2864 1430 2926 inutilis
1463 2863 1668 2931 redderetur,
1701 2860 1734 2922 et

937 2965 1096 3042 qnantum
1108 2979 1168 3040 per
1185 2977 1392 3039 consequens
1413 2960 1496 3038 ipsis
1521 2959 1649 3022 Latinis
1664 2959 1733 3019 im-

937 3062 1077 3125 mineret
1101 3076 1213 3122 rernm
1236 3075 1521 3138 personarumque
1539 3044 1730 3130 discrimen,

936 3176 976 3222 ac
989 3158 1196 3221 attendentes
1209 3157 1314 3218 satius
1329 3173 1403 3229 esse
1413 3157 1545 3218 utbona
1556 3157 1678 3227 vestra,
1696 3155 1729 3216 et

936 3257 1154 3319 ecclesiarum
1181 3256 1370 3318 vestrarum
1396 3269 1456 3332 pro
1473 3252 1732 3316 manutenendo

937 3353 1069 3432 imperii
1109 3355 1198 3416 statu
1233 3352 1484 3414 communicetis
1516 3352 1557 3414 ad
1590 3352 1730 3428 tempus,

936 3467 1034 3531 qnam
1049 3467 1089 3513 ea
1104 3453 1217 3514 omnia
1231 3452 1390 3528 perpetuo
1406 3451 1578 3522 amittatis,
1599 3449 1640 3510 de
1663 3449 1734 3510 ira-

936 3553 1022 3612 trum
1038 3552 1227 3612 nostrorum
1243 3549 1383 3610 consilio
1404 3547 1538 3625 propter
1561 3547 1733 3623 urgentem

936 3649 1169 3709 necessitatem
1179 3647 1335 3707 duximus
1357 3645 1579 3717 statuendum,
1600 3645 1637 3706 ut
1657 3659 1731 3705 om-

937 3746 1028 3806 nium
1056 3745 1243 3807 vestrorum
1261 3746 1482 3822 proventuum
1507 3743 1607 3821 hujus
1635 3741 1728 3810 anni,

936 3843 1148 3919 omniumque
1174 3841 1318 3902 aliorum
1341 3840 1526 3912 mobilium,
1552 3855 1625 3917 quaa
1640 3854 1730 3901 nuno

935 3938 1064 4000 habetis
1080 3939 1114 4000 in
1130 3940 1202 4016 ipso
1226 3937 1377 4016 imperio,
1402 3937 1551 4014 exceptis
1571 3937 1733 4000 duntaxat

935 4037 1151 4099 ecclesiarum
1166 4037 1336 4099 thesauris
1349 4036 1462 4098 divino
1478 4036 1581 4098 cultui
1596 4036 1733 4100 dedica-

933 4133 1729 4214 tis,dequibusaliterprocuravimusprovidere,

934 4249 974 4295 ac
1001 4233 1149 4309 exeeptis
1174 4232 1324 4295 vestibus
1357 4234 1390 4294 et
1417 4233 1511 4310 equis
1537 4233 1730 4310 quotidiano

934 4329 1009 4390 usui
1025 4328 1238 4401 necessariis,
1255 4345 1295 4390 ac
1309 4329 1538 4401 ustensilibus,
1555 4328 1591 4389 in
1612 4327 1730 4406 quibus

933 4443 1000 4488 non
1014 4428 1066 4488 est
1082 4442 1212 4498 aurum,
1239 4427 1292 4487 vel
1315 4418 1499 4502 argentum,
1521 4428 1580 4488 aut
1602 4424 1730 4502 lapides

934 4526 1081 4602 pretiosi,
1110 4525 1319 4588 medietatem
1348 4525 1535 4586 marchioni
1571 4523 1728 4600 praedicto

933 4622 994 4682 sub
1006 4623 1229 4699 jurisjnrandi
1252 4621 1415 4697 religione
1430 4621 1560 4698 integre
1574 4621 1729 4684 coniere-

75 4719 302 4792 ‘pernostram
313 4716 782 4780 tantumactalemabaestate
797 4735 879 4796 prae-
932 4721 985 4782 tis.
1005 4722 1053 4782 lta
1068 4720 1155 4797 quod
1181 4734 1243 4781 neo
1268 4719 1459 4796 Templarii,
1487 4735 1548 4780 nec
1572 4719 1731 4797 Hospita·

83 4814 178 4876 terita
193 4814 407 4890 congregavit
417 4815 611 4887 exercitum,
624 4816 711 4892 quod
726 4815 791 4876 nisi
801 4831 877 4878 eum
932 4817 1021 4892 larii,
1039 4833 1100 4878 nec
1124 4815 1363 4878 cistercienses
1383 4831 1445 4878 nec
1459 4816 1563 4893 aliqui
1585 4817 1645 4878 alii
1666 4832 1729 4879 cu-

82 4911 257 4988 repentina
271 4911 448 4974 infirmitas
470 4915 629 4990 tempore,
660 4927 724 4990 quo
740 4913 877 4977 debebat
927 4918 1127 4992 jussumque
1142 4915 1281 4986 ordinis,
1297 4917 1355 4976 aut
1373 4914 1549 4990 religionis
1570 4916 1726 4984 existant,

84 5007 147 5070 iter
161 5009 320 5086 arripere,
336 5010 526 5082 invasisset,
541 5026 630 5072 nunc
651 5010 739 5073 sicut
756 5011 877 5073 verisi·
931 5013 964 5074 et
976 5012 1237 5090 quibuscumque
1254 5012 1371 5073 muniti
1382 5012 1450 5074 sint
1464 5011 1660 5090 privilegiis,
1674 5013 1730 5072 in-

82 5107 161 5167 mile
174 5107 224 5169 est
247 5108 280 5169 et
302 5107 440 5170 tirmiter
457 5109 614 5180 ereditur,
638 5111 728 5170 esset
751 5109 787 5169 in
809 5111 887 5171 Ro-·
931 5111 1110 5186 dulgentiis
1129 5111 1183 5170 vel
1203 5109 1409 5186 rescriptisa
1434 5111 1647 5186 praestatione
1663 5111 1728 5171 hu-

83 5205 193 5265 mania
216 5219 291 5266 cum
314 5205 406 5266 tanto
433 5203 586 5277 extortio,
610 5205 696 5282 qtrod
724 5219 775 5277 ea,
801 5221 875 5283 quae
926 5207 1072 5285 jusmodi
1085 5209 1297 5280 excusentur,
1314 5207 1370 5270 sed
1396 5223 1510 5269 omnes
1532 5208 1606 5268 sine
1625 5207 1726 5270 dilia-

84 5317 170 5362 nunc
184 5301 335 5362 diltlcilia
345 5301 501 5364 videntur
524 5303 557 5364 et
580 5317 710 5378 aspera,
730 5303 830 5380 plana
843 5305 875 5366 et
929 5305 1728 5383 rentia,etdeleotuconlerant,medietatemprae·

83 5397 192 5458 facilia
206 5397 409 5460 viderentur.
426 5398 561 5460 Distulit
575 5400 687 5461 autem
701 5400 764 5461 hcc
778 5401 875 5463 intlr-
929 5402 1092 5464 dictorum
1106 5402 1279 5464 mobilium
1290 5403 1449 5473 omnium,
1462 5402 1520 5463 aut
1531 5402 1723 5476 valentiam,

83 5495 179 5556 mitae
191 5495 275 5572 ipsa,
290 5510 357 5556 non
370 5493 515 5567 abstulit,
532 5497 609 5574 quia
622 5497 709 5558 idem
724 5499 873 5570 marchio
928 5499 1079 5562 absentia
1095 5499 1242 5572 illorum,
1261 5501 1317 5577 qui
1339 5498 1500 5560 habentes
1514 5497 1677 5562 beneticia
1692 5502 1726 5562 in

86 5589 224 5652 saninte
234 5591 379 5667 recepta,
408 5591 542 5682 collegit
556 5591 699 5662 militum
715 5594 748 5656 at
774 5593 872 5671 pedi·
928 5596 1076 5672 partibus
1091 5596 1171 5668 illis,
1189 5597 1269 5657 alibi
1285 5596 1533 5659 commorantur
1547 5611 1605 5657 eos
1617 5598 1729 5660 nulla-

84 5686 151 5748 tum
165 5701 317 5762 magnam
332 5689 366 5750 et
377 5688 547 5752 strenuam
571 5689 827 5765 multitudinem,
841 5694 874 5754 et
930 5695 1023 5755 tenus
1038 5694 1232 5766 excusante,
1251 5701 1310 5755 uec
1326 5693 1556 5770 patrocinante
1573 5694 1725 5772 cuiquam
