4080 6328
117 301 176 362 ael
599 335 602 344 λ
742 303 970 364 EPISTOLAE.
993 304 1071 364 biit.
1094 304 1134 363 X.
1696 299 1758 362 942

117 459 308 537 adimpleri,
325 461 477 523 nonnulli
491 461 730 524 canonicorum
745 479 781 524 se
799 462 841 525 ab
854 477 913 524 ea-
966 463 1052 535 tunt,
1078 463 1186 525 tutum
1215 461 1279 523 sibi
1303 461 1373 524 lore
1397 477 1463 523 non
1488 459 1639 534 aestimet,
1655 459 1693 521 ut
1714 460 1756 520 ad

117 558 193 618 dem
212 544 353 620 ecelesia
367 574 426 636 pro
439 559 840 621 necessariornmdelectu
858 559 913 620 ab·
967 560 1133 621 civitatem
1155 559 1207 620 uel
1229 559 1397 620 dioecesim
1418 559 1655 634 Maguntinam.
1667 573 1772 618 acce·

118 658 253 716 sentare
269 658 442 731 coguntur,
453 659 588 733 propter
600 657 686 733 qnod
702 657 789 720 diota
805 657 913 718 eccle·
967 657 1033 728 dat,
1042 657 1184 734 quod,ut
1195 659 1358 733 proponit,
1368 655 1597 732 sinepericulo
1608 655 1757 732 corporis

117 753 170 814 sia
184 753 302 814 debitis
318 753 486 830 obsequiis
501 753 730 829 defraudatum
748 755 787 815 de
800 761 912 816 vestra
967 753 1076 815 tacere
1106 769 1172 814 non
1195 755 1331 826 valeret,
1354 754 1524 814 humiliter
1547 753 1755 829 supplicavit,

115 851 232 928 itaque
256 851 550 926 circumspectione
571 851 701 928 plenam
719 852 754 912 in
773 852 912 912 Domino
968 854 1003 912 ut
1031 851 1291 912 misericorditer
1314 851 1562 926 indulgeremus
1581 849 1699 921 eidem,
1717 865 1758 910 ne

117 948 275 1008 fiduciam
293 947 489 1020 obtinentes,
507 948 699 1010 discretioni
718 950 838 1010 restrae
855 965 913 1025 per
967 949 1103 1010 vocatus
1120 963 1139 1009 a
1153 949 1186 1011 te
1201 948 1454 1026 metropolitano
1467 948 1574 1024 ipsius
1589 947 1629 1008 ad
1642 947 1758 1008 conci-

117 1045 310 1120 apostoliea
336 1044 459 1120 scripta
488 1045 706 1117 mandamus,
737 1047 910 1122 quatenns
968 1047 1049 1106 lium
1065 1045 1117 1106 rel
1130 1046 1171 1106 ad
1192 1047 1259 1106 alia
1278 1047 1393 1107 venire
1408 1045 1629 1122 personaliter
1645 1047 1761 1106 tenea-

117 1142 280 1218 inpuisita
301 1157 402 1218 super
420 1141 603 1218 praemissis
625 1144 658 1204 et
677 1143 809 1218 cognita
824 1143 912 1204 ueri·
967 1145 1032 1214 tur,
1050 1144 1108 1204 sed
1123 1159 1159 1204 se
1174 1159 1233 1220 per
1250 1143 1414 1204 solemnes
1428 1145 1461 1204 et
1475 1142 1611 1204 idoneos
1624 1143 1759 1203 nuntios

116 1241 203 1307 tate,
220 1238 423 1316 provideatis
435 1255 534 1316 super
545 1239 599 1310 iis,
618 1241 715 1316 prout
732 1240 913 1300 secundum
968 1241 1190 1317 praesentare;
1207 1241 1392 1318 praesertim
1422 1257 1495 1301 curn
1520 1240 1760 1316 praenominato

103 1337 271 1414 ejusdem
285 1336 436 1397 ecclesiae
453 1337 629 1398 utilitatem
644 1337 795 1398 videritis
811 1352 915 1412 expe-
968 1339 1171 1399 antecessori
1184 1355 1244 1399 suo
1258 1339 1391 1415 propter
1405 1338 1627 1414 suspicionem
1643 1337 1761 1414 hujus-

117 1433 208 1494 dire.
230 1433 347 1495 Datum
370 1433 485 1507 Reate,
503 1437 532 1495 V
555 1433 633 1494 idus
653 1433 807 1504 octobris,
824 1450 913 1495 anno
969 1436 1056 1497 modi
1083 1451 1103 1496 a
1131 1435 1214 1498 Sede
1243 1435 1433 1512 apostoliea
1459 1435 1621 1498 indultum
1658 1434 1761 1495 luisse

117 1530 260 1592 decimo.
969 1535 1141 1611 proponat,
1159 1550 1200 1595 ne
1215 1533 1256 1593 ad
1272 1533 1483 1610 praesentiam
1499 1536 1589 1594 tuam
1601 1547 1761 1610 persona-

968 1631 1047 1692 liter
1068 1631 1229 1693 accedere
1251 1631 1431 1693 teneretur.
1458 1633 1526 1692 Nos
1550 1645 1630 1691 vero
1656 1629 1761 1707 ipsius
1856 1673 1867 1693 s

443 1753 589 1841 XLVII
969 1728 1266 1806 supplicationibus
1304 1729 1501 1801 annitentes,
1529 1745 1630 1804 quum
1663 1743 1760 1788 nemo

969 1825 1087 1888 debeat
1101 1826 1165 1888 sibi
1184 1826 1346 1904 suspectis
1366 1827 1399 1887 et
1419 1825 1563 1887 inimicis
1581 1825 1714 1902 exponi,
1729 1823 1763 1886 et

222 1909 273 1968 Ad
299 1907 502 1982 Stdffidumv
524 1907 816 1980 ai'cllissilssffllium
969 1923 1121 1999 geminus
1136 1927 1204 1986 tarn
1232 1923 1314 1986 dirae
1336 1923 1603 2001 praesumptionis
1626 1922 1761 1983 illorum

392 2001 648 2080 mappularum.
969 2020 1107 2082 conatus
1123 2023 1250 2084 terrere
1271 2020 1376 2098 possit
1390 2021 1540 2082 eamdem
1555 2021 1759 2098 episcopum,

398 2143 430 2198 ll
446 2139 539 2200 octob.
556 2141 635 2200 litt.
969 2119 1006 2180 ut
1032 2118 1151 2181 merito
1175 2119 1239 2180 sibl
1263 2117 1391 2188 debeat,
1412 2119 1555 2198 qualiter
1578 2121 1686 2181 cesset
1709 2117 1724 2178 t
1744 2150 1763 2163 -

252 2263 421 2332 maresuan
443 2265 514 2316 Nova
528 2263 643 2315 subsidia
667 2265 701 2317 w
727 2264 793 2330 ¹34]
969 2215 1064 2277 nesta
1079 2216 1245 2294 pernicies
1260 2218 1292 2279 et
1305 2217 1389 2279 tanti
1409 2217 1532 2278 luroris
1546 2214 1762 2278 subtrahatur

425 2303 431 2324 '
645 2301 652 2322 '
703 2300 710 2324 '
774 2303 780 2314 '
970 2313 1120 2386 materia,
1155 2315 1342 2391 providere,
1372 2314 1573 2376 fraternitati
1600 2315 1667 2376 ture
1703 2329 1762 2390 per

115 2393 162 2449 Ne
176 2391 341 2490 ⁶9¹⁸⁰⁰P¹¹f¹¹
355 2388 589 2489 ΗΘΓΜΡΟῙΒΡΒΘΠ]
605 2403 639 2444 ³¹
653 2389 749 2488 ⁰³9⁸&
763 2386 915 2461 ⁰⁰¹¹¹P³¹¹³t
968 2411 1157 2487 apostoliea
1168 2412 1291 2489 scripta
1307 2413 1503 2474 mandamus
1515 2414 1678 2488 quatenus
1689 2427 1764 2472 oon·

255 2493 353 2536 veum
368 2479 555 2550 p²s³⁰¹¹⁸¹¹¹⁹f
570 2475 606 2534 ³⁶
620 2476 783 2534 ⁰⁰⁰⁰¹¹¹¹¹¹¹¹·
968 2511 1021 2570 tra
1040 2511 1189 2572 tenorem
1210 2509 1317 2586 ipsius
1344 2509 1560 2586 indulgentia
1586 2509 1761 2586 praelatum

160 2612 339 2681 Honorius,
356 2610 628 2684 etc.,venerabili
643 2610 775 2671 tratri...
793 2610 911 2672 arebi-
970 2606 1159 2683 episcopum
1183 2608 1224 2668 ad
1251 2608 1464 2684 praesentiam
1490 2609 1580 2668 tuam
1605 2607 1764 2667 accedere

115 2711 276 2788 episcopo
291 2709 498 2786 Maguntino,
516 2709 668 2779 salntem,
684 2709 746 2770 etc.
969 2719 1036 2765 non
1052 2705 1241 2781 compellas,
1257 2704 1441 2777 contentus,
1455 2705 1539 2782 qnod
1557 2705 1584 2764 si
1599 2703 1660 2765 tibi
1676 2719 1763 2780 prae-

160 2811 226 2869 Pro
250 2807 441 2868 diversitate
465 2821 641 2866 causarum
663 2805 757 2866 varia
785 2802 915 2880 oportet
970 2801 1077 2862 santet
1100 2819 1199 2878 quum
1233 2817 1308 2862 eum
1337 2817 1357 2862 a
1382 2804 1415 2863 te
1440 2801 1553 2864 uocari
1586 2800 1764 2877 contigerit

115 2905 267 2966 remedia
292 2904 448 2975 inveniri,
466 2918 566 2980 quum
590 2917 652 2963 nec
674 2899 815 2978 singulis
836 2901 913 2960 lan·
969 2913 1029 2975 per
1054 2898 1191 2959 idoneos
1220 2900 1354 2961 nuntios
1377 2899 1411 2960 et
1438 2898 1612 2960 solemnes.
1644 2897 1761 2958 Datum

115 3001 280 3078 guoribus
296 3001 394 3062 unica
419 3001 462 3062 sit
485 3001 671 3077 opportuna
695 2999 836 3065 curatio,
853 3012 914 3058 nec
970 2995 1084 3062 Reate,
1103 2997 1132 3056 V
1153 2995 1227 3056 idus
1252 2995 1407 3064 octobris,
1424 2995 1633 3072 pontificatus
1655 2995 1762 3056 nostri

116 3098 353 3164 convenientia
367 3097 512 3160 existant
534 3097 592 3158 uni
617 3095 731 3157 morbo
766 3094 915 3156 antidota
970 3091 1204 3154 annodecimo.

116 3197 289 3258 uniuersa.
317 3197 431 3272 Nuper
466 3209 547 3255 sano
575 3192 777 3256 uenerabilis
812 3191 916 3252 irater
1282 3225 1448 3313 XLVIII

116 3294 274 3355 noster...
291 3290 540 3368 Herbipolensis
555 3291 730 3368 episcopus
744 3288 839 3349 nobis
855 3303 916 3348 ex-

116 3391 241 3470 posuit,
256 3390 343 3468 quod
364 3405 464 3466 quum
480 3387 541 3449 tilii
558 3387 675 3458 Belial,
697 3385 826 3448 nobiles
846 3385 916 3464 qui·
1009 3379 1061 3440 Ad
1075 3379 1367 3452 arehiepiscopum
1383 3381 1586 3440 tremensem
1603 3378 1636 3439 et
1649 3381 1723 3452 ejus

117 3490 196 3550 dam
211 3490 243 3550 et
259 3489 408 3564 potentes
424 3485 573 3562 regionis
584 3486 677 3546 illius
694 3501 767 3546 eum
782 3484 916 3560 compli-
1241 3476 1494 3551 suffraparteos.

116 3587 215 3649 cibus
229 3585 430 3656 eorumdem,
448 3583 543 3646 bonae
560 3583 729 3644 memoriae
740 3581 915 3656 C...ipsins
1234 3613 1399 3671 novemb·
1422 3613 1500 3671 ¹225·

116 3687 366 3746 antecessorem
393 3682 425 3743 et
459 3680 743 3756 consanguineum
772 3677 915 3738 occidis-

72 3853 75 3858 ,
117 3783 208 3853 sent,
224 3782 289 3858 ipsi
304 3793 378 3840 cum
392 3780 461 3841 tota
475 3778 668 3855 posteritate
687 3775 784 3853 prout
796 3775 914 3850 exige-

117 3881 177 3943 bat
187 3877 394 3940 crudelitatis
404 3891 562 3937 excessus
576 3875 682 3952 puniti
697 3873 842 3944 fuerunt,
859 3872 915 3948 qui
970 3863 1102 3934 Praecipit
1116 3863 1143 3920 ei
1157 3869 1188 3920 ut
1203 3860 1352 3919 abbatibus
1371 3861 1503 3920 dioecesis
1524 3875 1584 3920 sue
1607 3862 1762 3936 capitulum

117 3976 329 4055 postmodnm
344 3977 436 4036 tanto
449 3973 575 4034 scelere
590 3987 656 4034 non
672 3970 829 4042 contenti,
845 3984 916 4030 suc·
1005 3950 1151 4008 ⁰⁰¹⁰bffl¹0
1162 3951 1332 4018 V⁰¹0sstib¹¹b
1347 3949 1515 4022 wiiissessdi
1531 3966 1594 4024 (1¹¹oe
1606 3951 1761 4024 witigem,

118 4071 390 4136 cessoremillius
405 4068 669 4132 videlicetbonae
681 4067 913 4128 memoriae.....
1006 4053 1038 4096 ’θ
1064 4053 1121 4096 ¹¹⁰⁰
1146 4046 1272 4112 ⁰PP⁰¹¹³²
1295 4039 1429 4112 ¹9⁸⁰⁸q¹²0
1448 4039 1565 4098 ''bbfflffl
1588 4037 1762 4098 ⁸⁰¹⁰V0¹¹d⁰⁸

118 4170 394 4248 Herbipolensem
422 4167 624 4244 episcopum,
651 4167 724 4242 eJus
761 4165 916 4240 patruum
1006 4134 1149 4186 flumem·

119 4270 188 4331 nisi
212 4270 289 4330 sunt
313 4265 475 4336 occidere,
492 4266 650 4341 tanquam
666 4262 722 4340 qui
739 4263 915 4340 episcopa·
1009 4254 1190 4328 Honorius,
1207 4257 1282 4328 ete,
1299 4255 1545 4317 venerabilibus
1565 4255 1761 4318 tratribus...

119 4369 187 4429 lem
216 4365 411 4441 dignitatem
437 4361 625 4423 didicerant
650 4359 726 4420 suso
753 4359 915 4435 sanguine
970 4351 1222 4430 archiepiscopo
1236 4353 1392 4416 Remensi
1403 4355 1436 4414 et
1446 4353 1666 4429 suffraganeis
1677 4355 1760 4430 ejus,

119 4464 302 4535 maculare,
319 4459 552 4539 propterquod
567 4459 741 4535 episcopus
754 4457 825 4532 ipse
838 4471 856 4516 a
871 4455 917 4516 ia·
971 4449 1123 4520 salutem,
1141 4450 1202 4511 etc.

119 4563 172 4624 cie
187 4561 317 4638 lugiens
336 4557 566 4621 tribulantium
579 4555 851 4630 Herbipolensem
867 4554 917 4614 oi·
1011 4549 1091 4607 Cum
1107 4563 1149 4608 ex
1164 4546 1273 4608 osflcio
1298 4550 1412 4608 nostro
1436 4547 1631 4623 religionem
1652 4546 1764 4609 favere

119 4661 257 4723 ritatem
282 4655 428 4718 deseruit
452 4657 485 4716 et
507 4654 695 4724 ecclesiam,
719 4652 832 4728 sicque
858 4650 917 4710 uix
970 4644 1164 4715 teneamini,
1182 4645 1215 4705 et
1228 4645 1262 4703 in
1277 4645 1373 4706 suavi
1387 4647 1458 4722 ejus
1472 4645 1573 4706 odore
1588 4646 1764 4708 conueniat

120 4765 240 4819 manus
255 4765 369 4816 eornm
383 4753 500 4814 erasit.
518 4751 612 4813 Unde
627 4751 661 4810 in
677 4764 808 4825 poenam
819 4748 915 4824 ipso·
972 4741 1143 4813 delectari,
1158 4743 1287 4817 oportet
1303 4757 1362 4802 vos
1381 4743 1649 4815 sollicitudinem,
1666 4745 1699 4805 et
1714 4743 1765 4803 di-

121 4871 195 4917 rum
210 4855 297 4915 bona
312 4867 373 4914 sua
388 4849 569 4912 extiterunt
581 4847 621 4909 ad
645 4847 730 4908 alios
748 4845 913 4906 devoluta.
972 4839 1146 4914 ligantiam
1175 4839 1344 4911 adhibere,
1364 4841 1400 4902 ut
1417 4840 1451 4900 in
1466 4840 1638 4916 provincia
1652 4842 1765 4903 vestra

122 4953 171 5014 Ob
196 4951 259 5012 hoc
288 4965 367 5024 ergo
402 4946 552 5024 praedieti
582 4943 814 5005 malefactores
842 4957 917 5003 cum
972 4953 1033 4998 nec
1045 4937 1171 4997 ordinis
1182 4936 1386 5009 reformatio,
1404 4953 1465 4998 neo
1483 4954 1766 5026 excessuumcor-

122 5065 237 5112 eorum
250 5047 328 5108 liliis
343 5043 558 5121 eomplicibus
570 5041 727 5104 etamicis
743 5041 777 5100 in
792 5039 917 5100 vindic·
972 5033 1076 5096 rectio
1102 5037 1330 5111 postponatur,
1348 5051 1422 5096 cum
1433 5033 1618 5110 'religionis
1641 5035 1765 5097 cultum

122 5148 190 5208 tarn
211 5160 324 5206 rerum
350 5143 549 5203 amissarum
575 5139 770 5218 sanguinem
784 5140 857 5214 ejus
871 5136 919 5196 si·
973 5148 1143 5208 nunquam
1172 5131 1290 5192 melius
1324 5131 1429 5194 faveri
1458 5133 1638 5208 contingat,
1667 5149 1765 5209 quam

123 5237 792 5319 liuntquiapraedictorumepiscoporum
808 5233 919 5311 proni·
974 5229 1132 5292 correctis
1155 5229 1362 5304 excessibus,
1389 5232 1423 5291 et
1448 5231 1565 5292 ordine
1589 5230 1765 5307 inquibus

122 5357 198 5402 mus
219 5341 253 5401 et
278 5338 482 5415 propinquus
498 5337 531 5397 et
552 5336 600 5395 eis
624 5334 659 5394 in
680 5347 835 5394 onereao
857 5329 919 5391 ho-
974 5327 1209 5390 relormatione
1223 5327 1350 5402 indiget
1364 5325 1554 5389 reformato.
1566 5331 1689 5389 Verum
1700 5343 1766 5390 non

123 5453 205 5500 nore
220 5435 389 5498 successit.
407 5435 636 5506 Quumautem
658 5429 918 5507 praenominatus
974 5425 1047 5486 sine
1073 5424 1194 5499 grandi
1218 5424 1438 5485 admiratione
1463 5425 1663 5498 andivimus,
1680 5426 1766 5503 quod

124 5535 302 5612 episeopus
316 5547 376 5610 pro
388 5547 427 5594 eo
439 5530 524 5608 quod
541 5529 628 5591 sieut
642 5527 762 5590 asserit
776 5527 817 5587 de
832 5525 918 5588 dioe-
975 5538 1050 5584 oum
1078 5537 1138 5598 per
1163 5521 1293 5583 litteras
1314 5523 1445 5582 nostras
1459 5521 1553 5584 vobis
1573 5523 1767 5584 duxerimus

124 5633 191 5696 cesi
207 5635 240 5693 et
261 5629 389 5692 familia
405 5643 466 5690 sue
483 5627 561 5690 dicti
580 5625 810 5688 molestatores
825 5624 918 5684 exis·
976 5619 1228 5698 injungendum,
1244 5622 1281 5681 ut
1293 5619 1477 5682 amoveatis
1490 5619 1625 5682 abbates
1649 5623 1767 5682 vestrae

1014 3737 1136 3802 [liegest.‚
1147 3735 1193 3787 lib.
1209 3737 1240 3796 Χ,
1253 3751 1293 3802 ep.
1308 3736 1361 3786 llil.
1375 3737 1431 3786 uss.
1446 3738 1481 3786 La
1490 3738 1567 3788 Porta
1577 3736 1715 3802 du,Theil.]
1826 3805 1829 3809 ι
