4168 6344
712 401 942 470 ltPlsuonAE.
965 401 1044 464 Lm.
1067 402 1123 464 VI·

109 561 351 640 beenttnstitla
371 560 658 639 complementum.
676 560 801 634 Quodsi
820 575 896 627 nro-
951 559 1040 626 tibus
1067 559 1182 624 nomer
1210 560 1251 624 ll.
1281 574 1343 628 rou
1369 559 1551 636 anglorum
1577 560 1739 634 illustris,

109 661 183 726 uitis
197 660 320 726 vestris
334 673 453 736 parere
467 659 736 736 contempserint,
752 673 821 732 sos,
837 673 899 736 ap-
951 659 1037 736 quod
1053 673 1127 719 cum
1142 657 1275 734 quidam
1294 657 1422 720 inimici
1437 659 1490 720 sui
1508 659 1624 720 contm
1638 658 1746 722 homi·

108 757 286 836 pollutione
309 756 477 828 cessante,
502 771 606 834 nsque
629 757 670 818 ad
699 754 898 832 condignam
952 771 1011 816 nes
1026 758 1097 832 ejus
1112 755 1153 818 de
1169 754 1307 830 Rupella
1321 757 1499 818 exerceant
1513 755 1623 816 vivam
1637 771 1741 832 guer-

110 853 366 918 setislacticnem
391 851 743 922 excommunicationis
763 853 898 918 vinculo
951 868 1040 924 ram,
1066 852 1234 928 rapientes
1261 851 1348 914 bona
1380 867 1495 914 eornm
1525 852 1558 914 et
1583 868 1744 930 personas

110 950 308 1026 astringatis.
343 950 461 1013 natum
495 949 663 1018 Laterani,
684 952 715 1014 X
737 949 898 1016 kalendas

110 1047 226 1118 merul,
242 1046 456 1124 pontificatus
470 1047 678 1114 nosulanno
691 1046 799 1114 sento.

431 1315 573 1407 CXXII

110 1465 159 1526 Ad
174 1466 314 1539 priores
332 1464 451 1526 Sancti
475 1465 642 1526 neuneu
654 1465 724 1525 et...
745 1465 787 1524 cic
799 1465 900 1524 Μαν-

952 950 1051 1012 etiam
1063 949 1280 1026 captivantes,
1291 949 1337 1012 ita
1348 950 1434 1026 qnod
1447 949 1598 1014 homines
1608 951 1673 1027 ipsi
1684 950 1743 1016 vix

952 1047 1096 1110 audeant
1116 1061 1136 1108 e
1155 1045 1277 1108 finibus
1294 1047 1460 1110 terrarum
1479 1063 1614 1110 suarum
1637 1048 1741 1120 entre,

952 1145 1049 1208 multi
1075 1143 1117 1206 de
1137 1143 1285 1222 partibus
1304 1144 1372 1206 illis
1387 1143 1516 1208 litteras
1534 1145 1744 1222 apostolicas

952 1241 993 1302 ad
1010 1241 1142 1318 judices
1156 1241 1197 1304 de
1215 1241 1316 1304 terris
1335 1241 1544 1304 inimicorum
1565 1243 1746 1320 impetrant

953 1339 1068 1404 contra
1077 1354 1147 1410 eos,
1162 1355 1265 1416 quare
1279 1353 1516 1416 nonuunquam
1529 1340 1746 1416 intercipiun-

951 1437 1008 1499 tur
1023 1436 1065 1500 ab
1080 1436 1241 1509 hostibus,
1253 1435 1305 1500 vel
1320 1435 1397 1500 dum
1413 1451 1479 1498 non
1495 1437 1618 1502 audent
1631 1453 1743 1502 coram

146 1562 281 1632 lim-affl,
301 1561 471 1624 gedum·
487 1563 652 1635 dmm,
668 1561 702 1623 et
713 1561 899 1622 mmmm
930 1573 931 1576 =
948 1533 1116 1611 judicibus
1131 1549 1334 1610 comparere,
1351 1535 1536 1610 puniuntur
1552 1535 1594 1599 ab
1609 1536 1670 1608 eis,
1690 1536 1746 1598 vel

146 1660 315 1721 sedunam.

366 1735 400 1794 ll
415 1733 549 1794 iebmrii
564 1735 642 1794 liti.

139 1857 254 1923 [Regum
269 1859 316 1910 lib.
329 1858 372 1918 vl,
382 1859 454 1924 epist
464 1859 519 1912 255.
532 1857 868 1923 anturnacensi]

111 1971 220 2032 llnndot
232 1975 276 2032 eis
291 1979 323 2032 nt
336 1973 502 2034 denuntient
519 1973 680 2032 nontaceri
695 1973 730 2031 nd
743 1973 898 2034 observan-

143 2063 208 2119 tiam
228 2062 338 2120 ordinis
352 2064 542 2148 postulantem
557 2064 605 2135 qul
619 2061 691 2120 lnlra
711 2070 824 2135 tempus
834 2077 899 2140 pro·

142 2148 263 2208 nationis
277 2151 366 2208 exivit
379 2158 408 2208 ct
422 2149 628 2224 professionem
642 2165 700 2208 non
716 2149 791 2210 lectt.

147 2277 325 2350 Honorius,
342 2277 418 2350 etc„
432 2276 562 2339 dilectis
575 2277 652 2340 tiliis
673 2276 787 2340 Sancti
803 2279 900 2340 Mau-

113 2373 181 2434 ricii
196 2375 265 2435 et...
284 2374 325 2436 de
342 2375 539 2440 Martiniaco
554 2374 721 2452 prioribus
733 2375 898 2438 Sedunen.

113 2469 258 2532 dioecesis
272 2473 308 2534 et
322 2471 471 2534 sacristae
487 2471 653 2534 Sednnen.

148 2567 292 2634 Dilectus
330 2569 420 2633 tilius
452 2569 633 2630 canonicos
667 2568 832 2632 Sedunen.
864 2569 900 2630 in

114 2665 219 2730 nostre
258 2666 433 2743 proposuit
467 2666 646 2743 praesentia
680 2667 897 2740 constitutus,

115 2763 192 2838 quod
217 2763 308 2826 idem
329 2763 364 2824 in
390 2765 628 2826 monasterium
653 2763 693 2824 de
717 2765 899 2826 Fontaneto

115 2859 339 2924 cisterciensis
375 2860 505 2922 ordinis
536 2861 733 2938 simpliciter
766 2861 799 2924 et
826 2863 899 2923 sine

115 2957 252 3033 qualibet
281 2959 522 3036 protestatione
544 2958 697 3034 intravit3
729 2958 899 3022 sedidem

116 3055 309 3116 convolans
337 3055 548 3136 asperitatem
573 3056 698 3119 ordinis
722 3055 897 3130 sustinere,

116 3151 225 3216 exinde
248 3151 339 3219 intra
365 3155 494 3236 tempus
518 3153 707 3232 probationi
725 3152 899 3230 praefixum

116 3248 218 3310 exivit.
239 3249 334 3312 Unde
358 3250 572 3328 postulavita
590 3250 697 3324 nobis,
713 3251 750 3314 nt
763 3267 837 3313 cum
853 3250 898 3312 ibi

116 3341 351 3420 professionem
363 3362 430 3410 non
442 3346 568 3420 fecerit,
583 3364 683 3426 super
697 3347 760 3410 hoc
772 3347 898 3426 noejus

116 3444 314 3510 conscientia
326 3443 542 3519 dignaremur
559 3444 661 3508 totius
682 3444 898 3510 dubitationis

116 3540 301 3616 scrupulum
322 3555 504 3602 removere.
527 3541 669 3618 Ideoque
692 3541 897 3616 mandamus,

953 1631 1129 1696 damnosas
1142 1631 1312 1708 pactiones
1327 1631 1440 1694 subire
1454 1632 1627 1709 coguntur.
1649 1631 1744 1698 Unde

952 1728 1040 1792 idem
1063 1743 1125 1792 ren
1154 1727 1250 1792 nobis
1276 1727 1446 1790 humiliter
1472 1727 1680 1804 supplicavit,
1707 1729 1746 1790 ut

953 1840 1055 1901 super
1074 1825 1140 1890 boc
1166 1825 1306 1901 paterna
1329 1825 1543 1901 dignaremur
1570 1824 1747 1888 consulere

952 1922 1086 1998 pictate.
1115 1921 1271 1986 volentes
1303 1921 1407 1998 igitur
1439 1921 1574 1985 illorum
1606 1921 1747 1986 obviare

952 2019 1311 2091 monumentorum
1331 2019 1601 2097 oppressionibus
1623 2018 1746 2084 subva-

952 2117 1044 2189 nirs,
1076 2115 1272 2182 discretioni
1305 2118 1425 2182 vestrm
1464 2131 1524 2194 per
1554 2117 1744 2194 apostolica

952 2215 1076 2290 scripta
1090 2214 1298 2286 mandamus,
1314 2215 1478 2291 quemnus
1493 2214 1668 2291 predictos
1682 2213 1747 2276 bc-

952 2311 1059 2376 mlnes
1074 2325 1134 2388 per
1146 2311 1352 2388 impetratas,
1368 2311 1422 2376 vel
1438 2311 1665 2389 impetrandas
1679 2311 1748 2374 hu-

948 2407 1095 2485 jusmodi
1108 2407 1248 2479 naeres,
1260 2408 1409 2486 quandin
1422 2423 1545 2483 guerra
1555 2407 1666 2480 durat,
1677 2423 1745 2474 non

952 2503 1126 2582 patiamini
1150 2504 1324 2570 conveniri
1348 2504 1537 2576 inhibentes
1562 2505 1747 2582 judicibus,

953 2617 997 2666 ne
1021 2603 1170 2680 ipsarum
1194 2601 1381 2666 litterarum
1403 2602 1601 2668 auctoritate
1623 2619 1746 2681 proce-

953 2699 1047 2774 dant;
1065 2700 1098 2761 et
1116 2699 1146 2759 si
1171 2714 1254 2777 opus
1278 2698 1388 2772 fcerit,
1410 2715 1468 2766 eos
1491 2715 1746 2778 percensuram

953 2796 1216 2859 ecclesiasticam
1229 2796 1452 2874 appellatione
1464 2798 1646 2875 postposita
1660 2813 1748 2860 com·

954 2894 1107 2970 poscatis.
1129 2892 1222 2964 Quod
1244 2893 1274 2953 si
1296 2907 1363 2954 non
1385 2910 1513 2965 omnes,
1536 2895 1599 2957 etc.
1626 2897 1745 2957 Datum

952 2990 1124 3067 Anagniae,
1136 2991 1180 3051 lv
1193 2989 1353 3052 kalendas
1368 2990 1480 3052 martii
1495 3005 1584 3051 enno
1597 2993 1703 3054 sexto.

991 3117 1036 3176 Iu
1054 3116 1212 3176 eumdem
1235 3114 1377 3176 modum
1396 3097 1670 3189 scriptumest...
1686 3113 1748 3176 ab·

951 3210 1020 3274 bati
1041 3211 1110 3274 et...
1136 3211 1241 3288 priori
1257 3211 1371 3273 Sancti
1390 3211 1584 3288 Leodegari,
1601 3211 1670 3274 et...
1687 3211 1748 3274 de-

952 3323 1036 3370 cano
1065 3307 1105 3369 de
1133 3308 1329 3370 Fontiniaco
1357 3309 1564 3370 Pictavensis
1592 3309 1745 3372 dioecesis

930 3449 931 3452 ,
951 3405 1107 3484 provilla
1122 3403 1163 3466 de
1178 3405 1307 3468 Niorto.

992 3533 1035 3591 lo
1053 3531 1211 3591 memmae
1231 3531 1371 3592 modum
1392 3531 1561 3604 ineptum
1581 3531 1669 3592 cst...
1686 3529 1748 3592 ab·

117 3637 268 3710 quatenus
285 3635 314 3696 si
327 3636 422 3698 vobis
443 3635 628 3700 constiterit
648 3637 689 3698 de
703 3638 897 3714 praemissi-s,
952 3626 1022 3690 bati
1034 3625 1149 3690 Fontis
1164 3625 1328 3700 Dulcis...,
1341 3625 1446 3704 priori
1461 3627 1574 3688 Sancti
1588 3627 1695 3702 ligidii
1706 3626 1750 3688 de

116 3727 250 3806 ipsum...
263 3731 472 3796 denuncietis
481 3733 522 3798 ad
535 3734 685 3816 praedicti
699 3733 836 3806 ordinis,
846 3733 899 3795 vel

117 3825 243 3894 alterius
256 3828 505 3894 observantiam
519 3831 696 3900 occasione
710 3830 899 3908 buJ'usmodl

422 4291 585 4384 CXXIII

954 3723 1120 3800 surgerils
1133 3723 1203 3786 et...
1217 3722 1454 3788 archidiacono
1468 3722 1629 3785 alnisien.
1639 3727 1748 3785 Xanc·

953 3820 1103 3883 tenensis
1118 3819 1272 3886 dioecesis
1286 3833 1345 3896 pro
1360 3819 1550 3882 bominibus
1564 3819 1606 3884 de
1624 3821 1745 3886 Sancto

116 3925 305 4010 nontaceri.
323 3926 414 4000 Quod
430 3925 460 3988 si
475 3943 542 3994 non
562 3943 687 4006 omnes,
702 3929 766 3996 etc.
780 3929 899 3992 Datum
952 3915 1104 3984 iohanne
1115 3914 1351 3994 angeliciensi.
1743 3929 1744 3932 ’

117 4019 274 4096 marani,
290 4025 335 4089 lx
350 4023 512 4092 kalendas
526 4025 651 4100 martii,
670 4039 757 4093 anno
770 4026 877 4094 sexto.

1270 4278 1428 4368 CXXIV

117 4429 163 4490 Ac
179 4431 336 4499 utentem
358 4433 476 4502 senen
498 4437 671 4501 Lcoecrdt
697 4439 739 4500 dc
761 4439 900 4510 emme,
952 4430 1213 4502 &nemmem
1223 4431 1744 4504 cccmnscmclusouesorores,

150 4533 305 4603 chtt
338 4537 379 4604 de
411 4537 517 4602 Arcesi
547 4549 589 4608 oc
620 4536 900 4602 emmerammum

150 4631 311 4700 melca,
328 4632 578 4698 nanctoacum
602 4633 769 4700 utoeeesta.

365 4759 401 4819 it
414 4759 547 4819 februarii
560 4761 639 4820 itit.

144 4865 314 4935 [aegestate.
325 4875 369 4934 vl,
378 4873 453 4940 epist.
463 4873 519 4924 230.
530 4873 587 4925 iles.
597 4874 717 4926 Lal’orte
727 4875 762 4926 dn
773 4875 870 4941 cecil]

119 4981 233 5056 Ilendat,
248 4987 384 5061 qutamdin
399 5004 501 5066 guerre
521 4987 613 5058 durat,
634 5005 672 5047 nc
685 4989 829 5062 patientur
849 4989 899 5047 ali-

149 5076 370 5222 IIIIlCCIeXnffi
380 5077 454 5159 apud
465 5077 577 5158 judices
587 5077 615 5135 in
626 5078 708 5139 terris
718 5079 899 5138 inimicorum

153 5285 413 5363 Honoriusetc..
424 5290 556 5360 dilectis
570 5290 649 5356 tiliis
659 5291 771 5356 abbati
787 5291 900 5357 Sancti

992 4528 1198 4597 mmmmm
1210 4529 1246 4591 u.
1260 4529 1388 4592 morto
1399 4529 1441 4590 de
1454 4529 1621 4590 percocto
1636 4529 1745 4590 Cons-

993 4625 1162 4700 tanttuop.
1175 4625 1340 4689 dtoecestu

1212 4750 1249 4809 Y!
1263 4749 1398 4808 tebltlel'it
1412 4751 1491 4809 Im.

1077 4874 1227 4939 [Manriqnu
1241 4873 1307 4923 Ann.
1321 4871 1486 4933 Cisterciens„
1499 4873 1540 4934 lV,
1555 4873 1623 4941 lton

953 4990 1025 5057 lltud
1042 4989 1248 5052 monasterium
1265 4987 1320 5048 sub
1331 4987 1408 5048 beati
1425 4990 1500 5050 Petri
1520 4996 1548 5050 et
1562 5004 1613 5048 sna
1633 5000 1744 5064 protec-

987 5080 1065 5138 tione
1086 5078 1214 5151 suscipit,
1229 5092 1386 5150 omoesque
1412 5077 1474 5154 ejus
1496 5078 1694 5152 possessiones
1712 5095 1748 5139 ac

987 5169 1073 5237 bona,
1086 5167 1150 5242 jura
1165 5173 1193 5224 et
1208 5165 1356 5242 privilegio
1372 5165 1532 5226 confirmat.

992 5291 1159 5358 Honorius
1167 5290 1479 5371 episcopusservus
1490 5306 1664 5356 servorum
1673 5295 1745 5368 Dei,

121 5379 273 5452 Leonami
290 5387 330 5452 de
345 5387 505 5454 calmis...
518 5389 623 5466 priori
642 5389 683 5454 de
696 5390 812 5462 Anasi,
828 5391 897 5456 et...
952 5388 1301 5462 numinenumine
1315 5387 1509 5452 monasterii
1520 5387 1743 5466 dePercbeio,

123 5479 347 5586 arcbidtacono
356 5485 545 5554 Almtssien.
557 5487 802 5556 xanctonensis
815 5487 900 5552 dioe-

122 5587 209 5638 cesis

953 5487 1119 5568 cumdem
1130 5486 1174 5550 de
1184 5483 1317 5551 Yscstis
1325 5484 1507 5556 nominato,
1518 5485 1748 5552 cisterciensis

931 5606 935 5617 ·
953 5585 1092 5657 ordinis,
1103 5581 1748 5664 Constantinopolitanaedioecesis,ejus·

158 5672 357 5748 Significavit
378 5677 472 5740 nobis
493 5679 687 5744 amissimus
710 5680 745 5743 in
768 5680 899 5744 Christo
932 5747 933 5752 ,
955 5699 1020 5762 que
1032 5678 1203 5748 sororibus
1217 5677 1449 5757 presentibus,
1459 5681 1493 5744 et
1507 5679 1638 5750 tuturis,
1654 5699 1748 5760 reguu-
