4080 6328
119 383 179 442 849

157 543 294 604 Litterae
316 546 434 606 vestrae
459 543 552 605 nobis
580 545 737 607 exhibitae
767 547 912 608 contine·

117 641 209 712 batti,
232 641 315 718 qtrod
332 659 405 701 cum
422 643 623 703 venerabilis
640 643 742 704 trater
761 646 908 704 nostor...

116 739 351 799 Auabiauensis
369 741 542 816 episcopus
561 742 593 802 61
608 741 719 802 dilecti
736 741 834 802 tilii...
852 741 912 801 ab·

115 835 187 906 baS,
206 837 240 897 et
261 837 441 897 conventus
458 839 571 899 Sancti
592 837 742 898 Richarii
763 840 799 899 iu
824 842 912 898 Pon-

116 934 910 1012 tivocompromisissentinvossuperquibusdam

116 1032 355 1092 controversiis
370 1032 457 1092 inter
471 1033 559 1109 ipsos
578 1033 713 1104 exortis,
738 1034 827 1094 inter
845 1050 911 1094 cae-

114 1129 187 1188 tera
205 1129 380 1204 proposuit
402 1129 488 1188 idem
504 1130 680 1206 episcopus
695 1131 780 1207 quod
796 1130 907 1202 abbas,

115 1227 146 1285 et
173 1227 357 1286 conventus
395 1227 545 1302 praedicti
571 1227 612 1287 ab
640 1244 679 1288 eo
708 1227 853 1288 chrisma
879 1229 911 1290 61

114 1321 227 1382 oleum
243 1324 403 1394 sanctum,
425 1325 692 1385 consecrationes
705 1325 862 1386 altarium
879 1327 911 1386 et

115 1419 346 1492 ecclesiarum,
364 1436 404 1482 ac
423 1421 651 1482 ordinationes
672 1423 910 1483 monachorum

114 1532 253 1577 suorum
269 1517 608 1579 secundumtenorem
620 1519 787 1596 privilegii
803 1519 910 1580 felicis

114 1615 285 1675 memoriae
311 1615 492 1675 Alexandri
521 1619 632 1692 Papae,
656 1617 910 1692 praedecessoris

114 1711 232 1782 nostri,
253 1713 401 1773 concessi
421 1714 622 1774 monasterio
638 1715 827 1774 eorumdem
852 1731 911 1791 pe-

113 1812 183 1869 tere
200 1825 241 1868 ac
263 1809 411 1885 recipere
431 1811 639 1871 tenebantur.
660 1811 768 1872 abbas
784 1827 863 1873 1610
879 1814 909 1873 61

114 1910 299 1967 conventus
313 1907 461 1982 praedicti
473 1909 715 1984 responderunt
727 1913 861 1970 econtra
875 1926 910 1970 se

114 2019 174 2078 por
197 2005 407 2076 sententiam,
425 2021 524 2081 qttam
540 2021 646 2082 nuper
661 2021 719 2082 pro
739 2009 908 2068 monaste-

113 2101 156 2160 rii
173 2102 229 2161 sui
251 2101 404 2162 libertate
427 2103 623 2178 protulimus
639 2119 712 2164 esse
727 2104 905 2176 absolutos

115 2199 146 2258 et
161 2198 287 2258 liberos
303 2215 321 2259 a
335 2201 679 2278 praedictisReceptis
695 2202 796 2276 igitur
810 2219 909 2278 super

113 2295 175 2356 hoc
186 2297 375 2357 rationibus
392 2299 546 2373 partium,
564 2299 711 2359 rationes
727 2301 816 2376 ipsas
834 2317 909 2360 cum

113 2394 317 2468 transcripto
338 2395 503 2469 privilegii
524 2396 716 2471 supradicti,
735 2413 774 2458 ac
793 2403 909 2458 tenore

115 2491 291 2552 sententiae
307 2495 496 2554 memoratae
513 2493 607 2553 nobis
623 2494 683 2554 sub
699 2494 819 2570 sigillis
833 2511 909 2555 res-

113 2589 173 2647 tris
187 2589 231 2648 ad
245 2588 418 2666 utriusque
431 2591 535 2666 partis
549 2591 740 2652 instantiam
757 2594 909 2654 transmi-

114 2685 216 2757 sistiS,
236 2687 472 2762 supplicantes
497 2689 533 2749 ut
545 2689 630 2765 quod
647 2689 813 2765 superbis
829 2691 872 2752 stt
889 2706 908 2750 a

114 2784 265 2859 partibus
295 2784 546 2857 observandum,
579 2787 746 2858 ordinare,
777 2789 910 2848 00610-

113 2883 207 2942 tuere
247 2883 470 2958 dignaremur.
502 2883 585 2954 Quia
617 2901 697 2945 1610
727 2901 787 2961 pro
816 2887 908 2961 parte

114 2980 263 3056 episcopi
286 2997 397 3041 coram
413 2981 509 3041 nobis
529 2998 595 3042 non
615 2983 800 3059 comparuit
815 2983 909 3042 sulti-

114 3079 549 3155 ciensprocurator,etquia
565 3079 664 3140 etiam
682 3081 749 3140 alia
764 3081 907 3156 partium

113 3176 318 3237 munimenta
342 3175 436 3236 nobis
452 3175 600 3238 extribita
621 3193 685 3238 uon
707 3179 848 3249 luerunt,
866 3179 907 3239 ad

113 3273 315 3334 decisionem
328 3275 519 3351 qtraestionis
530 3275 716 3351 hujusmodi
732 3293 797 3336 non
809 3277 909 3336 duxi-

113 3385 184 3430 mus
200 3370 457 3446 procedendum.
474 3371 615 3447 Ideoque
630 3371 822 3433 discretioni
837 3389 908 3435 ves·

113 3469 170 3528 trae
184 3483 246 3542 per
260 3467 449 3542 apostolica
463 3469 586 3544 scripta
603 3470 808 3541 mandamus,
825 3487 909 3547 qua-

112 3566 209 3624 tenns
226 3565 336 3640 partes
350 3580 424 3624 cum
440 3566 593 3625 omnibus
607 3568 809 3628 mnninentis
823 3570 904 3639 suis,

112 3663 143 3723 et
157 3662 349 3739 specialiter
367 3679 440 3723 oum
456 3665 655 3740 Apostolicis
678 3665 904 3740 indulgentiis,

112 3760 232 3835 quibus
250 3761 419 3836 saepedicti
435 3761 548 3832 abbas,
566 3764 599 3822 et
611 3766 794 3823 conventus
809 3779 906 3824 asse-

112 3859 188 3919 runt
217 3872 252 3917 se
281 3858 426 3918 munitos
451 3859 650 3934 competenti
677 3859 819 3921 termino
843 3859 906 3919 sibi

112 3955 314 4030 praefigendo
334 3971 354 4015 a
375 3955 468 4016 vobis
491 3959 624 4032 propter
638 3955 701 4016 hoc
723 3956 763 4016 ad
790 3957 906 4018 Sodem

112 4052 335 4128 apostolicam
351 4054 596 4125 transmittatis,
614 4070 680 4114 non
700 4053 907 4116 obstantibus

111 4149 244 4220 litteris,
266 4167 326 4227 per
345 4167 426 4226 quas
444 4151 612 4228 jamdictis
635 4152 746 4214 abbati
770 4155 803 4214 et
826 4169 907 4214 con-

112 4247 226 4308 ventui
254 4247 410 4308 dicuntur
434 4250 655 4321 mandavisse,
687 4251 723 4310 ut
757 4249 798 4310 ab
833 4251 906 4326 ipso

112 4347 267 4421 episcopo
286 4346 450 4422 recipiant
465 4347 667 4422 supradicta,
683 4363 742 4408 seu
762 4348 829 4408 illis
847 4364 907 4426 per

112 4459 194 4518 quas
210 4443 478 4503 mandavimus...
494 4444 656 4505 decano...
669 4445 905 4507 archidiacono

112 4543 143 4600 et
164 4541 325 4615 magistro
341 4545 377 4600 Α.
396 4541 557 4602 canonico
577 4541 785 4603 atrebatensi
807 4544 842 4604 ut
856 4544 905 4603 eis

112 4637 143 4696 id
167 4639 276 4714 ipsum
292 4639 479 4714 injungant.
497 4643 613 4700 Datum
629 4639 762 4712 Tibure,
774 4643 818 4702 Vl
832 4641 904 4701 idus

114 4735 203 4808 maii,
222 4752 308 4796 anno
321 4752 419 4797 nono.

450 4899 566 4984 CLIV

238 5053 290 5110 Ad
305 5053 500 5124 episcopum
513 5053 774 5125 Ltupcucuscm.

400 5173 433 5229 ta
453 5173 520 5228 maii
540 5173 617 5230 tiit.

144 5288 262 5350 [Regest.,
280 5286 325 5337 lib.
342 5288 386 5346 tx,
398 5303 439 5351 ep.
450 5286 505 5336 att.
523 5287 578 5338 llss.
594 5289 629 5341 La
642 5289 719 5340 Porto
733 5289 869 5356 tluTltcil.]

115 5402 225 5458 l'acitel
239 5408 408 5474 potestatem
424 5401 459 5458 de
474 5402 721 5461 administratione
736 5407 902 5464 utonasterii

147 5491 299 5548 besuensis
318 5491 348 5548 iu
368 5491 442 5562 (tuod
462 5493 561 5548 160116
580 5491 682 5554 iratres
700 5494 903 5554 praedicatores

148 5578 313 5649 renuebant,
330 5579 489 5638 ordinandi.

152 5709 329 5778 Honorius
353 5711 428 5782 etc,
445 5709 630 5772 venerabili
655 5710 786 5773 tratri...
813 5711 902 5788 epis-

736 385 966 447 EPISTOLAE.
990 384 1069 445 nto.
1094 383 1148 444 tx.

1702 380 1763 442 850

967 559 1049 621 copo
1070 542 1284 620 Lingonensi,
1301 543 1334 606 ot
1353 541 1484 605 dilectis
1507 541 1622 602 tiliis...
1649 539 1761 602 abbati

967 642 1178 706 cisterciensi
1194 643 1263 703 et...
1280 641 1384 717 priori
1396 641 1436 701 de
1456 640 1534 700 Sine
1549 638 1760 700 1110100011-

966 740 1114 800 lonensis
1146 741 1179 801 et
1220 739 1383 800 Eduensis
1425 737 1623 809 dioecesum,
1664 736 1759 797 salu-

965 838 1121 908 temeto.

1006 935 1150 1005 Litterae,
1166 951 1249 1010 quas
1265 933 1342 996 olim
1356 932 1450 994 uobis
1461 933 1645 994 direximus
1661 947 1761 1008 super

965 1033 1098 1106 negotio
1114 1031 1306 1093 monasterii
1324 1031 1503 1092 Besnensis
1527 1031 1616 1091 inter
1634 1031 1756 1090 0061610

965 1129 1190 1200 continebant,
1208 1129 1244 1190 ut
1259 1129 1287 1188 si
1303 1127 1422 1190 iratres
1443 1127 1569 1188 ordinis
1586 1127 1758 1188 Praedica-

965 1227 1074 1288 torum
1100 1227 1141 1287 ad
1171 1226 1410 1287 monasterium
1443 1226 1551 1300 ipsum
1581 1224 1760 1286 convenire
1811 1215 1815 1230 ’

965 1338 1031 1384 uon
1051 1324 1186 1395 vellent,
1207 1339 1269 1386 nec
1290 1339 1350 1385 vos
1374 1323 1526 1386 videritis
1550 1323 1633 1384 illud
1661 1338 1759 1398 posse

965 1435 1025 1496 per
1045 1421 1159 1496 nigros
1174 1422 1353 1482 monachos
1373 1421 1559 1492 reformari,
1576 1421 1760 1494 investiga-

966 1519 1046 1580 retis
1070 1518 1214 1579 sollicite
1234 1520 1343 1580 utrum
1365 1517 1541 1580 reformari
1564 1518 1675 1593 posset
1700 1532 1760 1593 per

965 1615 1207 1676 iustitutionem
1227 1617 1463 1678 canonicorum
1486 1615 1696 1676 saecularium
1722 1616 1758 1674 in

964 1713 1090 1784 eodem,
1106 1713 1200 1773 nobis
1230 1714 1316 1790 qnod
1345 1729 1446 1789 super
1471 1713 1534 1774 boc
1560 1712 1758 1774 inveneritis

964 1809 1108 1872 fideliter
1130 1811 1335 1886 rescripturi.
1358 1813 1472 1886 Nuper
1501 1811 1611 1871 autern
1635 1809 1756 1872 vestris

965 1907 1758 1984 nobislitterisintimastis‚quodnecdictiiratres

964 2004 1005 2064 acl
1028 2005 1265 2066 monasterium
1280 2007 1457 2068 voluerunt
1476 2006 1655 2066 conuenire
1671 2020 1759 2080 prae-

964 2101 1097 2172 dictum,
1115 2119 1245 2163 necros
1258 2103 1299 2163 ad
1317 2103 1588 2164 reformationem
1608 2102 1756 2178 eJusdem
1784 2099 1788 2116 '

963 2199 1138 2260 invenistis
1176 2201 1264 2260 uiam
1299 2201 1445 2276 aliquam
1481 2201 1661 2270 efficacem,
1688 2200 1758 2260 tum

964 2299 1097 2373 propter
1110 2297 1295 2358 debitorum
1307 2315 1421 2369 onera,
1438 2299 1557 2374 quibus
1571 2299 1678 2374 ipsum
1692 2301 1758 2356 m'o-

944 2393 1146 2485 (nasterium
1163 2395 1333 2470 premitur,
1348 2397 1416 2456 tum
1443 2397 1520 2472 quia
1542 2396 1650 2455 omnis
1672 2394 1758 2454 alie-

963 2491 1054 2552 natio
1067 2491 1229 2553 bonorum
1245 2493 1350 2569 ipsius
1370 2493 1574 2563 monasterii,
1590 2509 1629 2553 ac
1652 2506 1759 2552 mern-

963 2588 1097 2649 brorum
1112 2589 1205 2650 robis
1221 2591 1294 2651 erat
1307 2591 1506 2666 Apostolicis
1519 2589 1758 2651 litterislinier-

964 2686 1062 2747 dicta.
1079 2689 1159 2746 Cum
1170 2703 1249 2762 ergo
1264 2688 1303 2748 de
1317 2689 1422 2764 ipsius
1442 2687 1636 2749 monasterii
1650 2686 1759 2748 reior-

963 2785 1108 2844 matione
1145 2786 1286 2846 sollicite
1332 2787 1514 2862 cogitantes
1558 2801 1659 2861 super
1694 2785 1757 2844 hoc

963 2897 1037 2941 cum
1061 2881 1181 2944 dilecto
1209 2883 1279 2944 11110
1302 2885 1353 2943 W.
1369 2884 1485 2944 nuntio
1514 2883 1756 2944 166110101016

963 2981 1175 3055 praesentium
1212 2981 1451 3048 conferremus,
1475 2981 1562 3040 idem
1588 2981 1655 3042 tres
1683 2981 1756 3042 vias

963 3075 1057 3137 nobis
1078 3079 1240 3153 exposuit,
1255 3095 1328 3155 quae
1346 3077 1408 3138 sibi
1423 3079 1637 3139 occurrerant
1656 3078 1758 3139 anxie

963 3173 1132 3249 cogitanti,
1150 3191 1289 3251 quarum
1312 3177 1418 3252 prima
1436 3177 1508 3248 snit,
1530 3177 1566 3238 ut
1588 3177 1636 3247 10,
1655 3175 1758 3237 110161

963 3273 1129 3349 episcope,
1147 3275 1179 3334 et
1192 3289 1401 3334 successores
1412 3275 1460 3335 tui
1476 3273 1627 3335 habeatis
1646 3273 1756 3333 admi-

963 3370 1195 3431 nistrationem
1217 3372 1451 3447 temporalium
1467 3372 1597 3448 praelati
1617 3387 1756 3431 monas-

962 3469 1038 3528 terii
1054 3468 1210 3545 tanquam
1227 3469 1340 3540 abbas,
1359 3471 1391 3530 et
1406 3471 1498 3546 prior
1512 3469 1707 3530 instituatur
1721 3469 1757 3528 in

963 3582 1012 3637 ec,
1037 3566 1092 3643 qui
1120 3566 1346 3642 spiritualium
1376 3583 1490 3627 curam
1519 3568 1613 3641 gerat
1636 3566 1758 3640 viginti

962 3665 1108 3740 quinque
1125 3665 1297 3724 monachis
1315 3663 1526 3724 instituendis
1541 3663 1674 3734 ibidem,
1691 3663 1757 3740 ipsi

962 3759 1067 3837 priori
1092 3763 1251 3837 quantum
1281 3761 1322 3822 ad
1358 3761 1546 3838 spiritualia
1575 3761 1756 3822 secundum

962 3859 1084 3919 statuta
1100 3858 1284 3919 monastica
1300 3859 1472 3935 parituris
1491 3862 1523 3920 61
1543 3859 1591 3920 610
1606 3859 1757 3920 divinum

960 3953 1007 4014 ibi
1036 3970 1102 4014 non
1129 3955 1298 4016 minuetur
1321 3955 1526 4032 obsequium,
1545 3972 1618 4016 cum
1644 3956 1757 4032 plures

961 4067 1036 4112 esse
1059 4068 1125 4112 non
1147 4053 1381 4115 consueverint
1399 4055 1434 4113 tn
1456 4054 1570 4114 eodem
1591 4054 1623 4114 01
1647 4053 1757 4115 debita

961 4150 1119 4224 poterunt
1133 4151 1292 4226 paulatim
1309 4152 1448 4223 exsolvi,
1462 4151 1559 4212 bisin
1575 4167 1689 4213 eorum
1701 4165 1757 4212 so-

961 4247 1100 4318 lutione,
1123 4263 1196 4324 quae
1213 4248 1315 4309 abbas
1331 4236 1518 4326 expendere
1537 4249 1757 4310 consueverat

961 4345 1205 4407 convertendis
1248 4348 1399 4408 Secunda
1435 4347 1507 4418 luit,
1538 4347 1574 4408 ut
1602 4347 1755 4407 canonici

961 4443 1140 4503 saeculares
1164 4443 1199 4504 in
1228 4444 1431 4505 monasterio
1455 4445 1672 4504 instituantur
1697 4459 1756 4504 eo-

961 4541 1044 4611 dem,
1060 4542 1092 4601 61
1104 4542 1279 4617 episcopus
1295 4541 1416 4603 habeat
1426 4541 1680 4618 preposituram
1695 4541 1755 4603 ibi·

960 4639 1033 4698 dem
1050 4655 1069 4698 0
1085 4655 1149 4714 qua
1175 4637 1362 4714 dependent
1380 4639 1633 4715 praebendarum
1649 4640 1756 4701 colla·

959 4735 1016 4808 tio,
1035 4738 1066 4797 et
1079 4736 1272 4809 dominium,
1290 4753 1328 4797 00
1337 4736 1469 4814 justitia
1484 4739 1677 4816 terrae,quae
1688 4738 1753 4801 duo

959 4834 1075 4894 ultima
1086 4835 1260 4910 episcopus
1277 4833 1322 4894 ibi
1338 4833 1437 4896 babet
1451 4851 1470 4895 a
1482 4836 1592 4912 longis
1603 4841 1755 4899 retroac-

902 4955 906 4962 ’
958 4932 1000 4993 tis
1013 4931 1224 5007 temporibus
1238 4933 1323 4994 sicut
1336 4934 1434 4995 certis
1451 4933 1657 4996 documentis
1668 4935 1754 4995 dici-

958 5031 1013 5090 tur
1027 5045 1199 5104 apparere,
1217 5029 1425 5108 solveretque
1441 5033 1649 5093 medietatem
1661 5033 1753 5108 epis-

958 5143 1059 5204 copus
1088 5128 1120 5187 et
1146 5127 1341 5188 instituendi
1363 5130 1516 5190 canonici
1543 5129 1753 5191 medietatem

958 5224 1122 5300 reliquam
1149 5223 1346 5286 debitorum.
1374 5226 1496 5287 Ultima
1520 5223 1693 5298 16101011,
1717 5227 1754 5287 ut

958 5321 1202 5382 administratio
1233 5323 1332 5384 totius
1363 5324 1470 5394 terrae,
1501 5323 1600 5400 atque
1635 5323 1752 5384 reddi-

956 5421 1061 5490 tuum,
1079 5435 1183 5495 nsque
1204 5419 1244 5479 ad
1265 5419 1485 5496 quadraginta
1507 5437 1613 5481 annos
1636 5422 1755 5498 Lingo-

958 5517 1053 5577 nensi
1077 5517 1234 5592 episcopo
1256 5518 1482 5589 confirmatur,
1504 5519 1551 5579 ita
1574 5519 1659 5595 quod
1680 5519 1752 5580 sine

957 5615 1172 5677 distractione
1192 5631 1251 5675 seu
1275 5615 1478 5677 alienatione
1499 5619 1657 5694 perpetua
1674 5633 1753 5694 pos-

958 5714 1001 5775 sit
1022 5714 1197 5790 episcopus
1223 5713 1263 5774 ad
1284 5713 1410 5776 certum
1425 5717 1555 5792 tempus
1572 5715 1753 5778 concedere
