4080 6328
93 304 151 365 ool

93 462 222 524 decano
248 459 353 538 ipsius
368 459 518 522 ecclesiae
534 458 655 520 dilecto
676 457 782 518 tilio...
800 473 887 518 nunc

91 559 283 637 praeposito,
299 559 356 636 qui
371 574 445 619 cum
462 558 549 618 esset
563 556 604 617 de
627 570 766 632 corpore
781 557 887 632 ipsius

90 658 231 733 capituli
244 673 283 719 ea
294 674 368 734 quae
380 657 533 733 superius
545 655 622 717 sunt
635 671 797 730 expressa
812 671 887 715 cum

89 755 169 816 ahts
187 755 387 832 procuravit,
413 756 446 815 et
471 754 544 831 post
566 753 761 814 electionem
777 752 887 812 simile

90 853 249 930 praestitit
255 851 499 930 Jusjurandum.
513 851 681 923 Quiavero
691 851 762 912 haec
777 850 889 911 dicun·

90 952 148 1012 tur
163 953 200 1012 in
213 966 348 1011 enorme
364 949 592 1026 praepositurae
609 949 817 1025 dispendium
832 949 887 1010 at-

90 1050 235 1120 tentata,
252 1063 314 1110 nos
342 1063 443 1123 super
470 1049 533 1108 hoc
556 1047 706 1109 volentes
721 1062 764 1106 ex
779 1045 889 1107 officio

91 1144 887 1222 nostroprocedere,cumjusjurandireligiouon

91 1243 421 1319 utessetiniquitatIs
430 1242 599 1304 vinculum
613 1240 715 1304 luerit
723 1241 886 1312 instituta,

91 1343 126 1403 et
141 1341 229 1418 quod
245 1351 311 1401 non
330 1341 519 1416 jnramenta
535 1339 593 1400 sed
619 1339 765 1415 perjuria
780 1338 888 1415 potius

90 1437 333 1508 suntdicenda,
349 1453 422 1512 quae
445 1437 562 1498 contra
582 1436 758 1496 utilitatem
777 1435 888 1496 eccle-

91 1535 265 1596 siasticam
295 1535 516 1606 attentantur,
547 1532 739 1594 discretioni
769 1533 888 1593 vestrae

91 1649 155 1710 per
171 1631 360 1710 apostolica
370 1631 495 1707 scripta
510 1629 716 1702 mandamus,
726 1632 889 1706 quatenus

90 1730 121 1790 si
136 1745 182 1790 ex
194 1729 377 1806 praemissis
399 1727 652 1804 praeposituram
665 1727 778 1802 ipsam·
791 1743 890 1787 enor-

91 1827 197 1888 miter
208 1842 281 1886 esse
292 1827 406 1886 laesam
416 1823 890 1904 [constiterithreductiSvillis

91 1924 136 1985 ad
147 1927 218 2000 jue,
235 1923 469 2000 proprietatem
484 1923 589 1998 ipsius
605 1919 818 2000 [confirmetis
831 1920 888 2000 eti,

91 2024 233 2097 caetera,
250 2037 323 2096 quae
337 2021 372 2081 in
386 2023 457 2096 ejus
473 2019 701 2097 praejudicium
715 2018 790 2080 sunt
804 2034 888 2095 prae·

92 2119 242 2194 sumpta,
257 2118 292 2178 in
303 2117 435 2178 irritum
451 2118 623 2188 revocetis
636 2117 669 2178 et
681 2116 758 2193 quia
771 2132 892 2192 oppor-

90 2217 217 2278 tunum
236 2215 452 2290 dignoscitur,
473 2217 508 2276 ut
525 2214 721 2290 praepositus
735 2214 807 2289 ipse
826 2229 889 2274 ne-

90 2314 226 2388 gotium
247 2311 437 2388 hujusmodi
458 2313 687 2388 prosequatur,
709 2311 891 2387 injungatis

91 2409 257 2484 capitulo,
281 2411 317 2470 ut
332 2409 471 2476 relaxet,
489 2408 576 2485 quod
596 2424 696 2484 super
714 2408 776 2468 hoc
800 2423 889 2484 prae-

92 2508 183 2568 stitit
198 2507 285 2567 idem
299 2507 496 2583 praepositus
507 2508 746 2583 juramentum;
764 2505 892 2582 quodsi

92 2603 281 2681 capitulum
292 2603 564 2675 nonlecerit,v0s
570 2602 795 2678 jnramentum
806 2618 893 2678 prae-

92 2702 224 2764 dictum
244 2701 442 2763 auctoritate
463 2700 651 2776 Apostolioa
668 2700 840 2771 relaxetis,
858 2701 893 2762 ut

91 2815 136 2862 eo
152 2799 305 2860 relaxato
317 2799 472 2860 insistere
484 2798 588 2876 possit
599 2798 795 2874 prepositus
812 2814 891 2874 pro-

92 2897 265 2958 secutioni
288 2896 413 2972 negotii
433 2895 617 2962 memorati,
634 2895 892 2956 contradictores

92 3010 243 3056 censura
263 2993 500 3064 ecclesiastica,
527 2991 658 3054 sublato
683 2991 893 3068 apellationis

92 3090 283 3162 obstaculo,
301 3089 538 3166 compescendo
557 3106 563 3150 :
579 3105 638 3166 pro
652 3089 822 3165 juratione
842 3092 894 3152 ta-

91 3205 176 3251 men
205 3189 340 3250 incauta
367 3188 547 3264 iujungatis
576 3187 683 3248 eidem
716 3188 893 3265 praeposito

91 3286 330 3366 poenitentiam
363 3285 613 3361 competentem.
651 3285 742 3356 Quod
777 3287 806 3345 si
828 3301 894 3346 nou

96 3399 231 3455 omneS,
248 3384 310 3444 etc.
327 3384 445 3445 Datum
460 3382 572 3454 Reate,
587 3383 684 3442 nouis
697 3382 891 3456 decembris,

96 3495 193 3543 anno
215 3479 354 3542 decimo.

431 3657 560 3744 LXIII

202 3801 255 3860 Ad
277 3802 459 3860 uniuersos
485 3799 611 3860 Christi
629 3799 744 3870 fideles
758 3801 795 3860 tn

260 3896 525 3972 Rotbomopenst
543 3897 734 3970 procinctu.

362 4026 392 4082 ll
414 4024 543 4082 decemb.
556 4026 633 4083 lars.

260 4137 411 4203 [Bullatium
424 4141 577 4198 Romanum,
591 4142 633 4200 ΙΙΙ,
645 4155 663 4198 1,
674 4139 739 4206 Ι38.]

95 4253 892 4328 Canonisatios.haurentiiarchiepiscopiDublinensis,

133 4343 217 4417 regis
232 4357 265 4400 ac
278 4343 387 4416 regine
398 4343 540 4401 Hiberniae
554 4343 612 4414 lilii,
624 4344 742 4416 ejusque
755 4345 854 4401 relatio
865 4346 893 4401 in

133 4447 288 4490 numerum
303 4441 467 4489 sauctorum
482 4432 689 4500 confessorum,
706 4439 734 4488 et
753 4431 891 4489 festivita·

133 4523 173 4580 tis
195 4521 323 4593 eiusdem
349 4519 498 4594 praefinitio
521 4536 572 4593 pro
594 4519 770 4578 diedecima
795 4528 893 4592 quarta

133 4609 246 4667 mensis
258 4609 421 4666 novembris
433 4611 585 4680 quotannis
599 4607 786 4666 celebrandae.

137 4737 308 4798 Honorius
319 4737 504 4813 episcopus,
514 4752 631 4798 servus
642 4736 891 4808 servorumDei,

94 4833 270 4896 universis
284 4834 406 4894 Christi
418 4833 570 4893 fidelibus
586 4833 620 4892 in
636 4833 893 4909 liothomagensi

95 4931 276 5010 provincia
296 4931 494 5002 constitutis
514 4931 654 4992 salutem
678 4931 709 4992 et
723 4930 893 5006 Apostoli-

94 5027 461 5092 cambenedictionem.

139 5125 324 5187 ineffabilis
353 5125 561 5202 providentia
583 5123 654 5198 Dei,
675 5125 894 5202 congruentia

95 5222 243 5298 singulis
256 5222 650 5299 quibusquetemporibus
662 5223 814 5284 ordinate
825 5223 896 5284 dis-

94 5335 257 5399 pensans,
272 5319 306 5380 in
318 5319 548 5398 splendoribus
559 5322 760 5392 sanctorum,
782 5321 896 5381 Eccle-

97 5419 187 5478 siam
203 5433 297 5478 suam
312 5419 406 5494 quasi
422 5433 465 5478 ex
476 5419 569 5478 utero
593 5416 718 5492 genuit,
739 5417 816 5478 dum
839 5432 895 5478 eos

97 5515 138 5574 in
151 5514 291 5576 exordio
307 5515 410 5592 ipsius
426 5514 594 5575 nascentis
608 5514 764 5574 Ecclesiae
780 5513 895 5574 crebra

99 5611 340 5673 miraculorum
364 5611 595 5672 coruscatione
608 5609 799 5685 mirificam,
817 5613 849 5673 et
861 5611 897 5672 in

246 5755 361 5800 airaon.
381 5743 519 5803 ronslV.

717 297 951 360 EPISTOLAE.
975 297 1133 358 LIB.'1X.
1221 352 1227 362 Ι

1679 294 1740 354 962

942 456 1091 534 ipsorum
1122 453 1358 516 miraculorum
1392 453 1520 530 fulgore
1544 452 1698 530 obstupet
1718 485 1737 498 -

942 555 1032 614 ciens
1054 555 1180 630 gentes,
1205 569 1245 614 ac
1272 553 1525 629 praedestinatos
1548 553 1582 612 in
1598 551 1736 626 ildega-

943 667 1064 712 nerans
1078 653 1157 712 iesu
1183 651 1317 718 Christi,
1335 649 1368 710 in
1385 653 1479 727 cujus
1495 650 1567 710 haec
1582 649 1655 710 lieri
1671 663 1735 708 no-

943 749 1031 810 mine
1055 765 1095 810 ac
1128 749 1250 810 virtute
1281 747 1454 819 videbant,
1479 747 1568 823 ipsos
1591 747 1736 806 tiliorum

943 846 1131 922 adoptionis
1144 859 1282 906 numero
1297 845 1501 920 aggravavit.

983 943 1108 1004 Deinde
1147 943 1316 1004 crescente
1345 942 1490 1003 fidelium
1524 955 1672 1013 numero,
1707 940 1740 1002 et

943 1041 1167 1112 multitudine,
1190 1041 1303 1118 populi
1317 1040 1424 1102 vocati
1437 1039 1476 1100 de
1490 1039 1647 1109 tenebris,
1660 1055 1736 1100 am-

943 1138 1096 1199 bulantes
1107 1139 1204 1216 juxta
1223 1139 1328 1214 ipsius
1347 1137 1541 1199 vaticinium
1563 1137 1597 1196 in
1611 1137 1737 1198 lumine

944 1235 1074 1296 Domini
1098 1236 1156 1296 Dei
1193 1235 1256 1307 sui,
1284 1234 1447 1295 mirabilis
1471 1233 1680 1310 dispensator
1701 1234 1738 1294 iu

944 1334 1090 1410 pluviam
1116 1333 1249 1408 fulgura
1265 1348 1326 1393 sua
1340 1332 1428 1402 lecit,
1444 1331 1520 1392 dum
1537 1331 1654 1406 signis,
1668 1332 1738 1392 sive

944 1430 1125 1502 miraculis
1148 1447 1221 1508 quae
1232 1446 1298 1491 non
1314 1431 1410 1490 erant
1419 1432 1489 1505 jam
1504 1428 1657 1489 fidelibus
1673 1444 1736 1490 ne-

945 1528 1101 1599 cessaria,
1118 1527 1329 1600 intermissis
1350 1543 1451 1602 super
1465 1541 1569 1587 novos
1585 1526 1736 1602 populos,

944 1627 1104 1702 pastores,
1121 1625 1178 1700 qui
1191 1641 1248 1686 eos
1263 1625 1438 1700 pascerent
1453 1623 1592 1683 scientia
1608 1625 1641 1684 et
1660 1624 1739 1686 doc-

946 1722 1044 1792 trina,
1073 1721 1158 1782 sicut
1186 1736 1245 1798 per
1268 1736 1304 1781 os
1327 1719 1504 1780 Hieremiae
1527 1719 1736 1794 promiserat,

945 1818 1129 1889 suscitavit,
1150 1819 1306 1879 Doctores
1334 1817 1490 1878 Ecclesiae
1517 1816 1654 1889 scilicet,
1681 1816 1739 1893 qui

945 1917 1068 1977 terram
1084 1915 1193 1976 cordis
1208 1914 1355 1975 fidelium
1369 1914 1473 1974 imbre
1487 1913 1740 1976 doctrinaecom-

945 2014 1138 2089 ploveramt,
1157 2013 1189 2073 et
1204 2012 1380 2087 extirpatis
1403 2011 1552 2072 sentibus
1568 2011 1735 2083 vitiorum,

946 2110 1073 2171 eumad
1096 2109 1328 2186 proterendum
1353 2109 1513 2170 virtutum
1533 2125 1685 2184 germen,
1707 2109 1741 2171 et

946 2208 1088 2269 fructum
1103 2207 1180 2268 boni
1197 2207 1306 2283 operis
1320 2206 1552 2267 secundarent.

987 2297 1743 2381 Caeterumquiacaritatelrigesceuteabexer·

947 2403 1024 2462 citio
1050 2401 1237 2478 hujusmodi
1266 2401 1345 2461 boni
1369 2402 1479 2476 operis
1492 2401 1601 2476 torpet
1622 2402 1741 2462 catha*-

946 2501 1042 2571 licus,
1059 2513 1172 2560 errore
1188 2498 1284 2559 devi0
1300 2497 1485 2560 abducente
1501 2498 1621 2560 delirat
1633 2499 1742 2560 haere-

946 2594 1743 2673 ticus,caecutit‚velamineadhucsupercorper·

947 2695 1112 2766 manente,
1125 2694 1273 2766 iudaeus,
1284 2694 1316 2755 et
1328 2694 1363 2754 in
1377 2692 1523 2755 tenebris
1536 2694 1683 2754 ambulat
1695 2695 1744 2754 si-

948 2793 1026 2853 dere
1036 2792 1120 2852 lucis
1130 2792 1275 2852 nondum
1288 2791 1351 2851 sibi
1362 2792 1490 2852 oriente
1501 2794 1672 2866 Paganus;
1685 2793 1743 2851 mi-

949 2889 1092 2950 sericors
1106 2889 1278 2958 Dominus,
1288 2887 1345 2964 qui
1360 2888 1526 2949 neminem
1538 2889 1609 2950 vult
1620 2890 1741 2964 perire,

949 2987 1043 3062 sigua
1059 2986 1225 3047 interdum
1239 2985 1388 3053 innovat,
1412 2988 1444 3048 et
1461 2985 1628 3047 mirabilia
1639 2989 1744 3048 mise-

948 3085 1040 3146 ratus
1055 3085 1216 3155 immutat,
1232 3099 1274 3144 ex
1289 3098 1427 3144 numero
1451 3077 1597 3155 illorum,
1615 3101 1696 3161 quos
1707 3085 1743 3147 in

949 3181 1098 3242 ecclesias
1117 3181 1336 3257 triumphanti
1357 3182 1533 3257 glorificat,
1555 3183 1742 3258 aliquorum

950 3277 1047 3339 tidem
1062 3279 1094 3339 et
1107 3278 1224 3338 merita
1236 3278 1269 3337 in
1281 3277 1437 3339 militanti
1451 3278 1623 3338 miraculis
1636 3278 1744 3340 decla·

949 3376 1123 3437 randorUt
1144 3391 1204 3450 per
1218 3389 1257 3436 ea
1273 3375 1585 3465 Catholicimentis
1606 3376 1742 3452 torpore

950 3473 1111 3543 discusso,
1128 3473 1168 3532 ad
1184 3471 1263 3533 boni
1278 3473 1388 3548 operis
1404 3472 1593 3533 excitentur
1612 3472 1745 3533 instan-

948 3570 1043 3636 tIam,
1055 3569 1217 3641 haeretici,
1232 3584 1347 3630 errore
1360 3568 1509 3639 dImisso‚
1525 3567 1566 3628 ab
1582 3569 1672 3629 invio
1681 3585 1742 3630 re-

950 3667 1113 3728 ducantur
1123 3666 1273 3726 aduam.
1285 3665 1393 3726 iudaei
1407 3665 1504 3741 atque
1514 3665 1742 3740 Pagani,vero
1758 3699 1759 3716 ,

948 3764 1074 3824 lumine
1093 3763 1236 3838 cognito,
1253 3762 1293 3822 de
1306 3761 1453 3824 tenebris
1469 3763 1502 3824 et
1517 3763 1633 3823 umbra
1650 3781 1743 3824 mor-

948 3862 992 3924 tis
1007 3861 1144 3922 currant
1158 3860 1198 3922 ad
1214 3859 1519 3932 Christumlucem,
1536 3861 1635 3934 viam,
1653 3861 1743 3924 veri-

948 3961 1050 4021 tatem
1065 3961 1098 4021 et
1111 3958 1225 4020 vitam.

990 4057 1119 4118 Sanctae
1135 4057 1237 4132 igitur
1249 4055 1418 4116 memoriae
1433 4056 1612 4118 Laurentio
1629 4057 1745 4119 Dubii-

950 4154 1045 4216 neusi
1055 4153 1305 4230 archiepiscopo
1320 4154 1408 4230 apud
1423 4154 1600 4215 ecclesiam
1619 4157 1652 4215 S.
1666 4159 1742 4216 bia-

949 4251 1009 4313 riae
1031 4252 1071 4312 de
1087 4256 1180 4326 hugo
1203 4251 1481 4327 RothomagensIs
1501 4252 1665 4325 dloecesiS,
1688 4253 1744 4314 ubi

950 4363 1069 4424 corpus
1082 4351 1153 4424 ejus
1166 4347 1309 4408 feliciter
1318 4347 1508 4425 requiescit,
1519 4348 1620 4408 claris
1631 4348 1744 4410 divino

949 4461 1086 4507 munere
1115 4446 1312 4506 coruscante
1339 4444 1521 4517 miraculis,
1541 4446 1744 4506 venerabilis

949 4543 1052 4604 irater
1074 4543 1186 4603 noster
1200 4542 1484 4617 archiepiscopus,
1499 4544 1532 4603 et
1546 4541 1658 4605 dilecti
1682 4545 1744 4604 tilii

949 4640 1130 4716 capitulum
1144 4639 1411 4713 Rothomagense
1433 4655 1590 4700 unacum
1612 4640 1742 4712 abbate,

949 4736 1156 4798 etconventu
1166 4735 1323 4796 Ecclesiae
1334 4735 1543 4812 supradictae,
1565 4739 1744 4817 multisque

949 4833 1025 4894 aliis
1041 4831 1299 4909 archiepiscopis
1314 4832 1348 4893 et
1361 4833 1538 4909 episcopis
1556 4834 1742 4908 abbatibus,

949 4931 982 4991 et
996 4929 1162 5004 religiosis
1185 4929 1278 5000 viris,
1296 4931 1367 5004 ejus
1383 4929 1584 4990 venerabilis
1599 4933 1675 4992 vitae
1687 4933 1743 4992 in-

950 5026 1069 5102 signia,
1093 5027 1125 5086 et
1148 5026 1359 5087 coruscantia
1380 5027 1542 5088 miracula
1560 5029 1630 5088 suis
1649 5029 1743 5090 nobis

950 5123 1069 5185 litteris
1096 5123 1288 5184 intimantes
1310 5123 1482 5184 humiliter
1502 5125 1741 5201 supplicarunt,

951 5221 986 5281 ut
998 5220 1108 5296 ipsum
1120 5223 1310 5281 sanctorum
1320 5221 1472 5296 catalogo
1488 5221 1678 5283 adscribere
1690 5239 1745 5286 cu·

950 5331 1112 5388 raremus,
1135 5319 1300 5392 quatenus
1320 5317 1518 5378 auctoritate
1541 5319 1741 5394 apostolica,

950 5414 1069 5490 dignus
1083 5413 1190 5474 honor
1205 5413 1254 5472 illi
1272 5413 1487 5474 exhiberetur
1500 5414 1535 5474 in
1559 5417 1669 5489 terris,
1686 5419 1742 5495 qui

951 5511 1110 5572 sicclaris
1131 5509 1247 5584 signis,
1263 5511 1295 5571 et
1311 5510 1520 5572 evidentibus
1536 5517 1741 5588 argumentis

950 5610 1088 5686 apparet
1101 5607 1284 5672 honoratus
1297 5607 1332 5667 in
1348 5607 1454 5668 coelis.

1514 5739 1546 5798 tl
