3948 6328
247 323 331 424 'ros

269 523 382 584 ctesias
400 523 465 584 tuae
486 522 600 586 videas
626 523 794 600 expedire.
817 525 936 586 Datum
959 525 1063 588 Late-

268 622 355 693 rani,
377 623 423 680 ltl
444 620 607 682 kalendas
622 620 817 694 decembris,
831 637 919 686 anno
932 625 1063 686 octavo.

892 365 1068 428 HONORII
1090 365 1135 426 111
1157 367 1320 429 OPERA.·'

1887 363 1936 424 tot

1166 529 1215 588 Ex
1224 527 1317 604 parte
1325 527 1436 588 vestra
1446 525 1541 588 nabis
1549 522 1938 599 luitbumilitersuppli·

1125 626 1248 696 catum,
1265 624 1301 686 ut
1313 639 1413 700 quum
1421 621 1527 684 felicis
1541 623 1719 685 memoriae
1730 619 1936 682 Caelestinus

1008 767 1010 774 ,
1125 724 1215 796 Papa
1231 720 1457 798 praedecessor
1478 723 1601 792 noster,
1629 719 1852 782 facultatum
1869 733 1936 779 mo-

601 865 746 959 nuvn
863 814 868 823 ’

281 1023 333 1083 Aa
346 1022 556 1097 magistram
567 1023 752 1092 Sdtztaant,
769 1024 1051 1084 archidiaconum

521 1119 818 1180 Zaailaoztansam.

521 1248 556 1306 it
572 1248 704 1306 novemb.
723 1249 802 1306 last.

356 1370 486 1435 [Tbeinen
497 1373 563 1424 Non.
579 1371 701 1430 Poloniae,
715 1377 734 1421 t.
751 1373 771 1431 l,
785 1387 810 1438 p.
827 1372 865 1432 tt,
879 1386 906 1422 n.
917 1371 971 1437 30.]

268 1471 481 1546 rationare
492 1487 698 1556 zavikoztensi,
709 1487 841 1546 dioecesis
856 1486 1065 1558 cracoviensis,

305 1589 321 1632 a
337 1577 519 1650 magnatibus
530 1591 589 1634 suae
605 1578 733 1649 regionis
754 1578 790 1634 ob
811 1578 903 1634 zelum
917 1577 1068 1648 religionis

307 1665 446 1722 insectata
472 1665 645 1738 indulgetur,
669 1673 701 1722 ut
724 1666 753 1723 in
771 1667 900 1724 ecclesiis
923 1664 1067 1737 inquibus

282 1829 287 1834 Ι
305 1751 443 1810 beneficia
457 1753 574 1823 obtinet,
589 1769 640 1828 per
655 1755 776 1812 vicarios
792 1757 880 1828 possit
894 1753 1047 1811 deservire.

310 1880 477 1941 Honorius
491 1880 675 1957 episcopus,
686 1896 803 1942 servus
813 1895 985 1942 servorum
993 1879 1064 1949 Dei,

270 1976 391 2038 dilecto
407 1977 475 2038 tillo
493 1978 653 2053 magistro
673 1979 814 2049 sdizlao,
830 1977 1066 2040 archidiacono

270 2075 513 2146 Zaviltoztensi,
538 2076 769 2136 cracoviensis
787 2074 953 2146 dioecesis,
969 2074 1065 2136 salu·
1103 2089 1104 2096 ¹

270 2174 337 2256 tem
357 2174 391 2234 et
404 2172 627 2248 Apostolmam
639 2171 916 2234 benedictionem.

310 2268 1065 2346 certantibusprojustitiaetlaborantibuspro

271 2365 1066 2444 ecelesiasticalibertate,impendimusauxillum

270 2465 305 2525 et
316 2462 474 2536 levorem,
492 2479 592 2540 quum
608 2464 642 2524 in
658 2464 710 2525 bis
724 2465 828 2526 nostri
843 2464 953 2542 potius
966 2463 1067 2525 noad-

266 2561 397 2638 jutores
412 2561 557 2624 existere
570 2561 756 2635 videantur,
778 2563 834 2639 qui
850 2562 1066 2624 ecclesiarum

269 2659 418 2724 omnium
435 2673 548 2720 curam
563 2660 715 2721 tenemur
726 2673 844 2735 gerere
863 2659 1063 2736 generalem.

270 2761 377 2830 Quum
396 2756 500 2833 igitur
510 2759 669 2835 tanquam
685 2757 738 2818 vir
752 2756 859 2820 tidelis
875 2758 908 2819 et
921 2756 1066 2833 prudens

269 2856 386 2918 contra
410 2870 626 2932 oppressores
654 2853 871 2918 ecclesiarum
887 2855 1064 2930 magnani-

268 2953 369 3016 miter
382 2953 414 3014 te
428 2967 611 3029 opponens,
624 2951 750 3030 pluries
760 2951 801 3017 ad
819 2952 936 3014 sedam
953 2955 1064 3030 Apos-

270 3051 405 3112 tolicam
440 3050 608 3122 laborans
634 3067 699 3128 qua
724 3067 761 3112 re
786 3051 966 3114 multorum
993 3065 1065 3110 ma-

267 3149 404 3224 gnatum
443 3148 636 3211 inimicitias
665 3148 858 3219 incurristi,
890 3147 1009 3225 quibus
1032 3149 1064 3209 te

264 3244 414 3306 indebite
429 3244 703 3321 persequentibus
723 3245 759 3306 in
780 3245 873 3316 locis,
895 3243 1064 3322 inquibus

269 3341 432 3404 beneflcio
454 3341 594 3413 obtines,
622 3343 740 3418 nequis
766 3340 934 3406 interdum
948 3357 1064 3403 secure

268 3439 453 3510 maranisi
477 3438 645 3506 interdurn
672 3438 783 3506 etiam,
811 3438 889 3499 dum
913 3454 972 3515 pro
997 3454 1064 3500 una

268 3535 413 3608 laboras,
427 3535 469 3597 ab
480 3536 622 3597 altarum
638 3534 805 3613 obsequiis
821 3535 1017 3597 subtrahere
1031 3537 1064 3599 te

268 3635 416 3712 oportet:
435 3650 496 3696 nos
519 3633 681 3706 nolentes,
697 3636 733 3695 ut
744 3632 822 3694 inde
839 3633 977 3710 patiaris
990 3633 1063 3694 dis-

266 3732 435 3810 pendium,
452 3731 540 3793 unde
555 3732 726 3809 praemium
743 3731 953 3808 promereris,
969 3731 1065 3793 devo-

266 3831 369 3893 ti0nis
395 3831 460 3892 tuae
483 3829 637 3907 precibus
663 3829 839 3901 inclinati,
867 3829 1064 3892 auctoritate

188 3947 194 3954 ·
267 3928 328 3990 tibi
342 3929 556 4005 praesentium
565 3927 788 4004 indulgemus,
799 3928 836 3989 ut
848 3928 884 3988 in
897 3927 1061 4000 ecclesiis,

267 4040 287 4085 a
301 4024 420 4101 quibus
433 4025 596 4088 beneficia
611 4024 751 4097 obtines,
765 4025 879 4086 valeas
896 4040 956 4102 per
970 4026 1064 4088 vica-

267 4122 337 4182 rios
361 4121 499 4182 idoneos
525 4121 705 4182 deservire.
733 4122 825 4182 Nulli
850 4137 949 4198 erge,
976 4125 1060 4194 eta,

267 4219 391 4281 nostrae
413 4217 651 4288 concessionis,
673 4219 734 4281 etc.
760 4219 795 4279 Si
817 4220 904 4295 quis,
921 4219 983 4280 etc.
997 4221 1065 4280 Da-

267 4318 336 4378 tum
377 4315 545 4388 Laterani,
570 4318 646 4377 Vlll
672 4315 834 4377 kalendas
866 4315 1061 4387 decembris,

268 4415 480 4492 pontificatus
495 4412 602 4475 nostri
614 4427 701 4474 anno
714 4414 842 4478 octava.

581 4681 750 4768 XLVIII
766 4682 769 4692 “

287 4835 341 4895 Ad
353 4811 560 4894 abbatissam
575 4833 608 4892 ct
622 4832 829 4893 conventam
842 4833 877 4892 s.
894 4831 1043 4892 Amouda·

542 4929 786 5005 Ratbomaaan.

525 5056 560 5115 il
572 5055 706 5114 novemb.
724 5057 803 5114 tato.

285 5179 407 5244 [Regest.,
422 5175 468 5224 lib.
484 5171 549 5230 VIII,
564 5169 638 5236 epist.
651 5169 756 5219 sauss.
769 5171 805 5220 La
815 5171 890 5220 Porta
907 5171 940 5220 du
954 5170 1047 5236 nteit]

304 5290 476 5368 adaugendi
504 5300 689 5362 personarum
714 5299 863 5342 numerum
885 5284 1030 5358 usquead

385 5378 639 5452 quadragesimum
654 5373 798 5430 licentiam
811 5373 951 5430 coneedit.

310 5498 489 5568 Honorius,
516 5497 593 5562 eta,
609 5490 740 5555 dilectis
764 5490 798 5550 in
826 5489 957 5552 Christo
972 5488 1063 5550 tilia-

271 5601 370 5668 bus..,
383 5593 559 5658 anbanssae
571 5595 603 5654 et
611 5588 790 5654 conventui
803 5587 916 5650 Sancti
923 5587 1064 5649 Amaudi

272 5697 524 5771 uotbomngen,
538 5691 694 5762 salutem,
710 5690 771 5750 etc.

1124 819 1265 881 uastarii
1288 819 1391 880 vestri
1411 819 1575 896 ‚qualitate
1596 818 1763 896 pensata,
1793 817 1937 878 tricena-

1123 916 1209 976 rium
1229 917 1423 978 monialium
1450 933 1624 979 numerum
1652 916 1687 976 in
1722 915 1936 976 monasterio

1123 1014 1232 1075 vestro
1253 1014 1402 1076 taxatum
1431 1013 1525 1075 vobis
1557 1013 1761 1082 indulserit,
1792 1013 1834 1072 ut
1856 1011 1936 1072 ultra

1122 1110 1231 1186 ipsum
1252 1109 1378 1171 nullam
1403 1111 1605 1186 cogeremini
1628 1111 1800 1188 recipere
1823 1109 1861 1168 in
1884 1124 1936 1169 so-

1123 1223 1243 1278 rorem,
1269 1207 1335 1268 nisi
1357 1207 1440 1269 adeo
1466 1208 1661 1280 monasterii
1682 1208 1937 1269 exarescerent
1966 1224 1967 1278 ι

1122 1301 1308 1373 facultates,
1324 1305 1412 1381 quod
1427 1306 1547 1367 merito
1558 1305 1694 1368 deberet
1708 1304 1855 1366 ibidem
1870 1317 1936 1378 per·
1966 1279 1967 1342 I

1122 1417 1279 1463 sonarum
1304 1417 1462 1463 numerus
1483 1402 1655 1478 adaugeri,
1669 1417 1773 1464 nunc
1789 1400 1935 1461 facidia-
1966 1402 1967 1494 l

1121 1499 1210 1560 tibus
1225 1515 1285 1576 per
1301 1500 1433 1563 Domini
1445 1500 1587 1576 gratiam
1602 1497 1859 1576 augmentatis
1875 1513 1933 1558 vo·
1966 1503 1967 1557 l

1121 1594 1172 1656 bis
1199 1596 1368 1658 licentiam
1391 1596 1536 1672 augendi
1550 1611 1784 1674 personarum
1809 1609 1930 1654 nume·

1121 1709 1195 1754 rum
1222 1709 1326 1772 usque
1350 1693 1391 1754 ad
1418 1693 1711 1770 quadragesimum
1744 1690 1933 1754 concedere
1966 1687 1967 1751 l

1122 1789 1346 1868 dignaremur.
1363 1793 1392 1854 N
1396 1803 1432 1852 os
1448 1792 1561 1869 itaque
1569 1791 1690 1852 vestris
1706 1789 1932 1866 supplicatio·

1121 1888 1220 1950 nibus
1242 1889 1407 1961 inclinati,
1437 1888 1532 1950 vobis
1552 1887 1761 1950 auctoritate
1777 1900 1928 1962 praesen·

1121 1986 1204 2048 tium
1241 1987 1412 2048 licentIam
1454 1985 1667 2049 concedimus
1705 1983 1926 2062 postulatam.
1966 2025 1967 2028 ,

1121 2083 1212 2145 Nulli
1227 2099 1318 2160 ergo,
1334 2085 1410 2155 etc,
1427 2083 1514 2144 banc
1533 2083 1688 2159 paginam
1705 2085 1844 2143 nostrae
1860 2094 1927 2139 con·

1121 2181 1295 2253 cessionis
1325 2181 1387 2242 eta.
1418 2181 1453 2242 Sl
1477 2181 1551 2258 quts
1567 2180 1689 2250 autem,
1716 2179 1787 2240 eto.
1811 2177 1924 2237 Datum
1966 2201 1967 2244 r

1122 2277 1289 2347 Laterani,
1318 2281 1394 2340 Vlll
1421 2277 1583 2340 kalendas
1609 2275 1818 2347 decembris,
1842 2287 1923 2334 anno
1966 2245 1967 2331 I

1121 2376 1248 2440 octava.
1966 2424 1967 2507 1

1459 2737 1580 2827 XLIX

1260 2904 1312 2962 Ad
1336 2897 1551 2964 mercatores
1569 2895 1778 2963 Perusinas.

1379 3050 1413 3109 27
1425 3048 1559 3106 novemb.
1577 3049 1660 3107 teta.

1182 3188 1314 3255 [Theman
1325 3191 1387 3244 eod.
1399 3191 1535 3256 diptdon.
1548 3196 1638 3256 temp,
1647 3191 1667 3251 1,
1677 3189 1718 3249 ts,
1735 3204 1763 3239 n.
1773 3186 1845 3252 rsa]

1118 3333 1235 3392 blandai
1262 3341 1293 3391 ut
1320 3349 1376 3392 non
1397 3334 1528 3392 obstante
1546 3333 1701 3391 cardinalis
1726 3335 1755 3391 S.
1782 3326 1909 3390 Praxedts

1153 3429 1269 3491 statuto,
1285 3437 1320 3479 ex
1333 3438 1365 3479 se
1376 3430 1501 3480 rectores
1511 3423 1621 3496 eligere
1635 3423 1757 3494 possint,
1772 3420 1823 3494 qui
1837 3417 1910 3474 talsa-

1154 3510 1211 3568 rios
1226 3525 1368 3568 mensurae
1382 3516 1411 3567 et
1425 3510 1558 3584 ponderis
1573 3511 1702 3583 puniunt,
1714 3511 1798 3582 pacis
1812 3504 1907 3564 leden

1154 3597 1263 3666 ineant,
1277 3605 1333 3656 etc.

1159 3743 1327 3805 Honorius
1355 3743 1541 3821 episeopus,
1572 3743 1647 3814 ete,
1684 3741 1818 3806 dilectis
1839 3735 1906 3799 liliis

1118 3841 1359 3904 mercatoribus
1371 3841 1553 3914 Perusinis,
1566 3840 1719 3902 salutem.

1158 3940 1251 4000 Licet
1270 3939 1453 4002 incivitate
1469 3939 1632 4002 Perusina
1649 3953 1709 4014 per
1722 3936 1845 3999 statuta
1858 3931 1904 3992 di·

1119 4036 1197 4098 lecti
1212 4035 1274 4095 nlii
1289 4037 1395 4097 nostri
1423 4039 1466 4108 J.,
1483 4035 1572 4098 tituli
1600 4035 1731 4097 Sancta
1751 4028 1903 4097 praxedis

1119 4132 1303 4210 presbyteri
1325 4133 1518 4204 cardinalis,
1544 4132 1775 4208 colligationes
1801 4139 1902 4194 omnes

1118 4234 1151 4292 et
1163 4231 1339 4292 societates
1353 4230 1518 4292 universae
1533 4229 1702 4292 dissolutae
1717 4226 1899 4292 noscantur,

1118 4326 1318 4388 falsitatibus
1341 4327 1451 4390 tamen
1467 4327 1500 4390 et
1514 4327 1638 4404 iniquis
1664 4318 1900 4388 adinventioni·

1118 4424 1180 4485 bus
1193 4423 1411 4500 plurimorum
1422 4424 1559 4486 obviare
1571 4425 1731 4496 valeniae,
1746 4417 1900 4486 universi·

1118 4520 1178 4582 tati
1192 4521 1312 4582 vestrae
1322 4521 1537 4597 praesentium
1548 4520 1748 4582 auctoritate
1762 4513 1901 4581 commit-

1118 4618 1229 4690 timus,
1242 4618 1278 4681 ut
1296 4617 1418 4694 ubique
1439 4619 1575 4694 possitis
1597 4633 1639 4679 ex
1656 4616 1751 4681 vobis
1768 4615 1899 4678 rectores

1118 4715 1252 4792 eligere,
1263 4715 1323 4793 qui
1345 4715 1486 4792 puniant
1501 4715 1678 4778 salsitatem
1701 4715 1738 4776 in
1758 4721 1898 4776 mensura

1118 4812 1151 4873 et
1170 4812 1315 4888 pondere
1339 4813 1592 4887 committentes,
1609 4817 1643 4875 et
1657 4815 1756 4890 prout
1768 4821 1896 4874 consua-

1118 4909 1225 4980 vistiS,
1242 4911 1364 4970 stratas
1378 4909 1540 4982 reficiant,
1551 4910 1644 4987 pacis
1658 4909 1775 4972 ineant
1787 4908 1896 4972 ioedera

1118 5007 1151 5066 et
1176 5005 1216 5066 de
1240 5004 1405 5068 conductu
1430 5007 1558 5083 possint
1582 5007 1758 5084 providere
1783 5015 1894 5070 securo,

1118 5100 1220 5161 salvis
1235 5116 1294 5176 per
1316 5102 1427 5162 omnia
1452 5103 1584 5164 statutis
1600 5102 1737 5174 eisdem,
1755 5105 1792 5164 ut
1817 5112 1899 5164 occa·

1119 5199 1213 5258 sione
1229 5197 1427 5274 hujusmodi,
1439 5215 1500 5260 nec
1516 5201 1691 5262 societates
1702 5201 1757 5260 vel
1774 5199 1897 5272 colliga·

1117 5295 1237 5366 tloneS,
1268 5298 1325 5356 aut
1352 5296 1419 5356 alia
1446 5311 1505 5372 per
1525 5296 1678 5359 eumdem
1706 5295 1896 5359 cardinalem

1118 5391 1260 5452 inbibita
1287 5395 1510 5454 resumantur.
1525 5394 1618 5454 Nulli
1633 5405 1725 5471 ergo,
1741 5395 1817 5466 etc,
1834 5404 1896 5454 nos·

1118 5491 1178 5549 trae
1207 5489 1448 5561 concessionis,
1474 5492 1538 5552 etc.
1562 5492 1688 5568 Siquis
1704 5489 1893 5564 autem,eto.

1120 5585 1237 5646 Datum
1248 5585 1414 5666 Laterani,
1431 5589 1458 5648 V
1474 5586 1542 5651 uel.
1565 5588 1763 5663 decembris,
1780 5582 1895 5668 pontiti·

1121 5682 1578 5746 catusnostriaunoootavo.
1672 5755 1677 5764 ‚
