4036 6330
727 327 957 390 emarcum.
980 327 1058 390 uta.
1083 331 1137 390 rx.
1211 411 1215 420 Ι

92 329 154 390 749

1682 283 1873 388 aa*

91 487 286 550 labruscas.
316 487 371 549 Sic
394 487 498 563 igitur
519 486 673 564 paradiso
697 477 900 549 deliciarum
946 487 1192 550 remanentibus
1205 487 1274 548 suis
1288 486 1744 560 commodisiubiantasmmv·
1844 547 1850 555 ,

92 585 262 662 paulatim
287 585 423 645 reducto
449 585 484 644 in
512 583 737 659 salsilaginem
762 599 805 644 ex
830 580 891 644 ne·
946 583 1025 644 nino
1049 584 1090 644 ed
1115 583 1272 645 saeculnm
1296 585 1373 646 sunt
1396 585 1534 654 reversi,
1558 585 1592 646 et
1612 583 1742 646 abomi-
1810 643 1814 650 .

91 683 205 758 glecto
220 682 387 743 succrevit
400 681 435 741 in
450 696 489 742 eo
504 681 689 741 saliuncula
704 681 889 757 proabiete,
947 681 1063 742 nantes
1079 695 1200 741 manna
1215 680 1348 752 deserti,
1363 683 1492 742 rediere
1508 680 1549 742 ad
1565 681 1649 743 ollas
1664 697 1742 742 car-
1798 700 1800 708 ‘

92 795 132 839 ac
155 781 270 841 urtica
299 794 358 854 pro
384 778 503 854 myrto,
531 778 563 839 et
586 793 644 854 pro
668 778 764 838 suavi
791 779 891 839 odore
946 777 1050 848 nium,
1060 791 1263 850 cucumeres,
1280 778 1371 850 allia,
1386 781 1419 839 et
1429 779 1738 856 paeponesAEgypti.
1803 789 1806 798 ’

91 876 194 936 foetor
209 876 373 947 ascendit,
391 875 629 936 munitionibus
644 879 716 951 ejus
731 889 814 952 pene
830 891 891 951 pe·
947 873 986 934 Et
1004 873 1306 950 quoniamquidem
1324 889 1438 934 omnes
1454 873 1705 935 declinaverunt
1719 889 1739 935 a

91 973 187 1034 nitus
204 973 389 1049 dissipatis.
410 975 504 1032 ltluro
528 987 671 1049 namque
691 973 851 1035 Orientali
872 987 892 1032 a
946 970 1156 1045 regularibus
1174 970 1371 1046 disciplinis,
1391 971 1513 1032 subditi
1527 971 1692 1039 videlicet,
1708 972 1741 1034 et

93 1070 190 1146 siris
213 1069 422 1142 sublimibus,
446 1069 601 1131 videlicet
623 1069 785 1146 superbis,
812 1085 893 1130 cou—
947 1067 1088 1142 praelati,
1111 1067 1276 1144 simulque
1300 1067 1437 1130 inutiles
1466 1067 1545 1129 facti
1571 1069 1658 1139 sunt,
1680 1069 1740 1129 vix

92 1167 215 1238 fracto,
244 1167 391 1228 emollito
415 1165 572 1227 nimirum
600 1167 711 1242 rigore
732 1167 889 1244 justitiae;
946 1163 1114 1225 invenitur
1134 1165 1169 1224 in
1191 1165 1312 1241 eisqui
1329 1165 1430 1226 faciat
1448 1165 1737 1242 bouum,eoquod
1828 1237 1830 1242 ¹

91 1263 231 1340 plagam
244 1265 463 1325 meridianam
474 1265 694 1340 temperantia
707 1279 773 1325 non
787 1264 892 1340 potuit
946 1258 990 1320 sit
1003 1273 1100 1320 omne
1113 1263 1212 1336 caput
1223 1260 1415 1336 languidum
1428 1262 1460 1322 et
1474 1277 1571 1322 omne
1584 1277 1642 1322 cor
1655 1277 1738 1324 moe-

92 1361 277 1433 custodire,
317 1377 382 1438 quo
421 1361 503 1422 foris
539 1363 689 1438 expulsa,
726 1361 821 1438 quasi
850 1360 890 1421 ab
945 1370 1033 1426 reus,
1052 1358 1124 1417 eta
1148 1357 1262 1433 planta
1283 1357 1376 1434 pedis
1392 1373 1496 1434 usqua
1518 1355 1558 1418 ad
1579 1358 1737 1420 verticem

93 1458 232 1519 Oriente
258 1459 467 1520 recesserant
490 1459 526 1519 in
552 1459 668 1519 eadem
693 1458 888 1529 meridiana,
945 1451 980 1511 in
995 1453 1044 1512 eis
1063 1453 1188 1514 sanitas
1211 1469 1276 1515 1101]
1294 1455 1426 1524 existet,
1448 1454 1736 1531 obedidniiaejugo

92 1569 251 1630 campum
279 1555 462 1627 senneber,
483 1557 716 1617 excursionem
736 1555 891 1617 videlicet
946 1548 1084 1625 abjecto,
1101 1552 1135 1611 et
1149 1550 1319 1613 eliminata
1332 1552 1460 1612 nutrice
1474 1551 1659 1614 bumilitate
1673 1553 1738 1612 vir·

92 1651 247 1712 dentium
281 1652 523 1728 gastrimargiae
554 1651 656 1714 dediti
679 1667 820 1714 renuere
851 1667 890 1714 ac
943 1648 1065 1721 tutans
1092 1649 1225 1723 propter
1252 1650 1337 1726 duod
1367 1648 1479 1711 h⁰⁸i08
1503 1649 1658 1725 ingressi,
1683 1650 1736 1710 Vi·

91 1747 297 1820 sacerdctes,
314 1750 347 1810 et
366 1749 547 1826 prophetae,
564 1750 692 1826 praelati
709 1750 840 1826 quidem
857 1750 890 1810 et
945 1743 1059 1806 dentes
1079 1744 1225 1820 ipsorum
1241 1746 1467 1821 ignominiam,
1484 1747 1517 1808 et
1533 1746 1734 1822 salgamium,

92 1844 230 1918 subditi,
249 1848 391 1922 majores
406 1847 542 1922 pariter,
559 1849 592 1907 et
606 1847 755 1912 minores
765 1846 889 1908 absorti
944 1840 1134 1902 deriserunt
1154 1840 1291 1902 sabbata
1311 1843 1511 1904 eorumdem.
1534 1845 1737 1905 construxe-

91 1942 219 2015 aviuo,
238 1959 307 2018 prae
326 1941 485 2004 ebrietate
506 1944 697 2004 nescierunt
710 1943 887 2014 videntem,
943 1940 1023 1998 runt
1034 1938 1156 1999 etenim
1170 1938 1204 1998 in
1223 1939 1295 2000 loco
1311 1939 1505 2000 deliciarum
1524 1940 1649 2003 turrem
1671 1943 1736 2000 Ba-

92 2041 124 2100 et
142 2039 312 2115 judicium
347 2040 559 2114 ignorarunt;
594 2055 733 2116 quorum
765 2055 888 2100 mensae
942 2031 1007 2104 bel,
1036 2034 1225 2110 superbiam
1251 2035 1329 2096 vitae
1352 2036 1387 2096 in
1415 2035 1642 2097 confusionem
1672 2037 1736 2098 du-

92 2138 169 2197 sunt
191 2137 321 2197 vomitu
344 2135 564 2214 sordibusque
586 2137 733 2212 repletae,
759 2136 792 2197 et
811 2136 887 2213 quid
943 2129 1082 2200 centem,
1111 2131 1229 2193 dirutae
1252 2133 1362 2194 turres
1387 2133 1499 2207 gregis
1530 2133 1764 2210 dispersique.
1856 2130 1861 2137 ’

94 2234 256 2309 sequatur
270 2248 313 2294 ex
334 2232 387 2292 bis
404 2233 458 2309 qui
477 2233 572 2295 audit
593 2233 773 2309 prudenter
786 2248 888 2294 aver·
944 2227 1021 2288 sunt
1046 2242 1105 2303 per
1132 2229 1321 2290 universam
1349 2231 1531 2306 AEgyptum
1555 2231 1596 2290 ad
1621 2230 1734 2306 paleas

92 2330 150 2390 tat.
168 2329 333 2400 Quoniam
352 2333 469 2390 venter
490 2331 524 2391 et
541 2329 700 2405 genitalia
721 2330 797 2390 sunt
812 2345 890 2406 pro-
943 2322 1147 2398 eolligendas
1170 2341 1229 2400 pro
1253 2325 1433 2402 coquendis
1455 2326 1625 2398 lateribus
1651 2341 1735 2402 quos

94 2425 231 2502 pinque.
261 2425 356 2486 Unde
381 2426 415 2486 et
444 2425 614 2486 Philistiui
641 2425 681 2486 ab
706 2426 886 2497 occidente,

93 2520 240 2583 luxuriae
256 2523 390 2598 potione
410 2521 576 2594 cadentes,
590 2521 681 2583 velut
695 2537 714 2583 a
730 2525 823 2599 parte
838 2522 890 2583 fo-

93 2617 227 2680 rinseca
241 2619 408 2678 irruentes
428 2618 464 2679 in
486 2618 680 2680 fortitudine
695 2633 767 2679 eam
783 2619 887 2680 mise-

10 2711 17 2730 '
94 2714 250 2776 rabiliter
263 2715 476 2785 enarrarunt,
494 2731 559 2791 qua
573 2715 717 2776 luxuriae
732 2716 889 2791 inquina-

95 2815 203 2872 mento
219 2811 754 2889 prostratadereliquitprudentia
765 2812 885 2884 locum,

95 2908 180 2970 sicut
204 2925 273 2970 non
298 2908 414 2969 valens
440 2908 596 2968 resistere
620 2909 779 2984 aquiloni,
799 2924 888 2984 prae-

95 3003 190 3066 dictis
217 3009 291 3082 ejus
317 3003 485 3065 sodalibus
511 3003 617 3064 tribus
647 3007 679 3067 et
702 3005 886 3081 coadjutri-

96 3100 186 3161 cibus
201 3101 380 3177 superatis,
399 3102 432 3161 et
445 3101 543 3177 plaga
564 3101 692 3162 crudeli
707 3102 885 3179 percussis,

96 3212 132 3257 ac
159 3199 208 3260 sic
245 3198 389 3274 undique
429 3199 561 3275 patente
596 3198 746 3260 hostibus
783 3199 885 3270 aditu,

95 3293 192 3356 timor
215 3294 251 3356 et
274 3294 365 3355 zelus
387 3294 492 3356 divini
513 3295 659 3354 nominis
681 3296 806 3358 stantes
827 3311 886 3372 pro

97 3388 218 3452 foribus
253 3394 460 3463 corruerunt,
505 3407 645 3468 quorum
681 3393 754 3454 loca
789 3393 888 3454 timor

10 3527 11 3530 ,
97 3489 280 3550 mundanus
295 3490 328 3550 et
345 3488 508 3564 cupiditas
521 3503 577 3549 eos
591 3489 685 3565 quasi
702 3505 761 3566 per
778 3505 814 3550 se
834 3490 888 3549 in-

97 3584 181 3647 trant
205 3587 364 3648 ducentes
386 3585 427 3645 ad
449 3585 573 3646 inferos
602 3588 815 3662 occuparunt.
833 3589 889 3646 ln-

943 2417 1088 2481 habuere
1103 2437 1163 2496 pro
1182 2422 1285 2490 saxis,
1306 2423 1440 2484 terrena
1460 2423 1617 2486 videlicet
1635 2439 1736 2500 opera

942 2515 1020 2591 igne
1035 2517 1225 2592 cupiditatis
1246 2519 1380 2581 decocta
1402 2535 1461 2596 pro
1481 2520 1647 2581 soliditate
1662 2520 1735 2580 vir-

942 2614 1061 2684 tutum,
1085 2617 1118 2675 et
1136 2629 1196 2691 pro
1214 2615 1413 2677 humilitatis
1434 2620 1584 2678 cemento
1599 2619 1634 2677 in
1650 2633 1734 2679 con-

942 2711 1232 2772 structioneturris
1240 2713 1406 2788 praedictae
1419 2712 1564 2774 habuere
1572 2713 1732 2785 bitumen,

941 2805 1129 2882 voluptates
1153 2807 1284 2884 quidem
1307 2808 1469 2880 carnales,
1493 2825 1566 2886 quae
1588 2809 1734 2886 profecto

942 2903 1170 2978 conglutinant
1189 2920 1271 2980 quos
1291 2904 1443 2968 inficiunt
1460 2906 1493 2967 et
1511 2909 1731 2984 conjungunt3

942 3013 985 3060 ex
1006 3014 1146 3076 quarum
1168 2999 1295 3071 foetore,
1319 3004 1352 3062 et
1373 3001 1461 3062 fumo
1481 3018 1578 3079 quam
1599 3003 1735 3078 plurimi

942 3084 1140 3157 moriuntur.
1156 3097 1210 3158 Sic
1228 3096 1369 3174 denique
1383 3097 1424 3158 ab
1440 3098 1628 3176 hujusmodi
1641 3101 1762 3188 turre-

942 3192 1148 3254 confusionis
1161 3193 1255 3254 locus
1268 3193 1462 3255 deliciarum
1476 3196 1653 3273 Babylonis
1666 3212 1735 3258 sor-

941 3289 1022 3350 titus
1032 3291 1220 3362 estnomen,
1236 3306 1308 3367 quae
1319 3293 1484 3368 quondam
1496 3293 1735 3370 dilectaposita

942 3387 1041 3448 estin
1056 3387 1264 3458 miraculum,
1283 3404 1383 3465 quum
1405 3389 1521 3450 domus
1542 3390 1648 3467 ipsius
1667 3391 1732 3452 du-

942 3482 1019 3543 dum
1041 3483 1196 3558 gloriosae
1224 3500 1263 3544 ac
1278 3484 1423 3561 inclytae
1445 3485 1643 3547 draconibus
1667 3487 1734 3550 sint

941 3579 1076 3654 repletae
1091 3580 1222 3656 sintque
1233 3579 1394 3642 habitatio
1407 3583 1605 3644 strutionum
1619 3598 1658 3646 ac
1669 3584 1734 3644 sal·

97 3695 268 3744 vasosane
282 3683 330 3744 sic
347 3683 389 3744 ab
404 3683 554 3744 hostibus
568 3680 734 3758 paradiso,
753 3684 888 3758 sapien·
941 3685 1010 3745 tent
1033 3684 1080 3744 ibi
1105 3685 1215 3762 pilosi,
1242 3685 1275 3746 et
1298 3686 1521 3762 respondeant
1545 3687 1579 3746 in
1606 3687 1732 3748 aedibus

97 3777 140 3837 tia
162 3795 236 3856 quas
255 3796 322 3841 non
345 3780 449 3841 intrat
473 3780 508 3840 in
529 3779 718 3840 malivolam
741 3781 886 3840 animam
941 3783 1013 3857 eius
1033 3781 1144 3854 ululae,
1169 3797 1208 3842 ac
1233 3783 1368 3859 Syrenas
1388 3783 1422 3842 iu
1445 3783 1592 3844 delubris
1612 3785 1733 3863 volup·

28 3927 29 3932 ,
98 3877 208 3938 necin
229 3876 360 3938 subdito
382 3877 526 3953 peccatis
544 3892 682 3953 corpore
708 3877 845 3946 habitat,
866 3893 886 3936 a
940 3877 1027 3938 tatis.
1045 3878 1222 3954 Dissipatis
1237 3879 1349 3954 itaque
1367 3879 1479 3940 taliter
1499 3883 1571 3957 eius
1591 3896 1685 3943 muro
1700 3883 1733 3945 et
1754 3931 1760 3942 .

98 3969 166 4032 loco
181 3975 378 4036 deliciarum
393 3973 537 4049 effugata
557 3974 720 4035 discessit.
745 3975 784 4035 st
804 3990 887 4051 quo-
940 3974 1149 4046 antemurali,
1166 3975 1361 4051 plauserunt
1375 3976 1528 4038 manibus
1543 3993 1643 4054 super
1657 3994 1731 4040 eam

99 4068 184 4130 niam
219 4071 363 4147 Spiritus
398 4072 539 4132 Sanctus
565 4071 749 4147 disciplinae
773 4071 885 4132 fictum
940 4084 1054 4134 omues
1069 4074 1282 4132 transeuntes
1302 4088 1362 4149 per
1374 4073 1475 4146 viam,
1501 4074 1733 4138 sibillaverunt

100 4163 221 4241 effugit,
244 4171 277 4228 et
297 4167 407 4229 aufert
429 4183 465 4228 se
489 4183 508 4227 a
533 4167 787 4242 cogitationibus
812 4183 885 4244 quae
940 4168 1161 4229 etmoverunt
1175 4169 1283 4245 capita
1300 4186 1371 4242 sua,
1393 4171 1558 4235 dicentes?
1577 4174 1731 4235 Haeccine

100 4265 170 4323 sunt
193 4266 267 4325 sine
292 4265 475 4336 intellectu,
506 4264 669 4340 sapientia
698 4264 885 4326 discedente
939 4267 990 4326 est
1004 4265 1082 4326 urbs
1097 4264 1232 4343 perfecti
1251 4266 1398 4329 decorisi

100 4357 261 4423 subtraxit
270 4360 520 4438 seasaepedicti
531 4361 714 4421 cultoribus
724 4362 882 4438 paradisi.
979 4364 1025 4424 De
1051 4364 1146 4438 cujus
1174 4364 1373 4425 contritione
1400 4365 1500 4426 Sedes
1527 4367 1728 4441 apostolica,

100 4452 155 4522 Qui
170 4458 315 4532 profecto
329 4474 372 4519 ex
389 4458 487 4534 adipe
507 4457 688 4534 prodeunte
709 4457 884 4534 iniquitate
940 4475 1013 4536 quae
1040 4475 1114 4520 cum
1138 4459 1383 4521 infirmantibus
1409 4461 1598 4524 infirmatur
1628 4466 1660 4524 et
1690 4465 1731 4526 de

99 4546 252 4627 ipsorum,
274 4555 458 4631 depositum
476 4555 620 4615 veterem
641 4554 808 4616 bominem
829 4573 885 4617 re·
939 4555 1143 4618 subditorum
1159 4557 1315 4617 scandalo
1331 4557 1440 4618 uritur
1452 4559 1657 4633 conturbata,
1675 4577 1732 4623 re-

101 4653 272 4723 sumentes,
294 4651 422 4728 abjecta
447 4650 592 4727 imagine
614 4651 692 4712 novi
711 4651 746 4712 in
768 4669 833 4729 qua
852 4657 885 4716 et
939 4653 1092 4730 pictaque
1106 4653 1328 4714 amaritudine
1340 4653 1539 4728 vehementi,
1557 4673 1645 4736 saepe
1661 4675 1729 4721 saa-

100 4757 261 4824 perquam
282 4749 414 4810 fuerant
431 4749 613 4820 reformati,
630 4751 663 4810 et
677 4751 884 4814 comedentes
939 4751 1013 4827 pius
1039 4749 1178 4826 sumpsit
1198 4750 1343 4810 resinam
1364 4751 1405 4811 ad
1428 4752 1645 4829 mitigandum
1667 4756 1730 4819 do·

101 4837 137 4900 de
154 4843 260 4908 fructu
277 4846 360 4920 ligni
377 4846 524 4907 scientiae
546 4845 624 4906 boni
646 4847 679 4907 et
702 4847 792 4920 mali,
810 4849 886 4923 pul·
939 4849 1054 4914 iorem,
1084 4853 1117 4908 et
1141 4847 1280 4908 vulnera
1306 4850 1377 4924 ejus
1405 4851 1566 4924 sananda,
1596 4854 1730 4916 mittens

102 4935 174 5000 chro
197 4945 345 5020 aspectu,
375 4945 407 5004 et
435 4942 623 5004 delectabili
646 4944 687 5004 ad
709 4944 882 5019 edendum,
939 4945 1075 5020 angelos
1089 4945 1182 5020 pacis
1201 4944 1242 5004 ad
1263 4944 1487 5008 exhibendum
1509 4951 1580 5024 ejus
1602 4952 1731 5012 conui-

102 5031 203 5100 fructu
221 5042 304 5116 ligni
325 5041 402 5102 vitm
427 5027 624 5116 contempte,
648 5040 733 5118 quod
755 5043 826 5103 erat
849 5043 884 5102 in
938 5041 1021 5102 tioni
1040 5041 1213 5112 medelam,
1233 5043 1441 5118 corrigendo,
1467 5047 1501 5107 et
1521 5046 1731 5109 reformando

103 5134 201 5198 medio
215 5137 374 5216 paradisi,
390 5138 595 5198 transierunt
608 5138 644 5198 in
659 5131 767 5198 cerdis
782 5139 886 5200 affec-
939 5140 1006 5201 tam
1026 5137 1184 5215 incapite
1203 5154 1302 5216 quam
1321 5140 1355 5200 in
1376 5141 1542 5214 membris,
1563 5159 1638 5219 quae
1652 5159 1730 5205 cor-

103 5227 176 5305 ium,
191 5251 263 5313 quaa
283 5250 344 5295 sua
362 5235 439 5295 sunt
460 5236 645 5311 quaerentes
663 5235 884 5313 potiusquam
938 5235 1110 5303 rectionis,
1140 5236 1173 5296 et
1195 5235 1443 5298 reformationis
1464 5239 1573 5300 officio
1595 5240 1730 5318 indige-

104 5339 168 5399 tiuae
182 5333 314 5405 Christi,
331 5333 364 5393 et
378 5331 446 5408 qui,
462 5333 498 5393 ut
511 5333 622 5393 essent
634 5347 796 5409 pauperes
809 5349 885 5395 con·
940 5333 1033 5408 bant;
1049 5332 1271 5409 sedquoniam
1287 5334 1323 5394 ut
1335 5333 1459 5394 ferrum
1473 5351 1531 5410 per
1545 5351 1602 5397 eos
1617 5340 1732 5400 extra-

106 5419 224 5491 formati
248 5431 291 5502 ei,
312 5429 369 5506 qui
393 5443 493 5505 quum
515 5429 661 5490 omnium
681 5430 773 5492 dives
798 5433 886 5493 esset
942 5432 1075 5493 iteretur
1101 5429 1142 5491 de
1169 5431 1308 5492 vulnere
1330 5447 1397 5492 non
1431 5431 1493 5493 fuit
1516 5432 1657 5510 desuper
1681 5437 1730 5497 eis

106 5531 157 5590 pro
172 5527 266 5588 nobis
281 5527 388 5588 factus
408 5526 459 5587 est
476 5541 611 5602 pauper,
624 5527 782 5588 saeculum
803 5528 886 5588 reli·
942 5529 1066 5600 datum,
1093 5526 1176 5588 illud
1205 5528 1371 5603 melagina
1391 5531 1634 5606 superpositum
1663 5549 1730 5594 non

107 5624 246 5696 sitierunt,
262 5623 407 5703 propriis
426 5621 599 5708 abdicatis,
615 5623 688 5700 plus
707 5625 740 5684 iu
762 5626 885 5687 saeculo
943 5627 1082 5698 curavit,
1113 5625 1175 5688 etsi
1204 5641 1263 5702 per
1283 5626 1392 5702 ipsum
1414 5626 1668 5704 superficialiter
1688 5631 1732 5692 sit
