4102 6322
289 293 332 356 87
894 299 1085 367 morienti
1103 303 1150 366 III
1170 305 1322 368 OPERA.
1884 309 1925 370 8

289 453 365 518 rlso
377 453 603 534 competenter
616 454 663 520 ibt
674 456 728 520 vel
742 457 823 522 alibi
835 460 986 526 scalena
994 465 1085 540 jam·
1136 464 1310 528 inhonore
1323 465 1431 528 beatae
1442 467 1559 530 llarlm
1572 483 1703 546 semper
1713 469 1861 545 Virginis
1873 471 1927 530 esi

287 549 854 632 ι(116166611661616,66611661611616
866 560 1100 629 sacularibus¹
1137 565 1338 634 constructa,
1354 563 1458 626 semel
1482 566 1519 626 iu
1545 565 1748 627 bebdomada
1776 566 1927 628 cilicium

293 649 420 710 ordinis
439 649 613 714 dummodo
628 653 702 715 deri
716 655 827 718 valeat
839 655 965 734 absque
978 674 1082 720 6666·
1136 661 1285 737 ejusdem
1300 663 1451 737 Virginis
1462 662 1654 724 solemniter
1667 663 1836 726 celebrare
1850 679 1929 724 con-

293 745 380 819 dalo,
393 750 426 810 61
438 749 525 826 juris
540 751 733 828 praejudicio
747 752 862 815 alieni.
879 756 998 818 Datum
1013 758 1082 818 La-

292 841 411 919 terani,
425 847 571 910 linones
585 847 757 924 februarii,
774 865 862 914 auno
875 853 982 916 sento.

633 1149 739 1236 CVII

559 1301 611 1362 Aa
638 1303 806 1364 mamaeae.

599 1431 708 1492 1161616
722 1431 780 1492 die.

338 1549 382 1610 lte
395 1551 530 1612 deeeima
543 1555 799 1614 oedoeissdcornm
811 1565 1000 1630 proventuum
1014 1557 1044 1616 iu

386 1641 544 1701 6616111616
558 1645 652 1703 ierne
665 1647 777 1704 &octe
792 1646 994 1705 convertenda.

334 1767 385 1830 Ex
398 1769 492 1845 parte
505 1769 563 1832 tua
577 1769 640 1834 luit
656 1771 752 1836 nobis
768 1773 940 1836 humiliter
957 1773 1087 1852 snppli-

294 1865 416 1938 catnm,
436 1870 473 1930 ut
487 1884 588 1946 quum
602 1871 760 1934 statutum
778 1871 878 1934 luerit
891 1873 1084 1934 vicesimam

294 1961 593 2028 ecclesiasticorum
613 1971 832 2044 proventuum
847 1969 882 2030 iu
902 1968 1085 2029 subsidium

292 2061 406 2122 Terrae
428 2063 558 2124 Sanctae
581 2061 809 2146 [impenderet
824 2067 925 2144 tuque
946 2066 1084 2128 donaria

294 2157 482 2219 reddituum
490 2161 623 2222 nomine
636 2163 798 2224 contineri
812 2180 878 2225 non
889 2164 1037 2237 credens,
1045 2165 1086 2226 de

294 2253 378 2332 ipsis
395 2254 587 2319 vicesimam
602 2274 668 2321 non
682 2261 893 2338 persolveris,
909 2278 1010 2340 super
1022 2263 1086 2324 boc

295 2351 444 2414 nostrum
454 2353 514 2415 tibi
525 2353 767 2433 beneplacitum
775 2359 958 2422 rescribere
968 2362 1088 2437 digna-

295 2463 420 2522 remur,
434 2465 453 2512 6
469 2453 632 2516 sententia
644 2455 680 2516 in
690 2471 747 2517 eos
757 2457 813 2534 qui
825 2457 916 2518 circa
926 2457 989 2519 hoc
1000 2458 1088 2518 irau-

295 2545 369 2608 dem
383 2549 625 2614 committerent
642 2553 849 2630 promulgata
862 2551 1084 2635 [eximentes]‚

295 2641 375 2707 licet
388 2645 422 2706 in
435 2646 499 2709 hac
514 2649 607 2726 parte
623 2650 708 2710 nihil
724 2651 834 2727 egeris
848 2651 1085 2715 fraudulenter.

295 2737 438 2802 Noverirs
452 2741 556 2820 igitur
573 2746 724 2806 nostrum
743 2743 985 2823 beneplacitum
1001 2763 1085 2820 esse,

294 2835 330 2898 ut
349 2836 390 2898 de
415 2838 564 2901 donariis
582 2841 616 2902 in
641 2858 850 2924 utracumque
867 2845 978 2922 specie
992 2845 1088 2907 sactis

285 2949 433 3011 unorum
448 2937 580 3014 singula
595 2955 759 3004 summam
770 2944 945 3020 sexaginta
957 2943 1086 3005 solido-

293 3043 368 3092 rum
386 3037 526 3110 monetae
547 3039 714 3100 turonen.
734 3039 909 3113 excedunt,
927 3039 1088 3118 quantum

294 3128 442 3193 recolere
456 3132 592 3209 poteris,
613 3135 723 3196 solvas
743 3136 936 3199 vicesimam
951 3138 987 3198 in
1001 3154 1090 3216 prac-

295 3224 393 3288 dictae
420 3229 531 3290 Terrae
559 3229 742 3293 subsidium
771 3233 1038 3306 convertendam,
1068 3249 1087 3296 a

294 3321 415 3385 timore
442 3324 600 3402 praedicto
629 3328 662 3389 te
690 3343 844 3390 securum
874 3331 1088 3408 praesentium

295 3421 493 3484 auctoritate
518 3422 704 3500 reddentes,
725 3442 800 3487 cum
824 3427 988 3490 sententia
1016 3429 1088 3507 ipsa

296 3531 504 3597 nequaquam
524 3520 794 3600 inprobabiliter
815 3524 1014 3600 dubitantes,
1032 3527 1088 3588 sed

297 3615 331 3677 in
361 3617 601 3682 committentes
637 3621 782 3684 scienter
809 3621 960 3685 lrarrrlem
990 3623 1091 3686 luerit

296 3713 515 3794 promulgata.
542 3718 686 3790 Quodsi
713 3719 837 3793 ioman,
863 3736 923 3798 pro
947 3721 1090 3799 pleniori

296 3813 509 3876 conscientie
530 3815 597 3878 tuae
617 3817 808 3891 securitate,
824 3817 971 3881 volueris
985 3835 1004 3880 a
1019 3835 1093 3896 poe-

297 3907 490 3971 nitentiario
504 3913 561 3975 tuo
578 3915 611 3974 te
625 3915 822 3978 auctoritate
836 3917 950 3978 nostra
963 3917 1090 3978 secreto

297 3999 425 4066 absolvi
440 4006 544 4068 iacias
554 4008 595 4069 ed
607 4011 780 4072 cautelam.
795 4014 914 4075 Datum
927 4013 1088 4090 utsupra.

631 4283 759 4372 CVIII

335 4437 389 4498 Ad
399 4433 627 4512 propositum
644 4435 677 4498 et
694 4433 881 4510 capitulum
901 4438 1048 4500 durren.

562 4565 581 4624 i
596 4565 729 4626 februarii
745 4565 824 4626 itm.

304 4687 400 4754 [Funde
413 4690 523 4750 lloresu,
537 4691 606 4750 ltu,
621 4697 640 4742 t.
653 4689 947 4758 {respuentibus
963 4688 1076 4755 natium]

296 4817 332 4878 Ut
348 4815 561 4876 venerationem
573 4815 664 4874 beate
683 4817 779 4874 llariae
791 4816 919 4890 Virginis
937 4813 1092 4873 bebdoma-

549 4903 644 4961 dalem
661 4905 837 4962 continuent.

339 5030 519 5106 Honorius,
555 5029 630 5100 etc,
665 5029 844 5106 praeposito
879 5031 914 5093 et
946 5029 1093 5106 capitulo

299 5133 442 5194 Gurceu.

340 5228 432 5292 Solet
447 5239 607 5297 annuere,
624 5237 730 5300 usquc
744 5223 919 5302 impertiri.
937 5227 987 5286 Ex
999 5227 1094 5302 parte

298 5326 461 5406 siquidem
477 5325 588 5386 vestra
616 5321 678 5386 ruit
705 5321 828 5385 nostris
854 5321 992 5382 auribus
1013 5321 1096 5386 inti-

299 5425 436 5496 matum,
462 5420 549 5502 quod
564 5435 665 5500 qurum
680 5419 715 5482 in
730 5419 872 5482 ecclesia
886 5419 1008 5493 vestra,
1021 5435 1094 5498 quac

1136 759 1315 820 sueveritis
1330 759 1373 820 ab
1388 760 1535 837 antiquo,
1548 761 1592 820 de
1605 762 1811 833 Ransboveu,
1834 763 1869 822 ct
1884 761 1930 822 de

1138 857 1364 934 RIchersperg
1373 859 1541 934 praepositi
1555 858 1795 935 Pabreburgen.
1806 858 1933 920 dicece-

1137 953 1324 1031 sis,qnibus
1333 955 1534 1016 venerabilis
1541 955 1933 1033 fraternosterselzpnr·

1137 1053 1250 1127 gensis
1273 1053 1450 1130 epIscopns
1462 1053 1735 1131 metropolitanus
1747 1055 1862 1116 vester
1872 1054 1934 1114 vi-

1138 1150 1328 1212 sitationem
1342 1167 1411 1212 suae
1426 1153 1606 1228 provinciae
1618 1151 1757 1212 duxerat
1770 1153 1933 1212 commit-

1138 1247 1284 1321 tendum,
1299 1265 1341 1310 ne
1356 1249 1390 1310 id
1409 1249 1450 1310 dc
1469 1253 1588 1312 caetero
1610 1249 1761 1311 taceretis
1774 1248 1936 1310 inhibere

1138 1345 1232 1408 vobis
1247 1362 1389 1423 prosuae
1403 1346 1586 1410 voluntatis
1597 1347 1734 1409 arbitrio
1744 1363 1938 1424 praesump-

1139 1445 1268 1519 serunt;
1281 1447 1417 1524 propter
1428 1446 1514 1524 qnod
1525 1445 1566 1506 ad
1578 1446 1697 1508 Sedcm
1704 1445 1935 1522 apostolicam

1138 1542 1352 1618 appellastis,
1374 1544 1411 1606 ut
1435 1543 1591 1620 deinceps
1616 1541 1935 1635 officiumflejnsdem

1138 1639 1298 1717 Virginis,
1312 1641 1399 1704 sicut
1417 1641 1635 1704 consuevistis
1648 1641 1817 1714 hactenus,
1834 1639 1935 1701 cele-

1138 1736 1237 1800 brare
1255 1738 1297 1800 de
1320 1741 1435 1802 nostra
1453 1738 1549 1801 robis
1565 1740 1777 1801 concessione
1798 1738 1933 1810 liceret,

1138 1835 1336 1900 inbibitIone
1346 1837 1537 1916 hujusmodi
1545 1837 1779 1900 nonobstante.
1791 1837 1860 1897 Nos
1871 1835 1937 1912 igi·

1138 1935 1326 1997 terrestris
1335 1935 1435 2012 justis
1450 1933 1725 2012 postulationibus
1738 1935 1834 2010 gram
1847 1947 1937 1994 con-

1140 2035 1314 2096 currentes
1327 2048 1480 2106 assensu,
1501 2033 1696 2096 auctoritate
1721 2031 1816 2094 vobis
1838 2047 1934 2108 prae·

1139 2131 1282 2192 sentium
1306 2131 1519 2192 concedimus
1547 2130 1723 2207 postulata.
1750 2128 1843 2191 Nulli
1870 2144 1931 2189 er-

1139 2243 1194 2304 go,
1211 2229 1287 2300 etc,
1299 2230 1332 2290 et
1346 2229 1470 2290 nostrae
1484 2227 1720 2299 concessionis,
1732 2227 1794 2288 etc.
1809 2226 1843 2286 Si
1852 2226 1933 2303 quis

1140 2325 1262 2397 autem,
1290 2327 1353 2386 ete.
1369 2327 1489 2386 Datum
1503 2323 1669 2396 Laterani,
1697 2325 1727 2384 ll
1750 2322 1932 2384 6666616-

1140 2421 1280 2494 bruarii,
1296 2421 1509 2502 pontificatus
1524 2423 1628 2484 nostri
1643 2435 1730 2484 anno
1746 2421 1851 2482 sexto.

1496 2717 1583 2806 dlx

1141 2869 1194 2928 Ad
1219 2867 1376 2930 abbatem
1400 2869 1436 2930 et
1465 2868 1672 2930 conventum
1698 2866 1816 2928 Sancti
1835 2864 1939 2926 Petri
2037 2863 2039 2938 fl

1393 2968 1435 3028 dc
1443 2969 1533 3028 Sella
1545 2969 1684 3027 trecea.

1401 3098 1420 3156 1
1438 3095 1571 3156 februarii
1591 3097 1670 3156 rma.

1174 3221 1296 3288 [liegest.,
1305 3221 1350 3274 lib.
1361 3223 1405 3282 VI,
1417 3222 1492 3288 epist.
1503 3222 1557 3274 Ἀθ.
1567 3223 1623 3274 lies.
1635 3223 1670 3272 La
1679 3221 1756 3272 Porta
1765 3221 1802 3272 du
1811 3220 1908 3285 l'beil.]

1259 3346 1446 3408 Eisdecimus
1457 3347 1495 3406 de
1509 3347 1660 3406 novalibus
1670 3345 1815 3406 concedit.

1183 3475 1369 3545 Honorius,
1399 3477 1475 3548 etc„
1505 3473 1636 3536 dilectis
1663 3473 1742 3535 tiliis
1769 3471 1882 3536 abbati
1903 3473 1938 3536 et

1144 3572 1322 3634 conventui
1338 3575 1372 3634 S.
1389 3573 1480 3635 Petri
1495 3571 1536 3634 de
1548 3571 1638 3635 Sella
1652 3573 1788 3633 Trecen.

1185 3671 1314 3743 Quanto
1325 3669 1490 3732 sincerius
1499 3668 1572 3731 loca
1580 3668 1739 3745 religiosa
1752 3667 1936 3744 diligimus,

1143 3767 1236 3829 tanto
1250 3766 1408 3829 libentius
1424 3783 1524 3843 super
1534 3767 1598 3838 bls,
1613 3781 1686 3844 quae
1701 3767 1849 3842 ipsorum
1863 3780 1938 3842 pro·

1144 3863 1265 3927 lectum
1285 3865 1480 3942 respiciunt,
1505 3863 1653 3926 savorem
1672 3863 1722 3924 eis
1736 3860 1936 3924 benevolum

1144 3961 1363 4038 impertimur.
1380 3965 1430 4023 Ex
1450 3961 1563 4023 restra
1584 3976 1666 4022 sane
1684 3959 1777 4039 parte
1797 3959 1861 4022 luit
1878 3975 1941 4020 no-

1143 4056 1195 4117 bis
1231 4057 1402 4120 humiliter
1434 4059 1667 4136 supplicatum,
1703 4058 1739 4118 ut
1767 4071 1869 4136 quum
1898 4055 1941 4117 611

1145 4153 1239 4216 vobis
1253 4154 1418 4216 indultum
1437 4155 1479 4217 de
1504 4155 1674 4217 laboribus
1698 4155 1864 4216 terrarum
1880 4167 1940 4215 ec-

1145 4251 1335 4323 clesiarum,
1355 4254 1573 4329 quaeratione
1584 4253 1672 4331 juris
1687 4252 1883 4329 patronatus
1898 4251 1939 4312 ad

1145 4364 1206 4412 vos
1222 4351 1372 4426 spectare
1387 4352 1580 4423 noscuntur,
1603 4349 1749 4412 decimas
1764 4363 1838 4410 curn
1850 4348 1940 4409 inte-

1146 4447 1267 4522 gritate
1291 4448 1462 4524 percipere
1486 4447 1660 4523 indulgere
1688 4445 1782 4508 vobis
1804 4443 1941 4506 1616661-

1143 4543 1292 4605 corditer
1302 4544 1527 4620 dignaremur,
1542 4533 1576 4606 'et
1589 4545 1630 4606 de
1640 4544 1751 4618 terris,
1765 4560 1838 4621 quae
1850 4541 1940 4604 inira

1146 4641 1362 4703 ecclesiarum
1389 4641 1537 4719 ipsarum
1561 4639 1746 4722 [terminos]
1772 4639 1940 4702 haberetis

1146 4737 1187 4800 de
1202 4738 1407 4814 indulgentia
1431 4739 1546 4801 nostra
1565 4737 1771 4816 percipiendi
1796 4737 1941 4800 decimas

1147 4833 1349 4898 facultatem.
1364 4837 1432 4898 Nos
1446 4853 1526 4913 ergo
1540 4836 1661 4898 vestris
1670 4837 1771 4914 Jumis
1789 4835 1941 4914 precibus

1146 4931 1300 4995 inclinati
1316 4933 1528 5010 praesentium
1543 4933 1637 4996 uobis
1655 4933 1854 4996 auctoritaie
1868 4948 1943 4994 con·

1148 5029 1310 5103 cedimus,
1327 5031 1362 5091 ut
1376 5030 1461 5091 inira
1482 5034 1649 5094 terrarum
1664 5031 1816 5108 ipsarum
1827 5030 1943 5092 termi-

1148 5142 1209 5188 nos
1220 5126 1443 5189 denovalibus
1453 5128 1623 5206 percipere
1633 5127 1779 5189 decimas
1790 5127 1940 5189 valeatis.

1149 5223 1242 5285 Nulli
1266 5239 1357 5300 erge,
1379 5225 1455 5296 etc,
1482 5227 1604 5286 nostrae
1620 5225 1858 5297 concessionis
1878 5225 1941 5286 etc.

1151 5321 1186 5382 Si
1201 5323 1274 5399 quis
1287 5324 1412 5393 autem,
1426 5321 1488 5382 cic.
1511 5323 1630 5383 Datum
1650 5323 1818 5397 Laterani,
1836 5324 1867 5384 11
1882 5337 1944 5384 no-

1149 5433 1216 5484 nas.
1226 5417 1398 5492 februarii,
1415 5433 1502 5480 anno
1518 5418 1622 5481 sexto
