4002 6326
85 368 138 430 aas
566 395 569 400 -
675 337 904 422 urrsronm.
928 361 1006 436 ms.
1029 361 1099 425 vu.
1648 365 1712 428 sse

84 527 173 596 diem,
188 518 763 600 qriodeademnonpraejudicetjam
776 519 863 583 dioto
917 519 1078 583 moratam
1087 520 1204 598 inipso
1213 520 1711 600 negotiodsquesddiiiinitisae

84 618 311 700 prepositosel
320 621 393 696 ejus
403 616 556 680 ecclesias
567 617 601 678 in
613 617 756 689 actione,
764 632 863 694 quam
917 619 1093 680 sententiae
1104 618 1270 680 calculum
1282 619 1446 682 duxerids
1454 619 1711 698 procedendum,

85 718 188 780 contra
200 715 374 778 Nicolaum
389 715 422 778 et
436 715 537 777 Otbes
549 713 687 776 comites
698 713 865 776 etismae—
916 716 1049 777 tandem
1063 716 1175 778 tamen
1189 716 1302 794 elapso
1324 717 1468 779 termino
1483 718 1524 779 ad
1540 719 1709 782 arbitran-

84 815 153 878 lilas
176 829 212 876 se
237 813 360 874 habere
384 811 513 874 dicebat
535 811 733 888 praepositus
759 826 865 888 saeps-
918 813 995 874 dum
1023 813 1179 890 praeiiro,
1207 813 1249 874 ad
1282 813 1551 876 terminationem
1586 815 1712 892 negotii

85 913 191 974 dictus.
214 910 372 972 Promisit
385 909 486 972 etiam
506 908 664 986 praeiatus
685 909 864 985 Gregorius
917 909 1054 970 minime
1072 911 1297 986 processistis3
1323 915 1459 988 propter
1485 913 1570 990 quod
1596 915 1712 976 eadem

85 1007 486 1084 secentumquadraginta
501 1021 591 1079 oves,
606 1021 689 1084 quas
703 1007 769 1082 ipsi
784 1021 866 1082 pras-
915 1008 970 1084 jus
995 1019 1092 1067 suum
1119 1021 1187 1067 non
1224 1008 1330 1083 potuit
1365 1009 1523 1070 obtinere.
1553 1009 1710 1073 volentes

84 1105 179 1182 posito
188 1103 337 1177 abstulit,
345 1103 571 1180 eidequuam
582 1103 647 1164 cito
658 1103 865 1179 Hungariam
918 1099 1020 1174 igitur
1030 1102 1066 1162 ut
1079 1099 1156 1160 duis
1175 1101 1290 1164 litibus
1305 1102 1504 1178 imponatur,
1516 1103 1710 1166 discretioni

83 1201 256 1274 intraverit,
286 1200 502 1262 redditurum.
533 1202 626 1262 Licet
650 1201 753 1276 igitur
779 1199 865 1260 idem
918 1198 1037 1259 vestrae
1061 1213 1120 1274 per
1139 1197 1329 1274 Apostolica
1353 1199 1478 1276 scripta
1501 1201 1709 1275 mandamus,

85 1299 251 1374 Gregorius
265 1297 425 1374 quantum
439 1297 480 1358 ad
493 1297 760 1374 impetrationem
775 1297 866 1359 litte-
919 1293 1081 1370 quateuus
1091 1295 1240 1370 partibus
1255 1297 1447 1358 convocatis
1456 1297 1615 1374 inspectis
1628 1299 1711 1360 actis

84 1404 186 1456 rarum
199 1397 390 1457 nostrarum
410 1395 684 1472 compositionem
707 1407 774 1454 non
793 1407 867 1454 ser-
919 1392 953 1452 et
961 1390 1094 1464 auditis,
1108 1392 1138 1452 si
1148 1393 1343 1470 quaedejure
1353 1393 1476 1456 tuerint
1485 1396 1712 1472 proponenda,

84 1492 200 1556 raverit
218 1492 456 1570 supradictam,
479 1491 628 1554 volentes
649 1493 761 1553 tamen
779 1490 865 1568 quod
921 1503 1057 1560 causam
1089 1489 1197 1566 ipsam
1222 1490 1402 1552 secundum
1431 1491 1660 1554 attestationes
1682 1495 1716 1555 et

83 1589 114 1650 in
135 1589 208 1650 aliis
239 1589 387 1650 obtineat
410 1588 553 1650 debitam
582 1587 783 1657 firmitatem,
808 1603 867 1665 per
920 1585 1148 1648 consessiones
1170 1586 1327 1663 praefatas
1347 1587 1380 1650 et
1403 1589 1551 1653 rationes
1571 1589 1668 1662 alias,
1684 1589 1714 1652 si
1745 1669 1748 1676 Ι

83 1684 260 1762 spostolica
275 1685 370 1747 vobis
385 1686 510 1763 scripta
523 1685 730 1757 mandamus,
750 1685 868 1762 quate-
920 1697 1003 1760 quas
1017 1682 1146 1759 dejure
1160 1683 1312 1746 videritis
1331 1684 1564 1759 admittendas,
1582 1685 1712 1750 sublato

84 1798 138 1844 nus
159 1783 250 1844 iiiam
268 1782 310 1844 de
330 1783 451 1844 caetero
473 1782 605 1845 iacietis
628 1782 867 1844 inviolabiliter
920 1779 1154 1856 appellationis
1169 1780 1350 1854 obstaculo,
1373 1782 1402 1842 si
1426 1781 1467 1843 de
1481 1783 1625 1859 partium
1650 1797 1713 1844 vo-

84 1878 254 1952 obserrari,
289 1879 471 1942 secundum
502 1879 644 1941 sormam
674 1889 887 1958 expressam.
919 1876 1047 1938 luntate
1070 1878 1281 1953 processerit,
1298 1878 1364 1940 tine
1380 1878 1491 1941 debito
1513 1879 1712 1953 terminetis,

83 1977 238 2053 superius,
266 1976 490 2054 appellatione
520 1975 716 2053 postposita,
748 1988 868 2052 proce·
920 1972 1080 2038 iacientes
1095 1973 1181 2052 quod
1195 1974 1409 2039 decreveritis
1421 1975 1618 2040 auctoritate
1632 1991 1713 2038 nos-

83 2072 190 2146 dendo,
206 2073 310 2134 nuliis
327 2073 448 2136 litteris
463 2073 669 2136 obstantibus
682 2073 802 2134 barum
816 2075 868 2135 te·
919 2071 974 2134 tra
995 2071 1136 2133 tirmiter
1153 2071 1335 2136 observari.
1353 2073 1510 2151 Alioquin
1523 2087 1598 2136 eam
1619 2073 1709 2134 suid-

82 2185 155 2232 nore
174 2170 278 2233 tacito
304 2185 325 2234 a
351 2170 436 2232 sede
454 2170 646 2248 apostolica
668 2169 865 2247 impetratis.
921 2168 1048 2232 cientes
1071 2169 1269 2233 instructam
1307 2169 1349 2232 ad
1382 2171 1582 2247 apostolica
1618 2170 1716 2233 Sedis

83 2267 165 2339 Quod
185 2267 215 2328 si
235 2281 305 2330 uon
324 2279 451 2342 omnes,
467 2269 530 2331 etc.
553 2269 673 2332 Datum
696 2267 865 2341 Laterani,
920 2265 1098 2328 remittatis
1138 2279 1281 2330 examen
1315 2267 1528 2344 praefigentes
1564 2268 1716 2348 partibus

83 2363 290 2426 iikaiendas
313 2363 484 2439 februarii,
521 2365 734 2442 pontificatus
761 2363 888 2427 nostri
919 2361 1361 2441 terminumcompetentem,
1375 2377 1440 2443 quo
1453 2367 1719 2428 senostrocons·

888 2522 889 2529 ,
921 2461 1033 2538 pectui
1046 2461 1432 2539 repraesententjustam,
1451 2463 1715 2535 danteDomino,

922 2557 1122 2620 sententiam
1134 2559 1329 2634 recepturis.
1346 2559 1438 2630 Quod
1461 2559 1492 2620 si
1506 2574 1573 2621 non
1588 2571 1714 2632 omues,
1846 2568 1849 2579 '

922 2653 985 2733 etc.
1001 2653 1120 2716 Datum
1147 2655 1315 2729 Laterani,
1340 2658 1371 2718 ii
1384 2655 1525 2718 kalend,
1543 2655 1714 2730 februarii,

401 2739 546 2827 LXVII
708 2761 710 2766 '
923 2751 1134 2830 pontificatus
1147 2753 1255 2816 nostri
1268 2753 1522 2832 annosaptimo.

83 2885 295 2988 innormen
316 2889 351 2952 s.
367 2889 469 2952 Petri
491 2893 534 2950 de
560 2887 867 2959 nosocomeion„
919 2883 935 2892 ”

117 2979 147 3048 ct
177 2981 391 3064 mopistrnm
435 2983 630 3048 albericum
665 2981 891 3047 canonicum]

117 3083 345 3146 parisiensi
371 3085 420 3145 W.
443 3081 615 3145 linconen.
639 3083 868 3144 cenomanen.
1237 3073 1403 3170 LXVIII

117 3185 307 3242 θαηθηῑῡθδ·
342 3269 507 3348 manuam
524 3271 603 3333 {m
983 3230 1036 3290 Ad
1048 3231 1323 3306 archiepiscopos
1337 3232 1372 3294 et
1391 3233 1657 3308 epaonense.
1691 3259 1694 3264 ·

98 3395 213 3461 peges,
223 3397 273 3448 us.
283 3395 340 3458 vu,
350 3397 424 3463 episc
439 3393 495 3448 roi.
506 3397 563 3450 sss.
578 3391 851 3460 mensnram]
1184 3359 1217 3417 3¹
1231 3361 1356 3433 1³⁰⁰&st
1372 3359 1451 3420 ¹²²³·

975 3479 1100 3544 strobile,
1111 3479 1216 3534 Tabulas
1226 3483 1281 3536 ord.
1295 3483 1456 3545 i'beatonici,
1468 3499 1494 3550 p.
1504 3483 1560 3546 326,
1572 3499 1598 3535 n.
1608 3482 1677 3552 ³83]
1759 3509 1762 3517 ,

83 3521 189 3580 iiaudat
203 3530 235 3580 ut
254 3520 314 3580 iiue
332 3520 427 3580 debito
446 3535 563 3580 causam
580 3521 654 3578 inter
668 3522 712 3590 B,
726 3519 870 3592 quondam
964 3478 974 3548 s

112 3610 272 3684 bogiorum
287 3610 427 3683 reginam,
446 3615 476 3668 st
493 3609 688 3681 cenomanen.
702 3609 870 3682 episcopum
925 3608 1067 3666 Honorius
1081 3607 1161 3680 iubet
1176 3608 1308 3680 prolatos
1322 3608 1429 3668 ordinis
1445 3609 1612 3668 Tbeutonici
1627 3611 1714 3682 privi·
1811 3643 1820 3654 ·

113 3699 278 3756 terminent.
892 3771 893 3776 ἵ
959 3695 1036 3769 legis
1051 3697 1214 3769 apostolica
1229 3697 1336 3770 legere,
1357 3697 1522 3770 observare,
1537 3697 1715 3756 observanda

118 3815 298 3888 Honorius,
332 3815 409 3886 eto,
443 3812 573 3876 dilectis
607 3811 727 3878 liliis...
760 3812 871 3876 abbati
960 3798 1071 3842 wilfe-

86 3910 190 3972 Sancti
201 3910 296 3974 Petri
310 3909 456 3972 deVaiie
469 3911 657 3982 carnoten,
671 3909 872 3986 etmagistro
893 3925 894 3952 ³
965 3910 1133 3971 Honorius
1142 3909 1327 3987 episcopus,
1338 3925 1454 3973 servus
1462 3926 1635 3974 servorum
1643 3914 1715 3987 Dei,
1734 3915 1739 3926 '
1815 3928 1816 3931 ’

84 4005 229 4069 alberico
243 4006 870 4078 canonicoParisien.,etW.Redonan.
925 4006 1172 4068 venerabilibus
1205 4007 1365 4069 iratribus
1401 4008 1660 4087 archiepiscopis
1684 4011 1718 4074 et

86 4103 304 4168 cenomanen.
328 4104 510 4178 canonicis,
527 4103 667 4166 salutem
681 4103 716 4167 et
727 4103 871 4180 Aposto-
927 4103 1104 4181 episcopis,
1117 4105 1719 4184 etc,salutemetApostoiicambene·

87 4197 178 4262 licam
193 4201 473 4264 benedictionem.
928 4201 1119 4264 dictionem.

121 4299 167 4358 iix
189 4299 287 4375 parte
308 4297 491 4360 carissimae
506 4297 541 4359 in
565 4296 694 4360 Christo
715 4297 799 4359 niiae
822 4299 872 4369 B,
970 4299 1005 4359 Si
1027 4297 1232 4370 discrimina,
1264 4315 1338 4376 quae
1363 4299 1476 4364 dilecti
1506 4301 1568 4362 iiiii
1596 4301 1717 4364 iratres

86 4393 243 4468 quondam
267 4394 450 4470 angiorum
475 4394 600 4469 reginae
624 4394 786 4468 illustris,
813 4394 875 4456 init
929 4394 1110 4472 Hospitalis
1135 4396 1265 4458 Sanctae
1293 4396 1408 4458 Mariae
1441 4398 1720 4460 Theutouicorum

87 4492 285 4567 propositum
305 4506 417 4552 coram
437 4489 543 4562 nobis,
562 4489 649 4568 quod
675 4507 777 4568 quum
800 4492 874 4568 ipsa
928 4491 1222 4568 Hierosolymitani
1237 4507 1298 4568 pro
1315 4485 1509 4554 deie'nsione
1523 4494 1719 4556 christiani-

86 4584 202 4650 diutius
231 4603 333 4665 super
347 4587 489 4648 diversis
510 4587 662 4650 articulis
683 4603 795 4648 coram
823 4587 876 4648 di·
928 4588 1006 4651 tatis
1019 4587 1166 4666 quotidie
1186 4587 1352 4651 sustinent
1374 4591 1411 4650 in
1433 4585 1582 4667 partibus
1605 4593 1719 4654 trans-

86 4684 184 4744 rersis
191 4684 363 4762 judicibus
379 4684 576 4747 auctoritate
591 4684 782 4762 apostolica
795 4700 876 4746 con·
928 4685 1078 4758 marinis,
1113 4687 1147 4748 et
1181 4685 1353 4756 beneficia,
1399 4701 1473 4764 quae
1518 4687 1718 4766 pauperibus
1790 4684 1792 4699 '

86 4779 131 4841 tra
144 4780 374 4844 venerabilem
386 4780 523 4842 fratrem
544 4782 696 4842 nostrum
710 4785 874 4844 Cenoma·
929 4781 1192 4852 subministrant,
1202 4783 1468 4846 consideratione
1481 4786 1623 4850 sollicita
1636 4803 1720 4865 pen-

87 4891 156 4938 nen.
167 4879 362 4956 episcopum
372 4877 547 4953 litigasset,
557 4877 688 4939 demum
698 4879 874 4940 intendens
929 4882 1059 4953 sareiis,
1076 4894 1143 4942 non
1159 4881 1265 4942 scium
1281 4880 1322 4942 ab
1338 4897 1453 4943 eorum
1473 4883 1634 4946 molestiis
1652 4901 1721 4948 ces-

87 4971 252 5050 imponere
267 4973 437 5036 laboribus
451 4974 521 5034 suis
538 4974 648 5048 finem,
664 4989 765 5054 super
783 4993 873 5052 prae-
927 4979 1060 5049 seretis,
1078 4977 1136 5039 sed
1151 4977 1236 5039 aiios
1261 4978 1438 5041 studeretis
1457 4980 1642 5042 districtius
1656 4997 1717 5044 co-

87 5070 190 5132 missis
198 5071 355 5132 omnibus
363 5087 430 5132 una
441 5087 516 5134 oum
526 5075 621 5148 parte
629 5073 734 5136 altera
745 5089 874 5135 renun-
928 5074 1056 5136 hibere.
1082 5076 1245 5137 catarum
1266 5075 1453 5138 audivimus
1482 5079 1516 5139 et
1547 5078 1719 5141 audientes

86 5165 191 5229 iiando
218 5168 341 5230 litteris
367 5169 552 5245 impetratis
582 5173 615 5232 et
643 5171 872 5247 impetrandis,
928 5173 1138 5249 nequivimus
1153 5187 1220 5234 non
1244 5173 1373 5246 mirari,
1397 5173 1482 5250 qnod
1503 5187 1560 5235 eos
1585 5175 1719 5252 quidam

88 5265 321 5341 compromisso
354 5265 505 5338 durante,
533 5267 568 5328 in
600 5283 660 5329 vos
692 5267 752 5329 sub
785 5273 875 5331 certa
929 5261 1079 5331 vestrum
1094 5269 1209 5330 durius
1221 5269 1319 5331 solito
1332 5270 1568 5348 persequentes
1580 5287 1648 5334 non
1663 5289 1720 5336 so·

88 5359 187 5422 iorma
211 5364 371 5438 tanquam
410 5363 452 5423 ad
481 5361 624 5426 arbitros
657 5365 876 5428 amicabiliter
928 5366 998 5426 ium
1013 5365 1294 5442 quereiaseorum
1308 5367 1529 5441 dissimulant,
1549 5370 1607 5431 sed
1628 5370 1719 5446 ipsos

88 5459 388 5548 compromisit3sed
400 5475 472 5533 vos,
484 5459 562 5523 iicet
571 5463 713 5538 receptis
722 5463 872 5536 testibus,
930 5463 1088 5538 gravibus
1103 5464 1238 5540 injuriis
1250 5465 1456 5526 vexaverunt
1470 5465 1503 5526 at
1523 5467 1559 5526 in
1577 5467 1719 5530 damna-

88 5555 118 5616 et
129 5555 396 5618 attestationibus
411 5555 598 5633 publicatis,
610 5560 732 5622 auditis
743 5561 876 5623 conies-
928 5558 989 5620 bili
1010 5561 1179 5637 proposito
1201 5560 1309 5622 adbuc
1333 5562 1558 5636 perseverant,
1583 5564 1719 5627 litteras

89 5651 233 5714 sionibus
248 5653 281 5714 et
294 5653 371 5714 aliis
395 5654 435 5714 ad
458 5669 559 5717 causa
583 5655 779 5720 iacientibus
805 5653 898 5721 me?
930 5658 1061 5719 nostras
1084 5657 1259 5732 generales
1281 5662 1314 5720 et
1339 5659 1536 5736 quandoque
1558 5665 1719 5740 speciales
