4018 6320
287 374 347 435 719
901 367 1079 430 nonoun
1100 366 1145 428 111
1166 365 1312 428 OPERA.
1861 365 1914 423 7:¹0

285 527 428 596 fideliter
452 533 548 596 nobis
565 531 742 606 intemetls,
759 543 799 597 ac
815 527 997 608 injungatis
1011 527 1074 605 lpsi
1131 526 1338 596 mandamus,
1358 525 1524 601 quatenus
1540 522 1665 600 slngull
1686 521 1788 584 vestri
1801 521 1913 598 buJus·

287 631 462 693 conventui
486 632 522 692 ut
546 630 679 691 nuntios
703 644 781 690 suos
805 627 845 688 ad
865 625 1076 704 praesentiam
1131 621 1218 682 modi
1234 620 1388 682 dioecesis
1411 636 1480 680 suae
1498 618 1630 680 clericis
1648 619 1826 680 secundum
1848 619 1911 680 lor-

286 729 434 793 nostram'
451 743 526 800 cum
538 729 649 789 vestra
661 725 823 787 relatione
838 723 1074 790 transmittant,
1131 733 1218 778 marn
1234 717 1390 779 Ecclesiae
1403 715 1601 777 beneficium
1621 715 1837 776 absolutionis
1852 717 1912 775 im·
1981 737 1982 764 l

286 814 479 887 discretioni
503 829 623 886 vestrm
651 839 710 900 per
736 822 925 900 Apostolica
953 819 1076 894 scripta
1131 815 1276 892 pendant
1304 817 1337 876 et
1369 830 1442 875 cum
1471 815 1520 874 eis
1546 813 1671 874 iaciant
1707 812 1911 889 superciliis,

285 921 491 993 mandamus,
509 923 671 998 quatenus
691 920 830 980 durante
852 931 1008 994 processu
1024 915 1078 976 in·
1131 913 1229 987 prout
1240 911 1427 972 animarum
1443 925 1579 971 suarum
1594 909 1696 972 saluti
1710 909 1851 970 viderint
1865 925 1913 968 ex·
1981 933 1982 954 i

287 1020 478 1097 quisitionis
500 1017 689 1095 hujusmodi
704 1017 829 1078 nuntiis
844 1015 926 1091 ipsis
945 1012 1077 1074 faciatis
1131 1007 1255 1086 pedire.
1280 1008 1399 1069 Datum
1423 1007 1590 1082 Laterani,
1614 1009 1659 1068 v1
1683 1005 1841 1067 kalendas
1862 1005 1914 1067 de·

285 1118 322 1178 in
335 1117 490 1193 expensis
503 1116 543 1176 ad
558 1117 621 1176 hoo
634 1113 834 1176 necessariis
844 1126 990 1188 congrue
999 1125 1078 1186 pro-
1132 1104 1284 1176 cembris,
1302 1121 1389 1166 anno
1404 1120 1501 1166 nono.

286 1213 404 1275 videri.
442 1213 719 1284 contradictores,
744 1213 805 1272 etc.
840 1208 931 1284 Quod
958 1207 987 1267 si
1011 1222 1076 1267 non

285 1325 411 1382 omnes,
428 1311 490 1371 etc.
508 1311 626 1370 Datum
651 1307 820 1378 Laterani,
836 1307 896 1368 Vll
917 1303 1077 1366 kalendas

286 1406 482 1484 decembris,
496 1421 584 1468 anno
597 1421 696 1468 nono.
1441 1375 1609 1462 XXXIII

1163 1523 1215 1583 Ad
1229 1526 1402 1598 episcopos
1416 1525 1646 1602 Apetbcnsem
1659 1525 1693 1586 et
1711 1525 1887 1595 Vtceusem,
1981 1551 1982 1576 r

1234 1619 1268 1679 ct
1288 1622 1567 1683 archidiaconum
1581 1621 1819 1698 Apatbenscm.

608 1673 754 1760 XXXII
1388 1750 1665 1810 nasamonas.

284 1829 337 1889 Ad
350 1827 643 1899 archiepiscopum
661 1824 969 1899 Rolbomapcnsem
985 1820 1018 1883 et
1033 1821 1077 1882 od

336 1925 511 1997 episcopos
526 1925 562 1982 ta
575 1917 973 1983 Normonniaconstitut
1013 1959 1021 1977 .

537 2051 572 2109 20
587 2049 721 2108 novemb·
739 2047 817 2106 Μ
1131 2007 1173 2062 Eo
1187 2003 1263 2077 quod
1283 2004 1371 2064 abbas
1388 2005 1484 2064 Sancti
1504 2007 1641 2066 Willelmi
1659 2005 1696 2063 de
1716 2007 1839 2063 Desertis
1854 2021 1908 2064 effi.

1156 1872 1278 1937 lberam,
1290 1872 1335 1924 lib.
1348 1873 1393 1936 lx,
1408 1873 1482 1938 epist.
1492 1874 1534 1924 66.
1547 1875 1606 1926 Heu.
1621 1875 1658 1926 la
1671 1875 1750 1926 Porto
1763 1873 1796 1924 du
1809 1873 1894 1939 rum]
1981 1865 1982 1882 *

1166 2098 1243 2149 serat
1257 2091 1401 2150 abbatiam
1414 2101 1443 2150 et
1456 2093 1560 2150 exinde
1573 2093 1647 2150 lacta
1663 2093 1755 2151 luerat
1765 2095 1859 2151 electio
1871 2095 1907 2150 al·
1981 2111 1982 2154 l

316 2177 437 2242 [negest.,
449 2175 494 2226 lin
505 2173 549 2234 lx,
564 2173 639 2238 epist.
651 2171 690 2222 ⁷¹·
702 2173 760 2224 llss.
773 2171 810 2223 ¹⁴²
821 2171 1046 2238 renonciliati]
1166 2180 1254 2237 terius
1274 2180 1380 2252 absque
1401 2181 1516 2239 licentia
1538 2195 1631 2254 papa,
1652 2189 1773 2255 utraque
1791 2183 1874 2239 cessio
1887 2190 1910 2238 ct
1981 2179 1982 2246 l

285 2302 365 2376 Facit
389 2301 432 2358 eis
451 2306 632 2372 potestatem,
657 2297 778 2358 clericos
796 2297 928 2356 dioecesis
950 2297 1076 2370 ipsorum
1166 2269 1267 2326 ⁰¹⁹⁰ii⁰
1282 2269 1416 2328 “immi

320 2391 389 2449 olim
408 2405 424 2446 ³
444 2390 489 2457 Ge
513 2387 609 2446 Siniti
630 2387 743 2487 Martini
764 2385 912 2456 iridissfliis
927 2386 962 2444 Α·
985 2385 1013 2442 S·
1033 2384 1074 2442 ¹⁶·
1170 2359 1836 2480 Honoriusepiscopus,servusservorum
1844 2406 1907 2477 Dei,
1981 2357 1982 2452 i

319 2486 397 2552 εὕων
425 2483 540 2550 propter
560 2474 781 2534 ⁰⁰⁰⁰¹¹b¹¹¹⁸²¹¹m
803 2473 1075 2542 ⁰¹⁰0¹¹¹¹¹¹¹¹¹¹i⁰³i⁰⁸r
1130 2499 1378 2562 uenerabilibus
1402 2500 1599 2563 iratribus...
1633 2503 1825 2579 Agatbensi,
1848 2506 1906 2564 et...
1981 2495 1982 2498 ’

318 2582 384 2626 cum
399 2566 485 2624 certis
498 2564 708 2622 conditionibus
722 2561 899 2620 absolvendi.

1131 2597 1303 2659 vicensi...
1320 2599 1496 2676 episcopis,
1510 2600 1543 2661 et
1558 2599 1679 2663 dilecto
1694 2600 1801 2661 lilio...
1816 2600 1909 2660 arebl-
1981 2597 1982 2600 ’

319 2701 492 2764 ,Honorius
503 2701 689 2777 episcopus,
700 2711 996 2759 seruusserrorum
1003 2697 1074 2770 Del,
1130 2693 1269 2757 diacono
1283 2695 1476 2771 Agatheam,
1494 2696 1684 2759 salutemet
1701 2697 1907 2774 Apostolicem
1981 2751 1982 2756 ,

284 2796 533 2862 venerabilibus
544 2795 739 2859 iratribus...
754 2794 1013 2869 Rothomagensi
1026 2809 1077 2854 ar·
1129 2790 1405 2874 benedictionem.

282 2898 504 2974 chiepiscopo,
553 2895 622 2956 et..
662 2890 875 2969 Bajocensi...
913 2890 1074 2952 Ambrin-
1170 2888 1289 2950 Dilecti
1308 2888 1370 2950 lilii
1392 2891 1574 2952 conventus
1595 2893 1791 2954 monasterii
1811 2892 1907 2954 Sancti
1981 2905 1982 2976 i

282 2995 413 3058 censi...
442 2991 674 3055 Ebroicensi...
703 2988 940 3050 Lexoviensi...
968 2989 1075 3050 cons
1130 2984 1290 3046 Willelmi
1309 2985 1350 3047 de
1368 2987 1513 3049 Desertis
1528 2988 1718 3050 immediate
1733 2989 1775 3051 ad
1794 2992 1905 3051 Roma·
1981 2977 1982 3064 ζ

282 3084 1076 3163 tentiensl...,etLagiensi...episcopis,salutem
1131 3096 1207 3142 nam
1227 3077 1408 3144 Ecclesiam
1432 3085 1631 3160 pertinentis
1652 3087 1723 3147 suis
1744 3086 1835 3148 nobis
1856 3086 1906 3146 lit·

284 3191 318 3252 et
328 3186 552 3263 Apostolicam
566 3183 844 3245 benedictionem.

1130 3177 1211 3240 teris
1225 3179 1431 3252 intimarunt,
1453 3181 1576 3257 quod...
1596 3181 1698 3242 abbas
1718 3197 1829 3244 eorum
1842 3197 1908 3242 sen·
1981 3171 1982 3258 i

323 3282 486 3345 Exhibitae
510 3280 606 3342 nobis
631 3296 675 3342 ex
701 3281 794 3356 parte
817 3279 930 3341 vestra
956 3278 1075 3340 litterae
1131 3275 1217 3337 tiens
1232 3291 1268 3338 se
1282 3275 1538 3338 insufficientem
1558 3279 1653 3340 oneri
1672 3279 1840 3356 regiminis
1855 3278 1907 3339 ab·
1981 3269 1982 3272 ’

277 3379 508 3450 continebant,
525 3377 610 3456 quod
627 3375 780 3437 nonnulli
794 3376 981 3438 vestrarum
997 3376 1076 3438 dios
1129 3372 1228 3436 batiae
1241 3375 1342 3435 cessit
1358 3373 1392 3434 in
1410 3373 1563 3458 manibus
1577 3376 1781 3448 eorumdem,
1794 3377 1907 3454 ipsique
1981 3353 1982 3422 ᾗ

283 3491 397 3546 cesum
411 3473 525 3552 clerici
540 3473 575 3534 in
594 3473 700 3534 sacris
719 3469 892 3533 ordinibus
906 3471 1074 3534 constituti
1131 3469 1287 3530 dilectum
1303 3470 1408 3530 filium
1426 3474 1476 3544 G,
1498 3472 1697 3534 monachum
1714 3473 1824 3536 Sancti
1840 3474 1908 3534 Vic-
1981 3495 1982 3498 ¹

283 3569 637 3639 excommunicationis
662 3567 866 3629 'sententiam
901 3584 921 3629 a
955 3567 1075 3630 dilecto
1130 3566 1213 3628 toris
1229 3567 1462 3640 Massiliensis,
1475 3569 1647 3645 elegerunt
1661 3568 1908 3632 canoniceinab

283 3671 353 3731 filio
372 3669 486 3730 nostro
506 3671 557 3739 G„
579 3665 670 3727 tituli
687 3664 801 3726 Sancti
819 3664 956 3725 Martini
978 3680 1075 3742 pres·
1130 3661 1251 3734 batem,
1278 3663 1514 3740 'supplicantes
1542 3665 1577 3728 ut
1606 3681 1722 3728 eorum
1750 3667 1906 3745 parcentes

281 3767 398 3844 bytero
414 3763 588 3835 cardinali,
603 3762 682 3824 tunc
696 3761 894 3837 apostolicae
913 3761 1007 3822 Sedis
1022 3762 1075 3823 le·
1130 3757 1311 3834 laboribus,
1329 3763 1361 3822 et
1383 3761 1539 3839 expensis
1558 3763 1754 3825 electionem
1776 3765 1907 3842 ipsorum
1981 3775 1982 3850 j

282 3866 372 3941 gato,
396 3862 498 3924 latam
522 3861 557 3922 in
580 3857 835 3921 concubinarios
859 3859 999 3920 clericos
1023 3859 1077 3920 in·
1130 3855 1316 3916 faceremus
1328 3857 1362 3917 in
1379 3858 1447 3919 illis
1462 3859 1610 3934 partibus
1625 3860 1824 3922 confirmari,
1840 3863 1906 3922 Cum
1981 3851 1982 3880 i

279 3959 470 4036 currerunt,
510 3959 542 4020 et
576 3955 795 4018 absolutionis
820 3954 981 4018 beneflcio
1009 3973 1075 4018 non
1132 3953 1234 4028 igitur
1270 3952 1378 4015 dictus
1402 3954 1505 4017 abbas
1531 3956 1650 4018 cedere
1682 3958 1756 4020 sine
1788 3957 1908 4020 licentia
1981 3939 1982 4024 i

284 4054 416 4120 obtento
440 4053 475 4112 in
502 4049 572 4111 suis
597 4053 882 4126 praesumpserunt
905 4050 1075 4112 ordinibus
1131 4050 1244 4111 nostra
1259 4051 1458 4127 nequiverit,
1473 4069 1533 4114 nos
1548 4055 1616 4115 tam
1628 4055 1812 4118 cessionem
1823 4070 1908 4132 quam
1981 4071 1982 4132 ᾗ

284 4152 484 4212 ministrare.
511 4145 605 4210 Unde
624 4162 699 4207 cum
723 4148 809 4209 sicut
827 4148 979 4208 asseritis
994 4164 1075 4225 per·
1131 4146 1325 4208 electionem
1341 4149 1517 4224 praedictas
1533 4150 1750 4214 decernentes
1762 4153 1868 4214 irritas
1881 4152 1908 4212 et

282 4248 475 4342 plenitatem
495 4260 560 4305 non
578 4243 740 4304 modicam
761 4243 983 4317 incurreritis,
1001 4261 1074 4306 cum
1130 4243 1260 4317 inanes
1288 4244 1481 4308 discretioni
1509 4248 1629 4308 uestrae
1653 4265 1713 4326 per
1734 4249 1910 4328 apostolica

237 4410 241 4418 ,
282 4345 434 4425 praedicti
453 4357 521 4404 non
540 4341 670 4419 possint
689 4341 725 4401 in
747 4341 817 4401 suis
837 4342 988 4402 ecclesiis
1003 4343 1075 4404 sine
1130 4343 1253 4419 scripta
1264 4343 1469 4416 mandamus,
1480 4347 1643 4421 quatenus
1653 4345 1805 4410 abbatem
1816 4347 1908 4424 ipsum

283 4444 471 4506 animarum
486 4438 635 4517 periculo
649 4437 829 4506 deservire,
843 4439 876 4499 et
895 4439 923 4499 si
941 4455 1077 4502 amove·
1131 4439 1204 4500 loco
1219 4455 1279 4502 suo
1294 4441 1427 4503 restitui
1442 4439 1584 4514 iacietis,
1599 4458 1663 4519 quo
1676 4443 1806 4522 integre
1819 4443 1908 4505 resti-

281 4542 363 4604 retis
385 4539 518 4604 eosdem
543 4537 602 4598 alii
623 4535 736 4597 idonei
757 4535 798 4596 de
821 4534 912 4596 facili
934 4537 1075 4614 reperiri
1130 4536 1211 4608 tuto,
1233 4537 1306 4598 vice
1330 4540 1444 4600 nostra
1468 4539 1640 4616 recipiatis
1664 4543 1846 4603 cessionem
1864 4541 1909 4618 ip-

279 4653 349 4701 non
364 4637 509 4712 possent,
524 4632 662 4696 etmulti
678 4648 722 4694 ex
736 4633 1075 4710 eispropterviarum
1130 4633 1210 4706 sius,
1237 4634 1400 4711 siquidem
1424 4635 1543 4697 cedere
1569 4639 1687 4714 sponte
1710 4639 1858 4710 voluerit,
1881 4637 1909 4698 et

282 4735 442 4814 pericula,
459 4749 594 4794 suorum
609 4731 812 4794 debilitatem
833 4747 1019 4809 corporum,
1043 4735 1076 4795 ei
1130 4729 1192 4798 boc
1214 4730 1280 4808 ipsi
1301 4732 1504 4794 monasterio
1526 4733 1677 4797 videritis
1699 4737 1907 4814 expedirent
1981 4743 1982 4768 l

282 4841 505 4906 expensarum
529 4825 692 4889 delectum
721 4826 762 4896 ad
786 4841 846 4888 nos
869 4826 986 4888 uenire
1011 4843 1073 4888 ne·
1129 4827 1282 4889 tribuatis
1326 4830 1503 4892 conventui
1548 4831 1706 4908 praedicto
1754 4833 1904 4895 licentiam
1981 4835 1982 4882 l

157 4922 160 4930 ’
283 4924 408 5004 queant
439 4922 657 4986 absolutionis
691 4921 888 4984 beneficium
918 4925 1072 5001 petituri,
1129 4925 1233 4986 alium
1245 4925 1399 5000 eligendi,
1414 4927 1448 4987 et
1461 4926 1667 5001 electionem,
1685 4929 1714 4989 si
1727 4929 1767 4991 de
1778 4943 1903 5008 persona

279 5023 377 5087 nobis
405 5020 575 5082 humiliter
600 5019 825 5096 supplicastis,
858 5021 895 5082 ut
926 5035 1001 5082 cum
1026 5023 1074 5084 eis
1127 5021 1247 5082 idonea
1276 5021 1377 5083 luerit
1405 5020 1571 5084 celebrata
1600 5025 1773 5100 canonice,
1798 5025 1903 5088 contin
1981 5073 1982 5096 ,

280 5135 381 5198 agere
400 5113 661 5184 misericorditer
674 5116 899 5189 diruerentur.
922 5119 991 5180 Nos
1009 5135 1073 5180 au·
1128 5119 1235 5180 metis.
1253 5119 1401 5180 Electum
1419 5119 1460 5180 ad
1482 5121 1706 5198 Apostolicam
1724 5125 1836 5186 sedem
1853 5137 1902 5200 pro
1981 5097 1982 5140 ³

281 5221 349 5283 tem
372 5216 428 5293 qui
451 5213 695 5276 absolutionem
714 5229 781 5275 non
801 5213 972 5276 uinculum
993 5231 1075 5293 que-
1127 5215 1318 5294 recipiendo
1332 5215 1575 5278 benedictionis
1590 5235 1729 5282 munere
1743 5221 1902 5283 transmis·
1981 5207 1982 5224 ¹

274 5315 385 5388 rimus
406 5313 592 5388 animarum
612 5310 707 5374 etad
727 5311 991 5374 misericordiam
1013 5329 1074 5388 po·
1128 5313 1208 5372 suri.
1226 5312 1317 5384 Quod
1337 5312 1367 5372 si
1381 5328 1448 5374 non
1461 5329 1586 5387 omnes,
1602 5317 1663 5378 etc.
1684 5318 1803 5379 Datum
1818 5317 1902 5379 Late·
1981 5291 1982 5326 ³

278 5411 346 5480 tius
360 5408 512 5486 quemad
525 5407 689 5486 judicium
703 5407 801 5485 proni
815 5423 889 5470 esse
902 5408 1070 5483 debemus,
1126 5409 1212 5482 rani,
1237 5411 1266 5470 V
1294 5408 1455 5472 kalendas
1482 5411 1678 5488 decembris,
1706 5415 1900 5492 pontificatus

280 5505 481 5587 trateruituti
506 5506 626 5572 uestrae
647 5519 707 5583 per
736 5505 926 5583 apostolica
947 5508 1072 5584 scripta
1127 5505 1233 5582 nostri
1248 5519 1335 5568 enno
1348 5520 1448 5568 nono.
