4104 6330
123 355 178 416 237
721 353 949 417 EPISTOLAE.
972 355 1051 418 LIB.
1073 356 1144 420 vll.
1692 357 1753 420 238

158 508 356 574 «Universis
376 507 500 575 sanotae
515 507 632 574 matris
650 511 813 596 Ecclesiae
824 512 903 575 liliis
998 517 1090 580 Nulli
1105 529 1186 594 ergo
1202 519 1338 582 omnino
1352 520 1524 596 bominum
1543 519 1643 582 liceat
1662 518 1750 582 lianc

123 611 158 672 ad
172 625 249 688 quos
267 624 415 686 praesens
433 609 592 686 scriptum
611 611 812 688 pervenerit,
829 613 904 674 Ste—
960 617 1115 692 paginam
1135 619 1257 679 nostrae
1275 617 1536 680 confirmationis
1553 617 1749 694 intringere,

122 708 240 786 planus
266 706 486 783 permissione
509 705 622 768 divina
651 709 903 771 cantuariensis
958 713 1010 776 vel
1034 714 1066 774 ei
1090 729 1175 774 ausu
1198 716 1375 776 temerario
1402 714 1580 777 contraire.
1612 716 1647 776 Si
1678 715 1752 792 quis

121 803 390 880 archiepiscopus,
419 803 520 865 totius
547 804 676 880 Angliae
710 806 835 882 primas
868 806 902 867 et
959 813 1068 874 autam
1090 812 1153 874 hoe
1176 813 1341 874 attentare
1357 814 1616 890 praesumpserit,
1640 812 1752 889 indig-

121 901 232 962 sanctae
244 903 402 963 Romanae
415 900 572 963 Ecclesiae
587 901 779 974 cardinalis,
797 903 900 964 aetar-
958 909 1124 971 nationem
1160 909 1396 987 omnipotentis
1430 911 1489 972 Del
1519 910 1551 973 at
1576 906 1750 973 beatorum

120 1015 189 1060 nam
202 998 236 1058 in
249 998 389 1059 Domino
400 999 551 1060 salutem.
569 1000 653 1061 Ante
664 999 774 1062 cordis
787 1001 902 1062 oculos
958 1005 1048 1068 Petri
1061 1009 1094 1068 et
1113 1007 1209 1068 Pauli
1226 1008 1452 1085 apostolorum
1467 1010 1539 1084 ejus
1559 1022 1595 1068 se
1620 1007 1751 1070 novant

122 1095 294 1158 statuentes
317 1095 562 1158 inaestimabilis
585 1095 789 1158 affluentiam
813 1099 903 1159 cari-
956 1104 1179 1164 incursurum.
1195 1107 1314 1166 Datum
1327 1104 1494 1177 Laterani,
1512 1105 1557 1167 Ill
1573 1117 1679 1166 nonas
1693 1119 1751 1165 no·

119 1195 198 1264 tatis,
217 1209 283 1270 qua
297 1193 534 1256 monasterium
553 1195 807 1256 Pontiniacanse
818 1193 902 1257 baa-

118 1291 271 1352 lissimum
307 1291 487 1369 martyrem
520 1292 679 1354 'rhomam
712 1293 901 1370 praedeces-

119 1403 216 1450 soram
240 1390 392 1450 nostmm
419 1387 455 1449 in
481 1388 584 1452 exilio
608 1390 821 1452 constitutum
842 1390 903 1452 be-

118 1487 208 1561 nigna
240 1486 378 1562 recepit,
415 1485 449 1548 et
480 1487 512 1548 ai
539 1487 631 1562 pium
662 1488 901 1565 compassionis

118 1583 261 1644 solatium
275 1582 484 1645 abundanter
504 1581 667 1660 impendit
685 1606 692 1646 ε
713 1601 844 1648 necnon
859 1579 900 1646 ad

117 1679 299 1740 memoriam
322 1683 516 1742 revocantes
543 1680 699 1758 obsequia
722 1682 854 1758 pietatis
881 1695 900 1743 a

116 1775 309 1837 monastario
333 1777 523 1853 supradicto
549 1777 645 1839 nobis
669 1778 900 1841 exsulantibus

115 1873 258 1935 hilariter
276 1875 311 1936 et
324 1874 500 1936 affluenter
517 1875 680 1953 impensa,
701 1871 820 1938 marito
840 1891 900 1938 nos

115 1971 150 2032 ad
164 1973 194 2032 id
209 1971 353 2033 latemur
363 1971 550 2046 adstrictae,
563 1974 599 2035 ut
609 1973 767 2035 iratribus
778 1973 899 2036 ibidem

114 2069 403 2131 Deosarvientibus
414 2071 504 2132 vices
515 2071 698 2148 rependere
709 2072 900 2132 studeamus

115 2165 145 2226 in
168 2166 326 2244 obsequio
351 2167 513 2230 caritatis.
541 2167 703 2230 Volumus
725 2169 830 2244 igitur
857 2169 899 2230 ad

114 2265 333 2327 universitatis
343 2266 463 2327 vestrae
474 2265 627 2327 notitiam
638 2268 824 2343 pervenire,
839 2283 900 2328 nos

113 2361 149 2422 de
165 2377 328 2424 consensu
347 2362 469 2440 prioris
490 2364 524 2424 at
545 2365 728 2425 conventus
747 2365 899 2426 acclesiae

114 2459 494 2533 Christltlantuariensis,
503 2461 590 2522 dicto
605 2461 806 2523 monasterio
816 2465 901 2523 Pon-

113 2557 280 2619 tiniacensi
291 2572 332 2619 ac
345 2555 393 2637 [in
406 2555 458 2637 eo]
472 2558 556 2619 viris
567 2558 735 2635 religiosis
746 2562 814 2621 Deo
826 2573 899 2621 ser·

112 2654 280 2728 viantibus,
297 2655 420 2717 intuitu
435 2656 494 2716 Dei
507 2656 713 2718 concessisse
727 2657 853 2734 pariter
866 2657 899 2720 et

112 2751 230 2814 dedisse
245 2753 287 2814 de
302 2753 449 2814 ecclesia·
459 2753 634 2827 Rumanal,
651 2755 785 2816 nomine
799 2754 898 2816 bene-

112 2849 181 2922 licii,
198 2851 441 2928 quinquaginta
460 2867 590 2912 marcas
610 2866 738 2912 annuas
761 2851 898 2914 sterlin-

112 2963 217 3023 gorum
229 2947 394 3010 bonorum
410 2949 443 3010 et
457 2948 614 3024 legalium
630 2965 649 3010 a
665 2949 813 3026 quolibet
826 2965 898 3011 reo-

112 3045 174 3106 tore
199 3046 235 3107 in
262 3045 379 3108 eadam
410 3045 553 3108 ecclesia
587 3047 775 3108 successive
798 3046 897 3109 insti-

111 3141 232 3217 tuendo,
259 3143 322 3206 sub
348 3159 446 3220 poena
468 3144 622 3206 beneficti
645 3143 709 3218 sul,
736 3145 896 3222 perpetuo

111 3239 175 3303 sine
188 3241 384 3304 dillicultata
399 3242 629 3319 percipiendas
643 3242 679 3302 in
693 3242 821 3303 duobus
833 3243 898 3304 ter·

111 3338 211 3412 minis,
232 3338 392 3402 videlicet
410 3339 451 3400 ad
470 3337 591 3401 Natale
614 3340 744 3400 Domini
759 3339 896 3414 triginta

111 3435 292 3510 marcesci
310 3435 352 3498 ad
371 3435 490 3498 festum
507 3439 540 3498 s.
556 3436 719 3499 lobannis
738 3438 896 3514 Baptistae

110 3533 218 3609 viginti
229 3549 373 3596 marcas.
387 3535 435 3596 lta
449 3535 548 3611 plane
561 3534 647 3611 quod
660 3535 689 3594 si
702 3535 774 3612 ipse
786 3536 896 3597 rector

109 3629 299 3708 inprasiatls
321 3631 475 3694 terminis
499 3646 519 3693 a
539 3632 706 3694 solutione
730 3632 896 3694 dictarum

110 3741 290 3792 marcarum
304 3729 501 3802 cessaverit,
517 3729 551 3792 at
571 3729 659 3792 inira
674 3727 895 3807 quadraginta
927 3767 929 3772 ι

110 3825 171 3888 dies
186 3829 262 3905 post
276 3827 416 3890 statutos
431 3828 602 3899 terminos,
620 3827 661 3888 de
680 3827 810 3888 damnis
829 3843 894 3904 pa·

109 3923 235 3987 ritaret
261 3924 417 4002 expensis
442 3939 525 4002 quas
549 3925 629 3986 dicti
650 3923 772 3987 iratres
795 3939 895 3987 occa·

109 4021 193 4084 sione
224 4037 293 4083 non
326 4021 422 4083 iactae
459 4021 635 4083 solutionis
671 4021 891 4095 incurrerint,

110 4133 169 4180 una
203 4134 280 4180 cum
311 4118 477 4180 solutione
513 4118 623 4180 debita
654 4117 893 4196 quinquaginta

109 4227 289 4278 marcarum
304 4229 371 4278 non
387 4213 596 4278 satisfaceret
614 4215 750 4288 eisdem,
773 4216 894 4278 dictam

109 4327 229 4386 posnam
254 4313 415 4375 incurrat.
437 4311 486 4373 Ad
507 4315 666 4390 majoram
687 4313 789 4376 etiam
807 4328 895 4392 praa-

109 4408 161 4472 iati
178 4411 372 4474 monasterii
393 4410 619 4484 securitatem,
634 4410 735 4472 simul
755 4411 796 4473 de
810 4427 893 4473 con-

109 4521 199 4570 sensu
213 4508 336 4587 prioris
351 4511 384 4570 et
398 4509 583 4570 conventus
604 4503 755 4570 acclesiae
771 4509 893 4572 Christi

109 4605 351 4668 Cantuariansis
373 4605 577 4683 providimus
595 4606 628 4666 et
645 4605 832 4680 statuimus,
858 4607 894 4668 ut

108 4703 242 4778 quilibet
259 4702 370 4765 rector
381 4703 417 4763 in
432 4701 574 4764 ecclesia
587 4702 627 4763 de
640 4703 802 4766 Rumenal
817 4719 894 4765 suo-

108 4801 226 4864 cassive
249 4799 484 4872 instituendus,
521 4800 558 4860 in
585 4815 645 4860 sua
669 4799 890 4873 institutione,

108 4897 154 4958 val
168 4901 293 4974 postea,
310 4913 412 4974 quum
427 4897 607 4974 requisitus
622 4896 724 4962 inerit
744 4913 763 4959 a
776 4913 894 4975 procu·

108 4995 892 5075 ratoraPontiniaoansi,solemniterjuret,quod

108 5091 204 5156 dictas
225 5107 357 5156 marcas
378 5093 413 5154 in
436 5093 589 5155 terminis
611 5091 743 5155 statutis
767 5109 892 5172 procu-

108 5191 203 5253 ratori
234 5189 484 5253 pontiniacensi
520 5192 694 5252 annuatim
728 5192 894 5269 persolvet

108 5289 163 5350 sub
177 5305 274 5366 prena
288 5304 446 5366 expressa
462 5289 626 5366 superius.
647 5291 689 5351 ot
707 5289 810 5366 igitur
822 5289 894 5352 haeo

108 5390 212 5449 nostra
228 5387 393 5450 ordinatio
412 5387 605 5464 perpetuam
626 5386 774 5450 obtineat
788 5387 894 5449 drmi-

107 5483 213 5557 tatam,
240 5499 314 5546 eam
337 5485 494 5560 praesanti
519 5484 642 5561 scripto
661 5485 763 5560 sigilli
788 5485 894 5548 nostri

108 5582 307 5658 appositione
329 5581 456 5642 munito
477 5579 633 5641 duximus
657 5581 891 5644 roborandam.

109 5680 320 5760 latomenus
334 5679 452 5756 gratiae
465 5677 650 5740 MGGXXll.
666 5697 685 5740 s

956 1201 1113 1274 vemhris,
1130 1202 1341 1280 pontificatus
1357 1201 1463 1266 nostri
1485 1215 1574 1264 anno
1596 1203 1746 1280 septimo.

1301 1495 1399 1583 ¹XVI

995 1647 1047 1706 Act
1063 1645 1274 1720 alestanum
1287 1647 1442 1710 abactam
1456 1647 1490 1709 et
1504 1646 1709 1709 oosaoervtum

1234 1747 1468 1807 cassinenses.

1219 1875 1236 1934 3
1251 1873 1383 1932 novemb.
1399 1876 1477 1934 lale.

1079 1996 1202 2062 [Gattula
1214 1997 1278 2048 llist.
1290 1995 1376 2048 abbat
1387 1997 1495 2058 Cassia„
1508 1998 1540 2056 ll,
1551 1995 1620 2062 las]

998 2121 1047 2180 Eis
1061 2121 1132 2182 3000
1145 2121 1294 2180 obulorum
1309 2138 1460 2180 aureorum
1473 2138 1507 2181 sc
1521 2123 1573 2181 000
1588 2122 1703 2181 llscatos

1286 2213 1413 2269 remittit.

993 2326 1744 2406 Honoriusapiscopus‚servasservorumbei,

954 2427 1084 2488 dilectis
1106 2425 1223 2486 tiliis...
1246 2425 1358 2488 abbati
1379 2427 1412 2488 et
1435 2426 1612 2489 conventui
1636 2425 1748 2487 Cassi-

953 2524 1061 2598 nansi,
1096 2523 1236 2586 salutem
1273 2524 1306 2586 at
1337 2523 1562 2600 apostolicam
1589 2523 1747 2586 benedic-

952 2622 1088 2684 tionem.

993 2721 1029 2782 Si
1045 2719 1147 2782 Sedes
1159 2720 1349 2798 Apostolica
1362 2719 1417 2797 pia
1434 2721 1540 2782 mater
1559 2719 1600 2780 ad
1615 2718 1747 2796 ignotos

952 2817 1120 2879 interdum
1133 2817 1236 2880 ubera
1251 2817 1401 2882 caritatis
1413 2817 1573 2891 extendit,
1590 2818 1650 2878 hos
1665 2831 1747 2880 con-

953 2915 1045 2977 venit
1070 2915 1182 2992 potius
1208 2915 1260 2976 his
1291 2915 1432 2985 nutrire,
1459 2931 1600 2991 quorum
1625 2913 1750 2990 religio

952 3011 1068 3073 sancta
1082 3011 1142 3084 est,
1160 3011 1193 3074 et
1207 3011 1248 3073 de
1261 3011 1408 3089 regulari
1424 3009 1636 3072 observantia
1651 3009 1748 3072 nobis

952 3108 1090 3170 constat.
1112 3111 1162 3169 Ex
1176 3107 1351 3170 devotione
1365 3108 1478 3184 igitur,
1496 3119 1594 3185 quam
1614 3107 1655 3168 ad
1673 3122 1752 3168 mo-

951 3205 1136 3268 nasterium
1160 3207 1358 3268 cassinense
1382 3206 1543 3268 hactenus
1567 3205 1750 3266 habuimus

951 3302 985 3364 et
994 3301 1165 3375 habemus,
1175 3303 1241 3364 tria
1251 3302 1357 3364 millia
1367 3302 1743 3374 obulorumauraorum,

951 3400 1007 3476 qui
1022 3415 1163 3461 camerae
1184 3401 1306 3462 nostrae
1331 3401 1520 3476 atempore
1542 3399 1649 3460 lali‘cis
1669 3415 1743 3459 ma-

951 3497 1066 3558 moriaa
1081 3495 1267 3559 innocentii
1284 3513 1376 3574 papas
1396 3495 1651 3575 praedecessoris
1666 3511 1757 3558 nos-v

950 3594 994 3655 tri
1009 3609 1028 3655 a
1045 3595 1250 3657 monasterio
1267 3595 1406 3672 praesato
1426 3593 1596 3667 debentur,
1613 3609 1653 3655 ac
1666 3608 1747 3655 sex-

950 3691 1066 3752 centos
1077 3691 1223 3763 llscatos,
1234 3691 1404 3769 quosdam
1414 3691 1449 3750 in
1462 3690 1584 3752 minori
1596 3703 1744 3752 essemus

950 3787 1059 3850 oiilcio
1073 3789 1255 3860 constituti,
1271 3803 1291 3851 a
1311 3787 1406 3849 nobis
1421 3790 1535 3849 mutuo
1555 3786 1745 3864 recepistis,

948 3885 1042 3947 vobis
1064 3886 1098 3948 et
1121 3885 1324 3946 monasterio
1345 3886 1456 3947 vestro
1480 3880 1678 3947 remittimus
1702 3882 1744 3946 de

948 3981 1057 4059 gratia
1078 3981 1228 4060 speciali.
1244 3984 1362 4045 Datum
1378 3983 1546 4055 Laterani,
1568 3983 1621 4043 lll
1635 3995 1750 4042 nonas·

947 4079 1367 4158 novembris,p0ntisscatus
1376 4081 1482 4143 nostri
1492 4096 1580 4142 anno
1589 4079 1746 4158 sepdmo.

1287 4383 1401 4470 XVII

949 4532 1004 4594 A‘d
1027 4529 1209 4596 universos
1235 4533 1363 4596 Christi
1388 4533 1504 4606 fideles
1529 4545 1595 4606 par
1623 4535 1744 4595 Valea-

1082 4631 1194 4693 ta'ocm
1208 4633 1382 4692 dioecesim
1396 4630 1609 4692 constitutos.

1213 4761 1231 4818 a
1247 4758 1381 4817 novemb.
1399 4759 1478 4818 lali.

1101 4881 1252 4948 [nessus
1266 4881 1333 4932 sss.
1347 4867 1458 4943 calere..
1470 4884 1512 4942 1v,
1527 4883 1595 4950 aas]

948 4997 1006 5058 Eos
1015 5005 1099 5074 rogat
1109 4997 1276 5057 ethortstur
1288 5005 1319 5056 ut
1330 4998 1523 5074 eleemosynis
1537 5002 1746 5061 monasterium

982 5087 1150 5146 monialium
1160 5087 1196 5145 de
1208 5089 1355 5147 &mantio
1369 5089 1540 5157 sustentent,
1554 5090 1744 5163 omnibusque

983 5176 1042 5322 lgffi
1061 5175 1230 5323 ζῗείθυῑὼυε
1255 5176 1464 5251 indulgentiam
1485 5179 1612 5251 quinque
1632 5177 1744 5236 diarum

1044 5280 1074 5338 gr
1123 5305 1130 5320 .

989 5391 1094 5463 Quum
1127 5391 1365 5452 monasterium
1394 5391 1588 5453 monialium
1618 5391 1658 5455 de
1682 5395 1752 5455 Co·-

947 5487 1084 5559 mentio,
1123 5487 1355 5550 cistarciensis
1390 5487 1529 5558 ordinis,
1557 5489 1747 5554 valentina

949 5585 1114 5657 dioecesis,
1132 5600 1238 5662 nvaper
1255 5585 1355 5648 inerit
1369 5587 1552 5662 improviso
1567 5587 1670 5650 vicini
1686 5589 1752 5650 llu-

950 5669 1050 5745 min'is
1070 5683 1273 5745 incremento
1297 5681 1511 5757 destructum,
1534 5685 1580 5748 ita
1598 5686 1683 5764 quod
1704 5685 1746 5748 ad
