4168 6344
363 1265 431 1354 na
466 1262 621 1356 sunto
659 1265 881 1356 nononu
916 1267 981 1356 ru
1016 1245 1383 1360 romorantes
1419 1271 1575 1364 muno.

180 2292 940 2356 InstituentidesextolionoriilllPontilicatusanno
994 2287 1793 2363 gratialargiatur.serenitatemlgitnrragiamrogamus

147 2385 276 2457 quedam
287 2384 412 2444 breviter
422 2383 538 2448 reierre.
549 2391 578 2442 et
588 2383 657 2442 huic
668 2383 857 2456 Epistolarum
868 2379 941 2436 libro
996 2383 1104 2434 attente
1128 2384 1157 2435 et
1175 2391 1335 2447 monemus,
1359 2384 1387 2435 et
1406 2375 1589 2435 exhortamur
1613 2378 1642 2436 in
1658 2380 1790 2449 Domino,

146 2481 225 2531 sexto
246 2482 333 2531 antea
361 2489 468 2548 ponere
492 2487 578 2546 quam
602 2472 664 2546 ipse
687 2471 831 2529 studiosus
853 2469 941 2526 lector
995 2471 1136 2536 quatenus
1152 2465 1189 2524 de
1203 2467 1303 2540 gratiae
1318 2472 1422 2524 nostrae
1437 2465 1535 2524 lavore
1549 2481 1677 2537 securus,
1692 2475 1792 2540 utpote

147 2563 267 2636 paginas
290 2563 415 2632 evolvat,
435 2561 507 2620 mibi
530 2562 559 2618 in
582 2567 709 2618 mentem
731 2560 810 2618 venit
831 2556 941 2614 dicmm
995 2555 1043 2626 qui
1056 2553 1092 2612 ad
1105 2554 1324 2614 subventionem
1338 2557 1433 2612 Terrae
1447 2554 1536 2628 ipsius
1550 2561 1607 2613 tota
1619 2555 1794 2614 intendimus

147 2649 255 2708 illomm
271 2650 442 2720 recordatio,
459 2651 489 2708 in
503 2650 606 2722 quibus
621 2647 800 2707 Fredericum
816 2649 842 2705 ll
856 2659 939 2704 coro·
994 2642 1150 2716 voluntate,
1166 2643 1334 2702 conlorteris
1349 2644 1379 2700 in
1402 2645 1533 2714 Domino,
1564 2651 1593 2701 et
1616 2645 1645 2702 in
1665 2646 1792 2718 potentia

145 2740 222 2798 navit
236 2739 379 2798 Pontifex.
402 2741 523 2798 Romam
543 2739 692 2812 ingressus
710 2743 754 2794 est
772 2738 939 2808 Imperator,
995 2733 1106 2791 virtutis
1120 2735 1220 2805 ipsius,
1232 2733 1268 2792 ad
1277 2734 1524 2792 conservationem
1533 2736 1626 2791 Terrae
1641 2726 1801 2793 intendens

146 2841 201 2884 non
218 2834 334 2886 tantum
353 2834 386 2886 ut
406 2843 506 2902 regem
521 2826 641 2886 decebat
657 2825 807 2898 pacificum
827 2829 856 2882 et
873 2835 941 2880 vere
994 2821 1113 2880 uiriliter
1127 2828 1156 2880 et
1170 2822 1334 2895 prudenter,
1347 2823 1535 2893 scortatores
1546 2824 1651 2894 melio
1664 2824 1790 2894 Domini,

144 2915 349 2986 christianum,
378 2916 430 2975 sed
453 2917 529 2974 hanc
553 2915 676 2990 jurando
704 2912 940 2974 constitutionem
995 2925 1082 2983 quum
1104 2917 1217 2983 tempus
1242 2910 1391 2968 advenerit
1411 2919 1612 2984 opportunum,
1629 2919 1657 2970 et
1678 2912 1715 2969 ob
1736 2911 1793 2970 lroc

144 3019 227 3075 quam
243 3007 274 3062 in
289 3004 455 3079 Appendice
470 3004 506 3062 ad
521 3006 635 3062 tertium
648 3005 783 3062 volumen
798 3000 938 3060 dedimus.
994 3006 1161 3071 recepturus
1174 2999 1209 3057 ab
1221 3013 1257 3056 eo
1270 2999 1392 3073 gratiam
1401 3000 1430 3056 in
1444 2999 1577 3073 presenti
1588 3007 1617 3058 et
1626 3000 1750 3073 gloriam
1761 3001 1791 3059 in

145 3094 211 3151 Cum
227 3095 311 3151 omni
326 3093 471 3152 docilitate
490 3109 522 3152 se
537 3092 657 3168 gerebat
671 3090 846 3150 Fredericus.
865 3091 942 3146 Inter
995 3086 1088 3145 iuturo
1108 3109 1132 3143 ι.

144 3179 292 3240 dominum
308 3197 411 3256 papam
428 3191 457 3240 et
478 3183 679 3256 imperatorem
698 3179 775 3237 nulla
791 3177 941 3236 videbatur
1030 3177 1116 3247 Sane,
1132 3183 1249 3250 accepta
1262 3175 1352 3235 cladis
1362 3177 1471 3246 notitia,
1484 3175 1520 3235 ad
1531 3191 1703 3235 eversasres
1715 3178 1791 3236 exci-

145 3269 297 3340 dissensio,
313 3278 342 3329 et
368 3271 481 3345 legibus
505 3270 637 3328 civilibus
656 3269 834 3326 sanctionem
849 3267 940 3324 amice
995 3263 1096 3322 tendas
1110 3265 1282 3338 colloquium
1297 3281 1362 3322 cum
1376 3264 1527 3322 Frederico
1541 3266 1664 3339 primurn
1684 3265 1791 3326 habere

144 3359 272 3416 Romana
289 3358 378 3418 Sedes
392 3359 487 3418 dabat.
504 3359 701 3418 Innocentium
716 3355 828 3414 tertium
842 3358 938 3414 liono-
994 3353 1129 3420 decrevit,
1142 3353 1418 3427 posteaqoecomitia
1431 3355 1558 3410 omniurn
1571 3353 1790 3412 christianorum
1886 3377 1890 3384 ·

143 3447 199 3505 rius
211 3447 379 3521 superabat,
395 3455 427 3506 ut
443 3449 481 3505 ita
494 3446 598 3514 dicam,
616 3446 814 3520 magnitudine
828 3444 941 3502 consilii
995 3443 1156 3515 principum
1179 3442 1355 3514 amplissima
1377 3441 1486 3500 indixit.
1512 3443 1568 3500 Sed
1590 3458 1654 3500 cum
1679 3440 1791 3502 fallacia

145 3542 171 3592 et
186 3551 285 3594 rerum
300 3551 447 3594 successu.
462 3537 517 3594 Sed
531 3535 621 3609 brevi,
639 3535 766 3593 Damiata
792 3541 886 3608 capta,
910 3533 940 3590 in
994 3531 1089 3605 magis
1104 3545 1138 3588 ac
1161 3532 1267 3604 magis,
1290 3532 1321 3586 in
1347 3530 1409 3588 dies
1431 3530 1535 3604 agebat
1550 3531 1725 3602 Fredericus‚
1742 3531 1791 3605 qui

145 3623 335 3683 Orientalibus
363 3624 490 3698 partibus
510 3625 733 3684 Christianorum
762 3622 872 3680 iortuna
888 3621 938 3680 de·
994 3619 1259 3678 desideriumsuum
1272 3618 1308 3676 de
1322 3621 1415 3676 Terrae
1435 3621 1545 3678 Sancte
1560 3621 1677 3694 negotio
1697 3621 1787 3679 conil-
1827 3613 1832 3634 ¹

143 3715 233 3785 periit,
260 3713 331 3772 dum
354 3715 384 3771 in
407 3713 556 3789 occidente
580 3714 703 3786 ipsemet
731 3713 884 3784 imperator
908 3725 940 3768 se
994 3708 1095 3766 ciendo
1121 3706 1262 3766 interdum
1285 3707 1468 3766 manifestum
1494 3707 1626 3778 iaciebat,
1655 3716 1684 3768 et
1711 3724 1788 3784 sapa

144 3805 302 3860 novitatum
319 3802 405 3860 nimis
426 3810 583 3862 amatorem
595 3800 728 3860 ostendit.
747 3801 817 3858 llaec
841 3798 940 3873 paucis
993 3797 1099 3870 saepius
1112 3795 1312 3854 transfretandi
1323 3797 1476 3854 terminum
1490 3795 1648 3854 dillerebat.
1748 3833 1750 3845 ·

143 3891 236 3950 verbis
254 3896 324 3948 sunt
343 3891 393 3948 tibi
404 3890 552 3961 tradenda,
566 3891 656 3948 lector
673 3888 823 3947 benevole.
1029 3887 1070 3942 De
1082 3884 1345 3954 Fredericoautem,
1360 3885 1427 3942 illud
1443 3899 1500 3942 non
1512 3884 1709 3943 omittendum.
1722 3886 1787 3957 Qui,

173 3979 259 4052 Apud
276 3981 447 4050 Damiatam,
461 3987 600 4038 terrorum
615 3976 939 4037 inundatiosarracenis
993 3987 1069 4030 anno
1095 3973 1208 4030 Domini
1223 3973 1302 4041 latr,
1316 3987 1402 4045 quum
1423 3971 1542 4030 ieliciter
1562 3987 1579 4029 e
1601 3973 1693 4031 Sicilia
1721 3976 1786 4033 Sar·

141 4067 169 4123 in
184 4068 323 4126 auxilium
337 4068 398 4138 luit,
412 4067 480 4126 dum
495 4066 609 4126 aliunde
621 4067 723 4127 Christi
734 4065 833 4124 fideles
847 4063 939 4124 fames
993 4075 1113 4119 racenos
1126 4061 1280 4135 expulisset
1294 4059 1423 4130 feliciter,
1440 4059 1501 4134 iam
1516 4075 1595 4119 arma
1608 4069 1789 4120 converterat

142 4156 275 4228 urgebat.
288 4156 340 4214 llis
352 4155 562 4214 conditionibus
573 4154 642 4213 urbs
665 4154 790 4213 redditur
810 4171 818 4212 :
839 4154 935 4212 Sarra·
992 4150 1021 4206 in
1034 4147 1174 4207 Thomam
1195 4155 1224 4206 et
1242 4148 1417 4219 blattbeeum,
1433 4149 1591 4207 Innocentii
1609 4151 1649 4208 lll
1664 4141 1788 4208 deiuncti

142 4245 204 4300 ceni
227 4251 341 4318 partem
369 4259 445 4302 verae
463 4245 561 4303 Crucis
586 4259 602 4301 a
618 4243 752 4303 saladino
773 4248 887 4316 captam
910 4247 938 4298 et
992 4237 1093 4296 iratres
1100 4251 1109 4309 3
1124 4237 1154 4294 hi
1169 4239 1246 4295 enirn
1258 4244 1350 4295 castra
1366 4236 1501 4295 tenebant
1515 4239 1543 4294 in
1561 4238 1673 4310 apulia.
1689 4241 1721 4296 ln
1734 4255 1785 4312 op-

143 4339 318 4405 asportatam
341 4331 470 4404 tradunt3
494 4333 598 4405 captivi
620 4347 720 4389 omnes
734 4331 863 4388 libertate
884 4328 934 4386 do·
992 4327 1137 4399 probrium
1157 4327 1268 4384 Sanctae
1284 4325 1366 4382 Sedis
1384 4324 1533 4383 videbatur
1548 4323 1603 4383 boc
1621 4324 1725 4384 bellum
1744 4327 1785 4384 ie-

142 4427 245 4477 nentur
254 4436 265 4491 ;
286 4419 415 4478 inducias
426 4427 490 4478 octo
508 4435 647 4478 annorum
663 4420 853 4494 paciscuntur.
868 4417 937 4487 Quae
991 4416 1075 4472 cisse.
1089 4416 1215 4484 Quorum
1227 4428 1316 4472 unum
1327 4415 1356 4472 in
1368 4412 1516 4472 obsidione
1528 4421 1653 4485 captum,
1668 4415 1789 4474 detrusit

141 4507 257 4578 quidem
272 4523 329 4565 non
343 4507 476 4566 indecora
492 4508 651 4568 Christiano
661 4507 770 4566 nomini
781 4505 870 4576 luere,
885 4504 936 4563 sed
991 4505 1021 4562 in
1037 4517 1192 4572 carcerem,
1214 4503 1288 4576 apud
1302 4503 1412 4561 Siculos
1437 4502 1608 4576 relegatum,
1623 4509 1652 4560 et
1666 4504 1786 4561 alterum

141 4598 205 4653 rani
221 4597 398 4655 erantnisus
413 4603 442 4654 et
462 4603 582 4654 conatus
596 4596 672 4654 orbis
686 4595 847 4664 Christiani,
861 4609 935 4652 vana
990 4592 1110 4666 fugavit,
1129 4592 1177 4665 qui
1203 4591 1278 4665 apud
1306 4592 1463 4649 llonorium
1486 4598 1623 4664 exceptus
1644 4599 1696 4650 est.
1726 4595 1787 4652 Nec

141 4684 250 4742 Summi
262 4685 408 4743 Pontificis
417 4699 494 4758 spes,
504 4699 612 4743 vanum
626 4691 654 4741 ct
666 4684 812 4743 decretum
820 4683 938 4744 concilii
993 4682 1063 4739 sotis
1078 4680 1116 4738 illi
1143 4679 1196 4738 luit
1222 4680 1288 4738 talia
1307 4679 1411 4736 moliri.
1435 4680 1510 4737 Nam
1537 4694 1625 4752 quum
1649 4681 1787 4755 allegaret

140 4773 286 4845 generalis
297 4773 350 4831 sub
358 4773 525 4832 Innocentio
537 4773 620 4831 tertio
631 4772 730 4844 babiti,
739 4771 807 4830 iilud
819 4772 937 4844 inquam
992 4770 1088 4844 plures
1103 4769 1254 4842 episcopos
1268 4766 1408 4829 ambobus
1432 4765 1566 4825 iratribus
1589 4767 1707 4840 fovisse,
1723 4770 1786 4828 illos

140 4860 285 4920 decretum
300 4861 336 4920 de
355 4876 422 4936 quo,
443 4862 473 4919 in
488 4862 579 4936 prima
593 4875 644 4920 sua
663 4861 793 4934 epistola,
815 4867 885 4919 torn.
898 4862 936 4930 ll,
992 4857 1088 4916 esede
1102 4856 1219 4929 depulit,
1231 4863 1261 4913 et
1279 4856 1350 4913 alios
1366 4871 1417 4928 per
1431 4855 1617 4914 intrusionem
1632 4859 1783 4930 promovit.

140 4947 186 5007 lib.
199 4951 226 5020 l,
239 4951 338 5008 statim
352 4965 387 5008 ac
399 4951 576 5008 renuntiatus
590 4949 681 5007 iuerat
697 4949 825 5008 Pontil’ex
838 4951 933 5006 llono·
992 4949 1033 5004 De
1047 4945 1150 5020 quibus
1164 4943 1227 5002 haec
1248 4943 1283 5001 ad
1304 4943 1438 5002 eumdem
1455 4945 1598 5002 Honorius
1622 4945 1782 5004 scribebat:

141 5038 209 5108 rius,
225 5039 270 5096 sic
283 5038 320 5097 ad
341 5053 440 5112 regern
456 5039 744 5114 Hierosolymitanum
771 5035 935 5094 scribebat:
993 5035 1114 5105 «Quum
1140 5047 1254 5106 semper
1277 5031 1313 5090 ad
1334 5047 1487 5106 personam
1510 5040 1589 5091 tuam
1610 5035 1671 5092 veri
1696 5035 1786 5108 patris

144 5127 236 5184 «lion
257 5141 329 5200 ergo
346 5133 462 5200 propter
479 5126 587 5184 obitum
609 5125 828 5200 predecessoris
848 5125 936 5181 nostri
991 5121 1124 5181 allectum
1146 5123 1322 5196 gesserimus
1346 5127 1376 5179 et
1398 5135 1544 5195 geramus,
1570 5121 1783 5196 imperatoriam

140 5222 338 5273 consternatur
348 5221 494 5284 cortuum,
507 5229 600 5286 neque
611 5212 934 5286 formidetquasiprop·
991 5211 1171 5284 majestatem
1194 5220 1346 5268 monemus
1369 5218 1397 5282 et
1425 5224 1572 5283 rogamus,
1599 5217 1705 5267 attente
1734 5226 1785 5284 per

140 5307 182 5357 ter
193 5301 250 5360 boc
261 5305 355 5361 Terre
369 5305 480 5362 Sancte
498 5301 668 5376 impediatur
687 5315 848 5370 succursus,
863 5315 933 5373 quo·
990 5300 1142 5357 Dominum
1155 5299 1347 5366 obsecrantes,
1363 5296 1593 5370 quatenusnobis
1606 5297 1781 5372 ettibipros-

141 5391 217 5447 niam
227 5397 255 5448 et
262 5389 555 5449 siilliussuillcientioe
564 5397 659 5447 nostra
669 5387 799 5446 videatur
807 5387 932 5458 inferior,
989 5388 1106 5461 piciens,
1123 5387 1197 5445 inter
1208 5393 1236 5445 te
1250 5395 1279 5445 et
1293 5387 1453 5444 Ecclesiam
1472 5387 1551 5444 nasci
1575 5394 1685 5446 tantum
1697 5403 1781 5446 scan-

142 5477 176 5534 ad
192 5477 387 5536 liberationem
400 5479 606 5552 tamenipsius,
622 5477 761 5535 notisnon
776 5476 935 5534 minoribus
989 5475 1084 5534 delum
1107 5491 1165 5534 non
1186 5473 1333 5549 permittas
1349 5497 1372 5533 ι.
1399 5475 1467 5532 llaec
1492 5481 1558 5533 sunt
1577 5474 1782 5533 discordiarum

141 5566 314 5637 aspiramus3
334 5567 437 5640 quibus
458 5568 517 5640 ipse
533 5567 672 5623 Dominus
684 5566 732 5638 qui
744 5571 893 5637 sperantes
905 5565 934 5621 in
989 5565 1078 5633 initia,
1093 5579 1156 5637 quse
1170 5571 1266 5622 tamen
1294 5577 1351 5619 non
1366 5562 1421 5620 nisi
1437 5561 1489 5620 sub
1504 5563 1642 5636 Gregorio
1654 5565 1694 5621 lx
1716 5579 1780 5620 cru-

142 5666 171 5709 se
184 5653 754 5723 nullatenusdeserit,ellectumtribnatet
764 5651 932 5726 proiectum,
989 5660 1098 5726 perant,
1111 5667 1176 5710 curn
1185 5659 1262 5710 tanta
1271 5651 1405 5708 violentia
1417 5657 1445 5708 et
1455 5649 1595 5708 interdum
1606 5649 1780 5709 crudelitate.

140 5749 169 5795 nt
188 5741 262 5813 qarod
277 5743 448 5816 possibilitas
463 5750 557 5801 nostra
572 5757 628 5799 non
641 5741 759 5811 obtinet,
774 5742 837 5815 ejus
852 5741 934 5798 nobis
988 5743 1029 5799 Ex
1044 5739 1100 5798 lroc
1123 5749 1261 5812 ternpore,
1292 5738 1377 5811 coepit
1405 5739 1532 5812 cogitare
1560 5737 1726 5796 Fredericus
1746 5738 1782 5794 de

268 5916 276 5946 l
