4168 6344
150 369 185 429 73
754 367 984 430 EPISTOLAE.
1007 369 1085 430 LIB.
1109 371 1163 435 Vl.
1740 373 1780 433 74

149 527 258 604 111111
276 539 404 588 marcas
425 525 461 587 in
479 523 717 588 relevatlonem
736 528 848 589 oneris
869 543 930 589 su·-
987 529 1135 606 ciperent
1154 531 1340 608 annuatim3
1365 547 1469 609 qnare
1492 531 1587 594 nobis
1609 530 1780 594 humiliter

148 623 292 702 predicti,
307 623 455 700 pensatis
476 624 683 700 singulorum
704 623 927 700 facultatibus,
986 629 1199 705 supplicastis
1222 630 1258 692 ut
1278 630 1434 706 quoniam
1449 630 1576 691 tantum
1591 630 1704 705 posset
1719 645 1781 690 ex·

148 737 274 782 monere
289 719 531 798 prudenterac,
553 721 583 782 si
599 738 682 799 opus
697 724 795 796 esset,
813 739 931 799 cogere
981 741 1136 794 arescere
1173 743 1330 788 numerus
1356 743 1583 804 personarum,
1614 724 1700 802 quod
1738 723 1780 786 ad

148 819 311 880 curaretis.
338 819 452 895 Nuper
474 820 584 890 autem
606 820 807 881 venerabilis
829 820 932 884 frater
986 822 1209 888 exhibendam
1241 825 1465 902 provisionem
1497 824 1687 902 hujnsmodi
1713 839 1780 885 non

147 917 287 978 noster...
316 915 482 977 Tullensis
517 917 692 994 episcopus
726 917 823 980 nobis
847 918 933 980 insi·
987 921 1178 984 sufficerent
1191 923 1296 1000 ipsius
1314 923 1465 984 ecclesiae
1479 921 1661 994 facultates,
1680 937 1780 998 super

148 1028 244 1075 nuere
263 1013 404 1088 curavit,
425 1015 511 1091 quod
531 1031 590 1076 vos
610 1015 773 1078 statuistis
790 1015 831 1076 de
852 1031 933 1077 oon·
988 1019 1050 1080 hoc
1076 1021 1213 1095 paterna
1238 1020 1332 1082 vobis
1359 1019 1532 1097 providere
1556 1019 1780 1081 sollicitudine

148 1126 240 1172 sensu
260 1111 407 1174 omnium
427 1111 497 1186 lere
518 1112 716 1174 clericorum
736 1113 880 1174 civitatis
900 1114 933 1175 et
988 1115 1212 1192 dignaremur.
1236 1119 1304 1178 Nos
1326 1117 1430 1194 igitur
1449 1119 1570 1179 vestris
1588 1118 1689 1195 justis
1704 1132 1782 1194 pre-

148 1208 302 1281 dicecesis,
328 1208 562 1285 praedictorum
591 1210 739 1287 quintam
770 1211 931 1272 decimam
988 1213 1080 1274 cibus
1105 1214 1270 1288 inclinati,
1285 1216 1482 1278 auctoritate
1507 1215 1601 1276 vobis
1628 1231 1780 1292 praesen·

143 1306 266 1384 partem
306 1305 607 1368 ecclesiasticorum
643 1309 863 1384 proventuum
896 1309 932 1370 in
989 1311 1068 1373 tium
1084 1311 1293 1388 indulgemus
1309 1327 1349 1374 ne
1363 1312 1404 1373 ad
1418 1313 1645 1389 recipiendum
1656 1313 1690 1373 in
1702 1312 1782 1374 dieti

147 1403 441 1480 compensationem
470 1403 567 1466 dictae
595 1420 732 1466 summae
759 1421 865 1484 usquo
890 1407 931 1466 ad
988 1408 1100 1470 statuti
1117 1410 1347 1487 praejudicium
1363 1410 1473 1486 plures
1487 1425 1584 1488 quam
1600 1410 1706 1488 ipsius
1722 1426 1781 1472 ec-

146 1499 319 1560 triennium
329 1497 424 1559 reddi
437 1499 593 1577 episcopo
606 1503 797 1564 memorato.
809 1502 872 1562 Sed
885 1500 930 1575 id,
988 1505 1099 1566 clesiae
1110 1505 1294 1579 facultates,
1307 1506 1494 1569 salvedicto
1504 1507 1637 1580 statuto,
1647 1507 1783 1573 valeant

147 1597 274 1673 propter
285 1596 542 1674 appellationem
555 1596 771 1676 quorumdam
785 1599 933 1676 priorum
989 1604 1163 1678 sustinere,
1181 1604 1333 1681 compelli
1353 1605 1487 1681 possitis
1506 1605 1621 1670 invite.
1638 1604 1730 1665 salvo
1746 1604 1781 1664 in

147 1692 361 1772 capitulorum
386 1695 419 1756 et
440 1693 636 1756 clericorum
659 1695 812 1756 dioecesis
837 1698 934 1758 ante·
988 1699 1140 1762 omnibus
1158 1701 1357 1778 Apostolioae
1381 1701 1476 1763 Sedis
1499 1700 1666 1763 mandato.
1690 1701 1782 1763 Nulli

147 1789 247 1862 dietae,
261 1789 296 1850 in
314 1804 435 1865 magna
458 1791 551 1866 parte
565 1788 629 1852 luit
649 1791 812 1853 hactenus
830 1791 934 1868 impe-
989 1812 1079 1874 ergo,
1091 1799 1297 1868 eto.,nostrae
1312 1798 1574 1860 confirmationis
1587 1797 1781 1876 intringere.

145 1887 259 1962 ditum3
285 1886 428 1966 ideoque
455 1902 515 1964 per
541 1888 663 1950 iterata
691 1888 786 1950 vobis
810 1889 934 1966 scripta
990 1894 1025 1954 Si
1040 1895 1114 1970 quis
1130 1895 1250 1967 autem,
1268 1895 1330 1956 etc.
1347 1896 1464 1956 Datum
1481 1895 1648 1966 Laterani,
1671 1893 1782 1956 idibus

143 1985 361 2062 praecipiendo
376 1983 572 2046 mandamus
592 1985 766 2062 quatenus,
782 1987 933 2048 cessante
985 1991 1146 2069 januarii,
1163 1991 1374 2068 pontificatus
1387 1992 1497 2056 nostri
1508 2008 1595 2055 anno
1609 1992 1714 2054 sexte.

145 2082 317 2160 cujuslibet
352 2083 596 2160 appellationis,
634 2099 694 2144 seu
729 2083 934 2160 exceptionis

144 2179 389 2253 obstaculo,·vel
417 2180 517 2243 otiam
543 2180 675 2252 litteris,
707 2180 735 2241 si
761 2183 935 2258 quaesunt

145 2279 253 2339 contra
263 2277 490 2354 provisionem
505 2277 733 2340 subventionis
744 2279 934 2355 hujusmodi

144 2373 277 2436 forsitan
304 2375 502 2452 impetratae,
528 2375 565 2436 in
587 2376 720 2452 negotio
744 2375 819 2453 ipso
837 2376 982 2454 juxta*
1097 2365 1098 2368 '
1334 2335 1446 2423 XCII

143 2469 277 2552 f⁰im³111
304 2472 401 2535 VObiS
426 2473 584 2535 traditam
605 2473 934 2570 immitentes-Prie-
1009 2487 1062 2546 Ad
1089 2487 1293 2561 episcopam,
1328 2489 1509 2550 decanum·
1523 2487 1558 2550 ct
1585 2487 1772 2549 cantorem

145 2569 259 2631 dictam
279 2570 432 2648 peonniae
454 2571 675 2649 quantitatem
695 2571 780 2636 solvi
804 2570 935 2632 faciatis
1078 2583 1197 2644 sancti
1208 2587 1406 2646 rembaldi
1420 2585 1696 2648 summor-ensis,

145 2666 293 2745 episcopo
308 2667 497 2744 saepedieto.
520 2670 570 2732 lta
589 2668 699 2730 tamen
715 2669 802 2747 quod
824 2668 853 2728 si
874 2684 935 2730 ra·
1258 2716 1291 2776 ¹3
1304 2655 1427 2790 januarii
1438 2716 1508 2776 ¹22²

144 2763 230 2825 tione
259 2764 933 2843 1111111111,1111111111110111,
1429 2770 1431 2776 ’
1510 2758 1517 2774 ’

144 2874 180 2921 ea
198 2862 366 2939 computet
383 2863 419 2923 in
439 2861 593 2923 solutum.
615 2863 707 2935 Quod
729 2863 757 2923 si
773 2877 839 2924 non
859 2879 935 2925 om·
1019 2839 1777 2904 [⁸⁶⁸⁰”lfih'w’01'ssL¹⁶²·'M⁵⁸·¹⁴⁸¹’⁰“⁰‘¹¹¹T¹¹⁰³¹·³

144 2972 208 3030 nes,
229 2959 292 3020 etc.
316 2961 435 3021 Datum
457 2959 625 3031 Laterani,
646 2959 755 3022 idibus
773 2961 945 3038 tenuerit..
991 2961 1632 3044 111111111111111111111110110111111
1653 2963 1785 3022 abbatem

144 3056 352 3132 pontificatus
366 3057 471 3118 nostri
487 3071 575 3122 anno
592 3057 697 3119 sexto,
1026 3052 1196 3110 monasterii
1223 3052 1318 3110 Sancti
1347 3052 1485 3125 Dionysii,
1510 3059 1548 3123 11,
1575 3053 1599 3110 11
1626 3054 1787 3110 invenerint

1026 3155 1091 3199 eam
1117 3140 1205 3198 luisse
1223 3141 1392 3199 canonicam
1414 3149 1443 3199 11
1466 3140 1502 3198 de
1526 3155 1648 3216 persona
1669 3141 1784 3212 idonea,

1026 3231 1105 3288 illam
1117 3229 1341 3298 contii-mental
1354 3228 1459 3288 iaciant
1473 3231 1564 3288 eleeto
1576 3243 1682 3290 munus
1691 3229 1784 3292 bene·

1026 3317 1160 3377 dictionis
1175 3315 1294 3392 impon'n

493 3389 581 3524 XCI
1032 3446 1212 3518 Honorius,
1227 3445 1302 3518 etc,
1316 3443 1501 3508 venerabili
1517 3444 1612 3508 fratri
1616 3489 1676 3507 .....
1693 3445 1787 3523 epis-

146 3543 192 3604 Ad
211 3543 484 3616 thesaurarium,
507 3545 676 3604 (1100111111
694 3542 728 3603 11
748 3543 936 3618 capitulum
992 3558 1075 3620 copo
1109 3545 1143 3605 et
1175 3543 1307 3605 dilectis
1340 3543 1573 3606 dliisdecano
1600 3543 1633 3606 et
1658 3545 1787 3607 cantori

270 3641 394 3704 saneta
409 3642 541 3702 11110111
558 3640 801 3704 Ptctcotcnsts.
993 3640 1106 3703 Sancti
1119 3639 1309 3702 Frambaldi
1323 3639 1545 3702 Silvanectes.

408 3769 442 3828 ¹3
451 3769 576 3843 januarii
593 3769 672 3828 Μ.
1033 3739 1152 3802 Dilecti
1168 3738 1231 3800 11111
1256 3740 1438 3801 conventus
1457 3736 1655 3800 monasterii
1673 3737 1793 3800 Sancti·

992 3836 1143 3914 Dionysii
1155 3836 1225 3896 suis
1239 3835 1333 3898 nobis
1349 3835 1470 3898 litteris
1480 3835 1686 3906 intimarunt,
1702 3835 1788 3914 quod

169 3895 287 3959 mem*
298 3894 344 3946 nu.
357 3895 400 3954 vl,
412 3899 486 3958 “pm‘'
500 3893 553 3944 Μ
569 3893 627 3944 Μ’
638 3894 758 3945 Lap⁰¹¹⁰
769 3892 803 3943 ὼ]
814 3893 907 3956 m]
991 3933 1087 3996 bonae
1096 3933 1265 3995 memoriae
1276 3936 1342 3994 Η...
1355 3949 1468 3994 eorum
1477 3931 1596 3995 abbate
1608 3931 1697 3995 viam
1707 3933 1788 3994 uni-

147 4019 277 4094 indulget
304 4020 447 4078 ³⁰⁰⁰&OE
473 4027 584 4078 11ῑῦοὓ
610 4017 719 4091 11088ἰῃῑ
741 4017 874 4090 θθῐΰβθῙΙῖ
902 4017 938 4076 ad
992 4046 1098 4094 versae
1110 4033 1221 4092 carnis
1237 4031 1398 4107 ingresso,
1411 4031 1512 4092 iidem
1527 4031 1613 4093 sicut
1625 4031 1728 4092 moris
1739 4033 1789 4093 est

179 4109 272 4180 plures
291 4109 447 4167 canonicos
467 4107 664 4208 accipiendum
686 4121 773 4180 quam
789 4105 938 4164 facultates
993 4129 1229 4192 convenientes
1257 4129 1293 4190 in
1317 4145 1438 4202 unum,
1464 4128 1617 4190 invocata
1645 4128 1788 4206 Spiritus

178 4212 240 4255 sus.
262 4196 394 4255 eeclesiae
419 4201 540 4296 possunt
568 4201 719 4268 sustinere,
742 4193 822 4252 salvo
842 4201 938 4252 tamen
995 4228 1107 4288 Sancti
1131 4225 1250 4303 gratia,
1266 4227 1475 4303 tractatuque
1491 4224 1604 4287 habito
1622 4224 1785 4300 diligenti,

177 4291 282 4343 mmm
299 4283 334 4342 ab
349 4285 517 4342 1⁰⁰⁰⁰⁶m¹⁰
529 4285 570 4342 ΠΙ
585 4283 660 4340 dam·
994 4323 1150 4386 dilectum
1163 4321 1323 4384 lilium·P.
1340 4323 1538 4384 monachum
1555 4337 1650 4382 suum
1664 4323 1793 4395 virum,

181 4429 362 4497 Honorius,
377 4428 452 4502 etc,
473 4427 602 4490 dilectis
618 4426 697 4490 liliis
715 4426 936 4500 thesaurario,
994 4422 1030 4484 ut
1041 4423 1206 4494 asserunt,
1223 4421 1404 4483 litteratum
1422 4421 1455 4482 et
1469 4435 1598 4481 morum
1612 4419 1786 4482 honestate

145 4523 267 4588 decano
282 4527 315 4588 et
330 4525 476 4602 capitulo
492 4525 606 4592 saneti
621 4523 741 4586 Hilarii
755 4523 936 4586 Pictavien.
993 4519 1219 4598 conspicuum,
1234 4533 1294 4595 per
1306 4535 1402 4594 quem
1423 4511 1562 4580 credunt
1583 4517 1786 4579 monasterio

181 4626 261 4688 Cum
272 4639 293 4685 a
304 4622 399 4685 nobis
410 4622 543 4699 petitur,
561 4623 636 4694 etc,
653 4637 760 4695 usque
772 4621 936 4683 effectum.
995 4633 1055 4678 suo
1069 4618 1138 4677 tam
1159 4617 1195 4676 in
1205 4614 1446 4692 spiritualibus,
1463 4631 1561 4692 quam
1577 4615 1612 4675 in
1625 4617 1787 4693 tempore·

146 4723 230 4785 Sane
243 4737 290 4784 ex
304 4721 398 4798 parte
412 4720 523 4783 vestra
537 4719 599 4781 luit
611 4719 815 4796 propositum
826 4735 938 4782 coram
994 4714 1084 4776 libus
1096 4714 1183 4777 bona
1203 4713 1347 4790 plurima
1361 4712 1549 4789 provenire,
1576 4712 1612 4774 in
1636 4711 1789 4776 abbatem

146 4821 239 4882 nobis
254 4819 343 4899 quod
358 4817 465 4880 felicis
480 4817 650 4880 memoriae
665 4819 691 4878 l.
708 4819 799 4893 Papa
815 4817 939 4892 praede·
994 4829 1091 4874 suum
1120 4811 1329 4873 concorditer
1355 4811 1539 4886 elegerunt.
1570 4811 1664 4874 Unde
1693 4811 1788 4872 nobis

146 4931 257 4980 sessor
290 4917 414 4988 noster,
437 4930 497 4992 pro
530 4913 757 4990 inaequalitate
788 4913 940 4991 praeben·
994 4910 1165 4972 humiliter
1206 4908 1447 4986 supplicarunt,
1478 4909 1515 4971 ut
1553 4925 1628 4970 cum
1673 4925 1788 4972 eorum

146 5013 264 5078 darum.
275 5013 426 5076 eeclesiae
442 5014 563 5076 vestrae
583 5011 624 5074 ad
645 5010 868 5088 aeqnalitatem
884 5027 940 5072 re-
994 5009 1119 5070 electus
1131 5008 1300 5069 commode
1313 5007 1353 5068 ad
1369 5007 1592 5083 apostolicam
1607 5007 1724 5070 Sedem
1737 5023 1790 5069 ac·

146 5111 306 5184 ducenda,
321 5110 515 5182 constituit,
533 5109 570 5170 ut
594 5107 761 5185 simplices
785 5110 938 5172 canonici
994 5105 1113 5168 cedere
1122 5106 1265 5183 nequeat
1276 5104 1533 5178 confirmandus,
1542 5105 1737 5166 electionem
1747 5101 1787 5166 de

145 5208 358 5270 residentiam
369 5207 404 5268 in
413 5207 486 5283 ipsa
496 5205 638 5268 eeclesia
648 5205 809 5268 iacientes
820 5207 941 5283 praeter
994 5204 1053 5264 illo
1066 5203 1227 5265 canonice
1239 5202 1439 5266 celebratam
1453 5203 1650 5264 auctoritate
1665 5200 1788 5278 digna-

145 5321 364 5377 communem,
388 5306 421 5366 et
442 5303 671 5382 quotidianum
693 5319 828 5366 censum
850 5319 940 5380 prae·
994 5318 1114 5363 namur
1126 5301 1317 5379 Apostolica
1333 5301 1542 5362 confirmare.
1557 5299 1641 5372 Quia
1653 5317 1733 5363 vero
1749 5301 1789 5362 de

145 5403 261 5466 bendee
287 5403 344 5482 qui
368 5405 511 5479 quatuor
534 5401 761 5473 denariorum,
785 5403 940 5477 etunius
995 5399 1101 5462 torma
1130 5400 1322 5470 electionis,
1350 5401 1383 5460 et
1410 5397 1507 5460 electi
1536 5399 1664 5460 meritis
1693 5399 1789 5461 nobis

146 5501 276 5564 lacunae
297 5499 366 5563 vini
386 5499 419 5560 in
439 5497 504 5570 die,
526 5513 565 5560 ac
584 5497 687 5560 unius·
703 5499 823 5560 eminae
844 5499 940 5573 grani
995 5499 1149 5560 constare
1164 5512 1230 5558 non
1249 5495 1365 5573 potuit,
1387 5495 1581 5558 discretioni
1596 5499 1715 5559 vestrae
1732 5513 1791 5574 per

146 5614 205 5674 per
218 5595 458 5660 hebdomadam
473 5610 548 5657 esse
566 5594 662 5666 solet,
684 5610 744 5670 pro
764 5597 941 5658 consecuta
995 5595 1186 5672 Apostolica
1217 5594 1340 5670 scripta
1377 5593 1591 5666 mandamus,
1628 5597 1791 5672 quatenus

148 5695 219 5760 octo
235 5695 398 5758 mensium
412 5692 593 5756 residentia
610 5692 722 5754 decern
742 5692 845 5754 libras
866 5709 943 5771 per-
997 5693 1189 5756 eraminata
1215 5691 1378 5753 electione
1407 5692 1531 5768 pariter
1558 5693 1592 5752 et
1619 5693 1737 5766 electo,
1764 5695 1793 5756 si
