4006 6346
228 317 287 378 619
848 309 1024 369 HONORII
1046 309 1091 368 ΙΙΙ
1113 309 1262 370 OPERA.
1500 340 1504 348 ·
1816 307 1886 368 620

230 474 381 537 homines
408 471 523 532 contra
552 474 666 542 Deum,
682 486 748 530 non
775 468 881 556 solum
919 466 1026 530 noluit
1081 466 1164 528 festo
1179 466 1268 529 beati
1285 466 1420 542 Georgii
1434 450 1885 544 procurationesreciplebat

229 573 360 634 easdem
368 567 739 645 sententiaspnblicare,
747 582 862 628 verum
873 565 1025 642 etiamip·
1081 564 1269 641 ibidemque
1284 563 1318 623 in
1340 562 1466 625 barcha
1486 564 1597 624 suain
1613 563 1696 624 sesto
1712 561 1886 624 Purifica-

230 671 276 731 sis
292 667 588 730 excommunicatis
610 665 820 742 impudenter
840 663 1026 724 communi·
1079 662 1180 723 tionis
1207 660 1313 723 beatae
1342 661 1489 736 Virginis
1519 660 1759 723 conducebant.
1795 662 1883 722 Cum

230 783 307 828 care
323 765 504 843 praesumit,
514 764 648 842 propter
661 761 878 840 quodiulistis
891 775 1026 825 excom·
1080 762 1190 820 autem
1205 759 1312 836 primo
1332 759 1367 818 in
1382 759 1435 819 his
1458 759 1663 835 possessorio
1677 759 1808 834 egerint
1823 773 1886 834 pa·

229 863 467 926 manicationis
491 861 691 923 sententiam
718 860 754 920 in
782 859 945 932 eumdem,
960 872 1025 934 qua
1079 857 1227 919 triarcha
1251 859 1285 918 et
1317 855 1492 935 episcopus
1525 857 1710 928 memorati,
1732 872 1795 918 nos
1819 871 1884 917 eos

229 959 428 1035 contempta,
440 956 671 1018 divinaoiilcia
681 954 850 1016 celebrare
859 970 925 1016 non
934 967 1026 1014 vere·
1080 956 1120 1015 ad
1134 953 1453 1031 possessionem,val
1464 955 1560 1031 quasi
1573 954 1780 1015 restituimus
1796 969 1887 1031 prae·

228 1058 292 1128 tur,
310 1055 345 1115 in
361 1054 458 1116 iamae
473 1069 512 1115 ac
528 1053 647 1114 salutis
663 1069 732 1114 suae
753 1051 972 1128 dispendium,
993 1049 1026 1110 et
1080 1052 1254 1114 dictorum.
1274 1055 1396 1112 Verum
1412 1051 1490 1129 quia
1504 1050 1583 1112 hinc
1603 1051 1760 1128 petitorio
1779 1051 1886 1112 nihil-

230 1153 464 1216 ecclesiasticae
476 1150 661 1228 disciplinae
673 1150 906 1226 contemptum.
920 1149 1024 1220 Quum
1080 1150 1210 1211 ominus
1239 1149 1349 1212 actum
1369 1149 1431 1212 suit
1455 1150 1488 1210 et
1509 1151 1650 1226 utraque
1672 1165 1751 1226 pars
1772 1150 1884 1212 totum

230 1265 309 1326 ergo
324 1255 371 1320 tu,
389 1248 437 1308 iili
452 1249 565 1319 abbas,
584 1246 822 1324 praedecessori
837 1246 894 1307 tuo
909 1259 1026 1306 succe·
1077 1250 1131 1324 jus
1158 1264 1254 1309 suum
1280 1247 1413 1308 videtur
1436 1248 1471 1307 iu
1497 1246 1661 1324 judicium
1685 1245 1883 1318 deduxisse,

230 1347 309 1407 dere
324 1345 423 1406 debes
439 1345 472 1404 in
489 1343 683 1421 hujnsmodi
699 1359 811 1415 onere,
826 1357 925 1419 quum
936 1341 1026 1403 litte-
1080 1346 1159 1416 Nos,
1178 1345 1261 1405 visis
1275 1343 1556 1422 praedecessorum
1576 1345 1766 1406 nostrorum
1779 1343 1890 1422 privi-

230 1459 278 1504 rae
300 1442 467 1519 praedictae
496 1441 739 1504 commissionis
764 1456 831 1502 non
857 1438 1025 1515 expressis
1081 1441 1189 1516 legiis,
1203 1443 1441 1503 monasterium
1453 1443 1574 1519 ipsum,
1589 1441 1629 1502 de
1640 1440 1782 1503 fratrum
1796 1457 1886 1502 nos-

229 1556 447 1618 personarum
458 1540 516 1600 sed
530 1540 679 1604 locorum
693 1537 1027 1600 nominibusiuerunt
1079 1539 1206 1600 trorum
1230 1539 1381 1611 consilio,
1396 1538 1536 1601 liberum
1559 1553 1634 1600 esse
1654 1538 1883 1611 decernimus,

229 1639 425 1715 impetratae,
437 1636 632 1698 discretioni
643 1633 1025 1713 vestraeperhpostolica
1080 1637 1113 1697 et
1126 1636 1318 1699 immediate
1335 1637 1376 1698 ad
1399 1639 1582 1698 Romanam
1598 1635 1780 1698 Ecclesiam
1795 1653 1882 1714 per-

230 1737 352 1812 scripta
391 1734 587 1796 mandamus
616 1735 757 1794 firmiter
789 1731 1023 1810 praecipiende,
1080 1733 1303 1810 tinere;illud
1316 1735 1351 1794 in
1366 1733 1546 1810 praemissis
1559 1733 1591 1795 et
1602 1733 1679 1794 aliis
1691 1749 1763 1810 quae
1770 1723 1885 1810 j'uris-

230 1836 393 1910 quatenus
414 1837 511 1910 juxta
535 1832 686 1910 praedicti
709 1831 856 1893 mandati
877 1831 1025 1892 tenorem
1080 1830 1260 1892 dictionem
1288 1832 1321 1892 et
1349 1831 1589 1909 subjectionem
1617 1829 1803 1907 respiciunt
1838 1829 1883 1891 ab

230 1931 279 1991 sic
293 1930 472 2007 diligenter
490 1931 526 1991 in
544 1930 676 2006 negotio
696 1928 882 2005 procedatis
896 1928 1023 1998 eodem,
1081 1929 1288 2005 impetitione
1312 1929 1476 1990 dictorum
1507 1927 1708 2005 patriarchae
1731 1929 1765 1989 et
1788 1928 1885 2004 epis-

229 2029 314 2104 quod
338 2029 457 2090 vestrae
477 2027 688 2093 rectitudinis
709 2026 801 2087 zelus
821 2025 899 2086 inde
922 2025 1026 2101 possit
1081 2026 1154 2103 copi
1172 2025 1392 2098 absolventes,
1407 2041 1475 2087 non
1495 2025 1647 2087 obstante
1666 2025 1883 2102 possessione

229 2113 348 2200 merito
361 2125 600 2194 commendari,
613 2124 717 2184 nullis
731 2123 851 2184 litteris
865 2121 1027 2183 obstanti·
1081 2122 1170 2184 circa
1186 2123 1344 2198 praedicta
1362 2122 1512 2200 probata,
1528 2138 1603 2183 cum
1617 2139 1683 2184 non
1704 2122 1883 2185 docuerint

229 2221 303 2294 bus,
317 2223 434 2283 barum
447 2223 563 2284 tenore
577 2222 720 2294 tacito,a
737 2220 822 2282 Sede
835 2219 1024 2296 apostolica
1081 2235 1116 2280 se
1132 2221 1222 2282 tanto
1235 2219 1384 2296 tempore
1399 2219 1480 2285 talia
1494 2220 1694 2297 percepisse,
1712 2219 1799 2296 quod
1818 2237 1883 2297 per

231 2320 426 2395 impetratis.
453 2320 571 2382 Datum
597 2319 764 2386 Laterani,
780 2320 809 2379 il
831 2333 909 2379 non.
933 2317 1023 2388 maii,
1081 2317 1144 2377 hoc
1161 2317 1324 2379 libertatis
1339 2317 1442 2381 suerit
1460 2316 1647 2394 privilegiis
1669 2316 1879 2391 derogatum.

231 2416 442 2494 pontificatus
455 2416 560 2478 nostri
574 2431 661 2478 auno
675 2417 805 2480 octavo.
1081 2415 1304 2476 Reservantes
1313 2417 1425 2476 tamen
1436 2415 1591 2492 episcopo
1602 2413 1793 2490 supradicto
1804 2431 1882 2490 quae

1081 2512 1171 2573 circa
1182 2512 1341 2584 chrisma,
1353 2511 1462 2573 oleum
1474 2510 1882 2583 sanctum,ordinati0nes

583 2613 679 2704 CCV
1081 2609 1280 2672 clericorum
1299 2611 1333 2672 et
1354 2609 1505 2686 quaedam
1521 2609 1588 2669 alia
1608 2609 1644 2669 in
1664 2608 1792 2670 eisdem
1807 2609 1883 2686 pri-

1081 2707 1213 2783 vilegiis
1251 2707 1443 2784 specialiter
1474 2705 1699 2768 reservantur.
1727 2706 1776 2768 Ad
1806 2706 1882 2769 haec

1081 2820 1155 2867 cum
1178 2804 1218 2865 de
1236 2804 1417 2881 praemissis
1439 2803 1679 2882 quinquaginta
1699 2803 1816 2865 solidis
1837 2805 1882 2866 ad

1081 2901 1296 2978 subjectionis
1316 2901 1476 2963 indicium
1496 2917 1516 2962 a
1536 2901 1728 2978 patriarcha
1753 2901 1798 2962 sit
1816 2917 1881 2962 ac-

531 2977 548 3034 ⁶
563 2977 631 3033 maii
645 2977 723 3034 ¹²²4·
1080 2999 1161 3072 tum,
1179 3014 1239 3075 per
1257 2999 1456 3061 sententiam
1472 2998 1662 3077 hujusmodi
1677 3000 1709 3059 ei
1724 3015 1791 3060 non
1805 2999 1884 3060 adi-

343 3091 493 3154 [sordebus
508 3091 747 3150 protestarentur,
762 3089 904 3155 vunssu]
1081 3097 1215 3168 mimus,
1240 3096 1267 3157 si
1292 3097 1358 3158 alio
1378 3099 1456 3174 jure
1480 3096 1521 3157 de
1547 3097 1629 3174 ipsis
1649 3097 1797 3173 experiri
1818 3113 1884 3158 ro-

231 3197 364 3256 becemit
378 3205 408 3255 ut
423 3197 627 3254 monasterium
643 3197 736 3268 ipsum
749 3195 785 3254 ab
799 3199 878 3253 omni
893 3197 929 3253 sit
940 3197 1025 3269 juris·
1081 3194 1181 3256 luerit
1204 3195 1412 3272 potestatem.
1435 3193 1528 3255 Nulli
1550 3209 1641 3270 ergo,
1659 3195 1735 3266 etc,
1750 3192 1883 3256 diiiini-

266 3285 390 3342 dictione
411 3291 576 3357 elflfflbfflffl
596 3291 625 3342 et
643 3283 709 3342 sedi
728 3284 899 3358 Al0810¹issae
922 3285 1023 3342 imme·
1080 3292 1181 3353 tionis
1211 3291 1405 3367 intringere,
1422 3291 1484 3352 etc.
1502 3291 1624 3369 Siquis
1639 3291 1763 3363 autem,
1779 3292 1845 3352 etc.

265 3372 340 3430 diiii
354 3372 524 3446 subjectum.
1121 3390 1238 3450 Datum
1260 3389 1427 3460 Laterani,
1449 3391 1604 3450 linones
1629 3389 1722 3460 maii,
1744 3389 1884 3466 pontiu-

257 3490 634 3567 ·HonorinsepiscopuS,
646 3505 762 3551 servus
772 3505 943 3552 servorum
952 3491 1023 3563 Dei,
1081 3487 1176 3547 catus
1192 3487 1297 3548 nostri
1312 3501 1402 3547 anno
1417 3486 1545 3548 octavo.

231 3587 360 3649 dilectis
374 3587 452 3648 filiis
467 3588 579 3650 abbati
589 3590 623 3650 et
636 3588 815 3670 conventui
831 3587 1025 3650 monasterii

231 3687 269 3762 S,
282 3685 416 3763 Georgii
438 3686 478 3747 de
493 3685 653 3759 venetiis,
670 3687 822 3759 salutem,
841 3688 903 3748 etc.
1421 3709 1536 3796 CCVI

270 3785 306 3844 ln
330 3799 433 3845 causa
456 3801 529 3862 quae
551 3785 714 3847 intervos
736 3785 891 3862 exparte
911 3784 1026 3848 unaet

228 3881 437 3956 venerabiles
475 3882 594 3944 iratres
634 3883 764 3944 nostros
799 3883 1025 3960 patriarcham

231 3979 435 4040 Gradensem
468 3979 538 4040 et...
573 3979 767 4056 episcopum
799 3980 1025 4041 castellanum

230 4091 330 4152 super
345 4076 549 4152 subjectione
565 4077 759 4138 monasterii
774 4093 816 4138 ex
828 4077 934 4139 altera
948 4095 1026 4139 ver·
1381 4061 1478 4118 ⁷¹¹¹³¹i
1496 4061 1575 4119 ¹²²4·

230 4172 371 4244 tebatur,
392 4173 580 4234 invenimus
602 4189 661 4250 pro
689 4174 879 4250 patriarcha
904 4174 1026 4251 proba·
1264 4171 1466 4237 [Ugnslltlmlla
1480 4175 1600 4236 sunau
1613 4175 1697 4242 ism]

235 4273 304 4332 turn
325 4271 411 4348 quod
434 4269 561 4348 inipso
581 4271 783 4332 monasterio
802 4271 1026 4348 recipiebatur
1080 4279 1128 4337 llis
1144 4278 1262 4336 mandat
1276 4286 1307 4337 ut
1321 4296 1408 4353 quum
1431 4283 1637 4341 monasterium
1661 4286 1689 4342 S.
1710 4285 1826 4358 Georgii
1845 4285 1884 4342 dc

231 4367 526 4447 processionaliter
549 4383 624 4428 cum
642 4367 792 4440 incense,
810 4383 897 4444 aqua
920 4368 1024 4429 bene·
1115 4369 1242 4426 Veneriis
1261 4369 1296 4426 ab
1310 4371 1389 4427 omni
1404 4371 1573 4442 patriarche
1587 4370 1743 4432 Gradensis
1758 4382 1786 4432 er
1801 4374 1881 4446 epis-

230 4465 318 4526 djrra
347 4465 566 4538 01100r3‚0t
589 4463 721 4541 quard0
752 4462 979 4525 revertebatur
1005 4478 1024 4524 a
1115 4457 1883 4534 copicastellaniJurisdictioneexemitbancexemp·

230 4563 342 4624 Gradu
364 4562 585 4638 pulsabantur
609 4561 654 4622 ibi
679 4576 850 4637 campanae
878 4559 964 4621 sicut
990 4561 1024 4620 in
1114 4544 1222 4600 tionem
1238 4544 1641 4606 fiifflioefflbffliliiisflsslissl·

230 4659 307 4719 aliis
323 4660 474 4720 ecclesiis
488 4659 633 4721 civitatis
648 4681 655 4720 :
670 4659 703 4719 et
713 4657 800 4734 quod
812 4657 914 4719 abbas
925 4673 1026 4733 quan·
1119 4661 1287 4722 Honorius
1298 4663 1484 4740 episcopus,
1497 4679 1796 4728 servusserrorum
1805 4667 1880 4734 Dei,

230 4756 338 4831 doque
359 4754 420 4816 ivit
443 4755 484 4818 ad
507 4755 670 4832 synodum
701 4754 900 4830 patriarchae
923 4753 1023 4830 quin·
1080 4755 1212 4818 dilectis
1241 4755 1320 4819 illlis
1349 4757 1461 4822 abbati
1491 4763 1524 4822 S.
1550 4761 1709 4840 Cypriani
1737 4763 1881 4825 Torcel-

231 4851 390 4930 quaginta
408 4851 589 4911 solidorum
604 4851 798 4912 venetorum
814 4851 979 4912 minorum
994 4849 1025 4912 ei
1080 4853 1166 4914 lanae
1196 4853 1360 4927 dioecesis,
1389 4858 1421 4918 et
1436 4847 1566 4920 Sanctae
1579 4860 1696 4922 Mariae
1711 4861 1816 4923 Novae
1837 4861 1881 4922 de

229 4950 413 5029 perplures
428 4963 534 5008 annos
549 4948 736 5008 exsolvens.
751 4947 929 5009 Probatum
945 4962 1025 5008 vero
1080 4950 1241 5022 Venetiis,
1267 4952 1300 5014 et
1315 4955 1445 5016 Sanctae
1460 4957 1576 5018 Mariae
1600 4957 1641 5019 de
1655 4958 1787 5020 Avariae
1807 4961 1881 5019 Pa-

230 5066 291 5127 pro
307 5047 462 5124 episcopo
477 5043 648 5105 invenitur
661 5045 718 5121 qui
733 5045 883 5119 eJusdem
898 5059 1026 5106 monas·
1081 5047 1200 5108 duanis
1229 5049 1409 5124 prioribus,
1425 5053 1566 5115 salutern
1593 5057 1626 5116 et
1651 5056 1881 5132 apostolicam

230 5147 307 5209 terii
334 5141 543 5216 confirmavit
568 5140 716 5212 abbates,
738 5141 793 5216 qui
816 5141 847 5201 ei
869 5141 1027 5202 obedien·
1080 5143 1356 5207 benedictionem.

231 5247 312 5306 tiam
335 5246 368 5305 et
390 5238 613 5304 reverentiam
632 5235 875 5312 impenderunt,
890 5237 1025 5299 abbates
1120 5243 1159 5300 ln
1183 5255 1295 5312 causa,
1322 5259 1395 5319 quae
1423 5245 1511 5308 inter
1530 5248 1741 5310 venerabiles
1758 5247 1882 5311 iratres

231 5343 331 5404 etiam
342 5341 490 5418 eJusdem
502 5333 698 5400 monasterii
709 5332 750 5393 ad
761 5333 904 5410 synodos
914 5335 1026 5394 venie·
1080 5335 1212 5396 nestros
1227 5335 1452 5411 patriarcham
1467 5341 1673 5405 Gradensem
1688 5345 1721 5406 et
1745 5345 1884 5421 episco-

229 5439 310 5501 bant
322 5436 469 5514 episcopi
481 5438 513 5497 et
525 5435 612 5495 idem
623 5431 664 5494 ad
676 5431 854 5507 exsequias
865 5430 1025 5492 invitatus
1080 5447 1157 5507 pum
1173 5432 1396 5494 castellanum
1412 5453 1454 5498 ex
1468 5441 1562 5514 parte
1578 5457 1656 5513 una,
1673 5442 1707 5503 et
1723 5442 1882 5506 abbatem

231 5535 454 5615 recipiebatur
482 5529 776 5611 processionaliter
799 5543 873 5588 cum
901 5526 1025 5587 solem·
1080 5527 1111 5588 et
1149 5529 1346 5590 conventum
1380 5537 1573 5598 monasterii
1612 5541 1650 5600 S..
1674 5540 1809 5617 Georgii
1838 5541 1883 5603 de

232 5637 336 5714 nitate
359 5633 516 5712 praedicta
546 5647 585 5692 ac
619 5627 773 5690 similiter
805 5623 965 5685 invitatus
989 5623 1024 5683 in
1081 5625 1241 5696 venetiis,
1266 5631 1366 5702 super
1387 5628 1591 5706 subjectione
1613 5635 1720 5712 ipsius
1741 5653 1883 5700 monas.

270 2759 322 2818 Ad
335 2756 493 2824 abbatem
510 2756 543 2818 et
561 2757 768 2818 corruendum
781 2755 987 2818 monosterii

413 2856 448 2918 S.
466 2855 607 2940 Georptt
620 2857 661 2915 dc
681 2855 840 2915 Veneriis.

1120 3845 1173 3902 Ad
1198 3844 1353 3904 abbatom
1376 3845 1411 3904 S.
1439 3845 1606 3917 cypriant
1635 3847 1842 3908 Torceltanae

1352 3943 1518 4012 dtaecests,
1536 3941 1598 4001 etc.
