4104 6330
91 367 144 428 att

91 521 201 596 Regiam
213 518 382 594 dignitatem
394 527 423 578 et
432 520 480 594 jus
489 520 578 580 tuitus
590 528 634 580 est
651 522 805 593 ilonorlus,
820 523 868 596 qui

92 611 203 670 iaumres
222 609 377 682 iniquitatis
395 611 691 669 excommunicatione
707 611 827 685 subjecit
840 619 869 670 et

92 699 254 774 provinciam
276 697 426 756 interdicto
446 701 596 772 supposuit
618 701 648 758 in
663 715 717 772 qua
735 715 785 758 rex
805 701 865 758 vin·

92 789 153 846 culis
172 787 287 846 obrutus
303 786 432 860 degeret,
454 803 544 864 usque
563 787 630 846 dum
648 787 770 847 libertati
785 789 867 846 resti·

92 885 212 936 tueretur.

122 969 150 1024 ln
162 965 293 1038 Ungaria,
305 963 486 1024 difficultates
500 971 574 1024 natm
595 973 710 1040 propter
723 966 868 1024 matrimo-

92 1056 160 1112 nium
175 1054 222 1112 dlii
236 1054 359 1112 Andrean
376 1055 454 1127 regis
465 1069 530 1112 cum
541 1055 597 1113 lilia
613 1054 748 1114 bacchari
764 1056 868 1128 priuci-

93 1144 138 1217 pis.
155 1145 223 1200 Nam
243 1142 289 1200 ille
304 1142 413 1200 dimisit
430 1157 559 1214 uxorem,
575 1158 639 1200 cum
656 1158 709 1215 qua
725 1158 775 1216 per
789 1141 869 1200 bieu-

93 1233 161 1288 nium
175 1238 201 1288 et
215 1231 346 1304 amplius,
365 1238 515 1304 postquam
529 1231 564 1288 ad
580 1232 739 1304 legitimam
755 1239 868 1290 aetatem

94 1327 256 1394 pervenerat,
272 1319 454 1378 cohabitavit.
480 1322 521 1378 lle
542 1321 644 1394 quibus
659 1321 695 1381 ad
713 1322 871 1380 Honorium

691 363 921 428 EPISTOLAE.
945 363 1025 425 LIB.
1048 363 1119 426 vlt.

922 521 1031 580 litteras
1049 519 1190 580 antistites
1207 520 1391 596 scripserunt.
1411 524 1447 582 Et
1457 523 1585 597 aliunde,
1599 533 1714 603 tempus

922 608 990 668 illud
1004 609 1056 668 luit
1069 611 1099 668 iu
1113 625 1170 682 quc
1188 609 1298 670 nobiles
1320 613 1374 670 viri
1387 613 1521 686 ngarlae
1534 616 1650 674 Bultnm
1663 634 1715 677 uu·

922 714 1000 756 ream
1029 714 1047 757 a
1072 713 1142 772 rege
1167 699 1360 771 obtinuerunt,
1382 701 1412 758 in
1441 702 1522 776 catius
1545 705 1647 764 virtute
1667 707 1716 780 ius

923 787 1106 859 acquirebant
1133 787 1293 847 debellandi
1322 789 1460 866 adversus
1488 793 1581 864 ipsum
1601 809 1713 869 regem,

923 877 1158 949 quotiescumque
1168 878 1197 933 in
1211 877 1305 950 aliquo
1319 893 1369 935 rex
1380 879 1499 937 violaret
1513 881 1581 939 illud
1589 892 1714 956 pactum.

959 964 1041 1038 Apud
1065 965 1141 1022 solos
1164 967 1305 1038 Hispanos
1335 982 1382 1024 res
1409 967 1482 1025 bene
1512 979 1659 1042 geruntur,
1685 973 1715 1034 iu

924 1068 1015 1127 regno
1030 1053 1211 1122 Fcrdinandi,
1223 1055 1351 1113 Castellae
1366 1070 1400 1112 ac
1415 1058 1549 1130 Legionis
1563 1063 1650 1134 regis.
1663 1063 1716 1130 Qui

924 1141 960 1199 de
983 1143 1099 1212 Mauris,
1122 1141 1178 1199 hoc
1191 1143 1253 1214 ipso
1271 1158 1356 1213 auno,
1380 1146 1500 1218 egregie
1520 1147 1714 1221 triumphavit,

925 1231 1023 1306 spoliis
1033 1247 1132 1288 eorum
1145 1229 1242 1288 relatis
1256 1239 1284 1289 et
1295 1247 1394 1306 regem
1407 1234 1504 1291 bietine
1514 1235 1715 1296 blahomadem

925 1321 961 1378 ad
976 1335 1027 1378 sua
1042 1321 1162 1394 imperia
1179 1320 1346 1394 excipienda
1360 1322 1506 1394 compulit.

463 1997 482 2084 Ι

115 2147 160 2208 Ad
173 2147 380 2210 abbatissam
399 2148 432 2210 et
453 2151 620 2210 mentales
638 2146 844 2210 monosterii

258 2248 295 2307 s.
312 2249 438 2308 Mortua
450 2249 490 2308 cte
506 2246 685 2318 calameta.

327 2384 361 2442 lt
379 2383 519 2457 septemb.
542 2383 621 2442 rata.

184 2515 325 2580 [Sbaralea
336 2517 432 2568 Bnllar.
445 2515 582 2576 1116116166,
594 2518 613 2578 i,
628 2515 666 2576 tn,
677 2531 703 2567 n.
715 2517 766 2582 ll.]

93 2639 263 2716 Privitegium
285 2643 470 2715 protectionis
490 2641 526 2700 ab
541 2645 664 2716 liugone
680 2644 815 2716 episcopo
829 2643 872 2702 eia

222 2731 359 2788 collatum
374 2731 512 2806 approbat
524 2739 553 2790 et
564 2731 724 2790 conllrmat.

125 2855 284 2918 Honorius
294 2857 480 2935 episcopus,
489 2871 605 2920 servus
617 2872 790 2921 servorum
799 2857 869 2930 Dei,

94 2950 208 3014 dilectis
226 2953 263 3014 in
286 2954 417 3017 Christo
439 2953 609 3016 filiabus...
632 2953 820 3025 abbatissae,
839 2955 873 3016 et

94 3050 280 3112 monialibus
306 3051 500 3114 monasterii
527 3053 657 3116 Sanctae
687 3051 804 3113 Mariae
830 3051 871 3114 de

94 3147 253 3224 eattojota,
269 3152 395 3210 Lucan.
411 3149 520 3222 dioec,
537 3149 677 3212 salutem
691 3150 724 3212 et
736 3149 873 3226 Aposto-

93 3243 177 3306 licam
191 3246 468 3310 benedictionem.

126 3345 339 3408 sacrosancta
350 3348 499 3408 Romana
510 3345 667 3417 Ecclesia,
678 3345 753 3417 616,
765 3361 872 3422 usque

94 3441 266 3506 contovere.
282 3446 370 3504 Sane
384 3459 459 3506 cum
471 3443 672 3506 venerabilis
685 3443 788 3507 trater
799 3459 873 3505 nos·

94 3539 168 3599 ter...
183 3541 349 3603 Ostiensis
370 3541 555 3618 episcopus,
575 3542 654 3604 dum
668 3541 704 3602 in
723 3540 872 3618 partibus

94 3637 198 3700 vestris
211 3638 390 3716 legationis
412 3637 522 3702 cilicio
545 3637 748 3715 iungeretur,
770 3641 874 3701 aito-

93 3731 213 3800 landino
228 3736 374 3812 volpelli
387 3737 460 3800 cive
471 3738 595 3799 Lucan.
613 3737 740 3814 sylvam
753 3753 873 3814 quam-

94 3829 168 3914 dam,
186 3849 286 3911 quam
305 3833 448 3898 babebat
467 3835 504 3895 in
527 3834 611 3907 loco,
633 3835 690 3912 qui
709 3835 873 3912 Gattajola

94 3927 212 4004 dicitur,
234 3948 312 3994 cum
334 3932 485 3994 omnibus
509 3933 719 4009 pertinentiis
743 3932 824 4006 suis,
841 3932 874 3995 et

94 4027 230 4092 adificiis
245 4029 317 4092 suis
332 4030 367 4092 in
381 4032 449 4106 jus,
464 4030 498 4093 et
509 4030 743 4108 proprietatem
754 4031 872 4092 116616-

94 4123 144 4186 siae
158 4128 326 4199 Romanae,
339 4129 438 4203 prout
457 4128 734 4190 mandaveramus
753 4127 872 4201 eidem,

94 4223 194 4285 166116
208 4225 345 4287 nomine
362 4225 561 4302 recepisset;
577 4227 610 4288 el
625 4225 659 4286 in
672 4226 874 4302 monasterio

94 4311 135 4374 ibi
147 4319 333 4381 constructo
347 4318 497 4395 quandam
513 4319 548 4378 iu
560 4320 679 4384 vestrae
700 4319 875 4396 religionis

95 4417 308 4488 angmentum,
321 4417 356 4478 et
369 4414 627 4478 favoremvestri
637 4417 764 4478 ordinis
775 4417 876 4480 duxe-

95 4506 134 4569 rit
145 4513 328 4584 statuenda,
344 4528 418 4586 uos,
433 4513 553 4576 vestris
564 4514 666 4591 justis
677 4515 877 4592 postulatio-

95 4605 180 4670 nibus
194 4611 393 4684 annuentes,
409 4611 495 4688 quod
518 4611 560 4674 ab
582 4612 697 4674 eodem
720 4613 875 4690 episcopo

96 4699 205 4768 lactum
219 4711 272 4771 est
283 4710 392 4772 ratum
409 4708 569 4772 habentes
583 4710 615 4772 el
629 4710 772 4786 gratum,
789 4711 876 4772 iacta

96 4799 218 4866 obtentu
230 4805 405 4882 religionis
419 4807 538 4870 vestrae
557 4807 769 4885 abepiscopo
784 4823 874 4885 prae-

98 4895 155 4960 lato
168 4903 302 4976 statuta,
320 4904 408 4967 sicut
423 4905 458 4966 in
477 4905 584 4982 ipsius
599 4905 776 4982 privilegio
791 4921 875 4968 con-

96 4994 220 5068 tinetur,
248 5003 447 5067 auctoritate
478 5003 671 5079 apostoliea
699 5003 878 5066 conflrma-

97 5105 171 5167 mus,
184 5098 217 5160 et
237 5100 414 5175 praesentis
438 5100 554 5176 scripti
578 5101 763 5177 patrocinio
785 5112 878 5162 ccm-

98 5193 265 5256 muuimus.
285 5199 448 5260 'lenonem
463 5199 573 5260 autem
599 5199 748 5275 ejusdem
772 5199 879 5277 privi-

923 1984 1065 2060 legatus,
1079 1980 1210 2045 dilectis
1224 1980 1260 2043 in
1275 1980 1406 2044 Christo
1426 1979 1596 2044 filiabus...
1612 1977 1717 2042 abba·

923 2081 1014 2142 tissaa
1027 2080 1222 2143 monasterii
1236 2081 1269 2141 S.
1286 2079 1402 2140 Mariae
1415 2079 1456 2140 de
1470 2077 1717 2156 6111616616-

926 2194 1001 2240 can.
1018 2178 1115 2240 dioec.
1132 2180 1271 2254 ejusque
1292 2175 1463 2240 sororibus
1483 2179 1551 2238 tam
1568 2189 1720 2252 praesen-

924 2276 1012 2338 tibus
1026 2291 1124 2356 quam
1139 2274 1261 2336 turturis
1273 2275 1467 2350 religiosam
1477 2274 1580 2336 vitam
1593 2271 1718 2350 protes·

925 2374 972 2435 sis
991 2373 1027 2434 in
1045 2375 1251 2450 perpetuum.
1269 2371 1493 2434 Prudentibus
1516 2369 1715 2446 virginibus,

925 2486 1000 2548 quae
1014 2470 1076 2532 sub
1091 2469 1208 2532 habitu
1226 2469 1399 2545 religionis
1419 2468 1569 2534 accensis
1589 2468 1719 2544 lampa-

925 2568 1022 2630 dibus
1042 2584 1102 2644 per
1120 2581 1222 2645 opera
1241 2567 1428 2630 sanctitatis
1439 2567 1566 2645 Jugiter
1580 2581 1617 2628 66
1632 2581 1720 2642 praa-

925 2667 1047 2744 parant
1062 2665 1194 2728 obviam
1209 2681 1331 2742 sponso
1352 2665 1416 2737 ire,
1437 2666 1471 2727 et
1494 2679 1569 2725 cum
1587 2664 1662 2740 ipso
1677 2663 1720 2726 ad

927 2764 1078 2826 coelestes
1100 2763 1235 2841 nuptias
1259 2762 1412 2834 introire,
1439 2762 1591 2824 nostrum
1619 2761 1721 2824 debe-

926 2877 999 2922 mus
1017 2861 1211 2938 praesidium
1226 2861 1403 2938 impertiri,
1420 2875 1462 2922 ne
1477 2859 1562 2922 torte
1576 2859 1719 2935 cujusli-

926 2959 982 3020 bet
995 2957 1193 3020 temeritatis
1205 2959 1361 3020 incursus
1375 2957 1430 3020 vel
1445 2973 1503 3019 eas
1518 2955 1720 3033 aproposito

926 3056 1070 3127 revocet,
1091 3056 1149 3116 aut
1162 3054 1276 3127 robur,
1292 3054 1379 3132 quod
1399 3054 1496 3125 absit,
1512 3069 1616 3116 sacrm
1632 3053 1718 3114 reli·

926 3154 1035 3230 gionis
1052 3153 1225 3230 infringat.
1242 3153 1436 3229 Eapropter,
1450 3151 1580 3214 dilectae
1604 3151 1639 3212 in
1652 3153 1721 3212 Do-

926 3253 1017 3314 mino
1042 3251 1133 3320 tiliae,
1161 3251 1283 3313 vestris
1312 3251 1413 3326 justis
1440 3248 1723 3327 postulationibus

926 3350 1021 3427 grato
1037 3349 1273 3410 concurrentes
1289 3361 1440 3421 assensu,
1461 3347 1600 3425 sylvam,
1619 3360 1719 3423 quam

926 3448 1066 3510 dilectus
1082 3447 1172 3508 illius
1187 3445 1394 3509 Rolaudinus
1408 3444 1553 3522 Vulpelli
1565 3447 1720 3507 Lucanus

927 3546 1017 3608 cives
1031 3543 1176 3607 habebat
1188 3545 1223 3607 in
1238 3545 1322 3616 loco,
1336 3543 1393 3621 qui
1405 3543 1527 3605 dicitur
1541 3541 1718 3618 Gattojola,

927 3643 962 3704 in
978 3643 1074 3706 dioec.
1092 3645 1228 3706 Lucana
1241 3657 1315 3704 cum
1330 3640 1483 3703 omuibus
1495 3639 1718 3717 pertinentiis,

928 3741 962 3803 et
987 3740 1139 3802 aediliciis
1172 3740 1243 3800 suis
1274 3737 1369 3800 uobis
1398 3737 1532 3799 nomine
1562 3739 1720 3798 Romanae

927 3838 1085 3900 Ecclesiae
1100 3836 1141 3899 ab
1159 3851 1199 3899 co
1220 3837 1275 3914 pia
1293 3835 1493 3897 liberalitate
1510 3832 1665 3896 collatam
1680 3831 1722 3894 de

928 3951 1069 3998 assensu
1083 3934 1179 3997 bonae
1200 3933 1406 3996 memoriae...
1428 3933 1551 3994 Lucan.
1572 3929 1721 4010 episcopi

928 4035 964 4095 in
972 4036 1041 4110 jus,
1065 4033 1098 4095 et
1118 4032 1356 4109 proprietatem
1374 4029 1463 4092 beati
1485 4028 1587 4102 Petri,
1604 4029 1720 4092 61116-

929 4131 1040 4192 clesiac
1054 4133 1213 4192 Romanae
1233 4129 1448 4205 suscipimus;
1473 4127 1528 4190 ubi
1552 4127 1722 4190 monaste·

929 4230 1016 4292 rium
1032 4228 1073 4289 ad
1089 4229 1249 4289 honorem
1262 4227 1333 4300 Dei,
1348 4229 1381 4290 et
1397 4225 1545 4302 Virginis
1564 4226 1721 4302 gloriosae

929 4327 1107 4388 (1611111616
1121 4329 1149 4404 ej
1155 4341 1204 4398 us,
1214 4325 1250 4388 ut
1264 4340 1323 4386 vos
1339 4323 1505 4387 offerretis
1521 4323 1567 4386 ibi
1580 4323 1720 4384 Domino

930 4425 1172 4495 holocaustum,
1193 4423 1228 4485 et
1255 4423 1340 4484 alias
1365 4422 1517 4498 exemplo
1540 4423 1651 4483 vestro
1678 4420 1721 4480 ad

930 4522 1079 4584 divinum
1115 4520 1309 4599 obsequium
1346 4518 1536 4586 traheretis.
1565 4517 1722 4578 duximus

931 4619 1199 4682 consonandum.
1214 4621 1338 4680 Verum
1353 4617 1431 4696 quia
1444 4617 1573 4694 petistis
1582 4631 1604 4678 a
1614 4615 1721 4689 nobie,

931 4714 967 4777 ut
989 4715 1099 4777 locum
1122 4715 1241 4792 ipsum,
1262 4716 1295 4777 et
1309 4727 1470 4790 personas
1485 4709 1568 4772 inibi
1582 4711 1724 4774 Domino

930 4812 1130 4876 famulantes
1163 4813 1279 4872 contra
1307 4810 1530 4886 malignorum
1569 4809 1723 4871 incursus

931 4909 1145 4987 protectionis
1179 4907 1274 4970 Sedis
1306 4907 1505 4985 Apostolicae
1546 4904 1723 4983 privilegio

932 5004 1153 5078 muniremas3
1174 5019 1235 5064 nos
1254 5003 1374 5065 vestris
1394 5000 1548 5079 precibus
1570 4999 1724 5064 inclinati

932 5101 1056 5164 dictum
1080 5100 1337 5172 monasterium,
1361 5098 1448 5176 quod
1474 5097 1516 5160 ad
1540 5100 1723 5160 Romanam

932 5199 1114 5262 Ecclesiam
1129 5197 1220 5260 nullo
1240 5198 1385 5276 pertinet
1403 5193 1582 5267 mediante,
1604 5194 1640 5254 iu
1659 5207 1724 5270 quo

1653 369 1714 433 aas
1813 447 1816 454 ¹

98 5283 168 5363 legii
193 5293 235 5354 ad
258 5297 419 5371 majorem
438 5295 596 5368 vestram,
620 5297 654 5358 et
681 5296 877 5359 monasterii
933 5293 1539 5373 111111166εῇ66166611611161161116116,
1555 5307 1629 5352 cum
1646 5304 1726 5366 pcr-

98 5391 262 5453 memorati
296 5392 461 5456 cautelam
497 5394 717 5470 presentibus
757 5394 878 5457 litteris
933 5393 1024 5454 sonis
1037 5395 1070 5455 et
1084 5391 1238 5454 omuibus
1252 5391 1352 5453 rebus
1369 5391 1439 5452 suis
1457 5386 1517 5449 suh
1530 5385 1618 5448 beati
1634 5387 1725 5448 Petri

100 5479 245 5550 (1111111116
260 5491 497 5563 annotandum,
514 5491 571 5568 qui
586 5491 663 5554 talis
678 5493 728 5554 est
744 5508 752 5548 1
934 5490 1137 5568 protectione
1148 5490 1359 5568 suscipimus,
1373 5490 1406 5550 et
1418 5485 1592 5565 praesentis
1610 5485 1725 5562 scripti

133 5587 257 5663 ‹Hugo
278 5588 492 5652 miseratione
514 5589 628 5651 divina
655 5589 818 5652 Ostiensis
847 5591 880 5652 61
934 5586 1109 5665 privilegio
1125 5587 1378 5648 communimus
1397 5584 1587 5646 Formulam
1602 5580 1727 5643 nihilo-

101 5677 307 5748 veletrensis
335 5687 522 5764 episcopus,
555 5687 755 5764 Apostolicae
784 5687 885 5752 Sedis'
934 5685 1132 5748 minusvitae
1145 5685 1276 5758 vestrae,
1292 5700 1389 5766 quam
1406 5681 1536 5746 anobis
1554 5679 1725 5752 humiliter
