3948 6326
61 355 115 418 005
647 355 875 416 nprsronae.
899 357 977 418 ma.
1001 361 1086 422 vm.
1626 372 1685 433 soe

61 515 105 576 his
130 512 248 589 scrIpta
274 513 479 585 mandamus,
513 511 676 589 quatenus
697 514 834 586 vocatis,
1210 529 1366 620 CXCIII

61 625 132 688 quos
155 608 304 671 videritis
332 609 531 680 evocandos,
562 609 695 687 proviso
722 610 834 680 etiam,

61 723 123 784 quae
137 707 315 768 necessitas
327 707 380 768 vel
393 707 521 769 utilitas
536 706 610 768 lieri
629 707 692 770 hoc
715 723 837 784 expos·
949 676 1002 738 Ad
1015 677 1152 740 abbam
1174 681 1208 742 S·
1230 685 1397 780 Germani
1415 689 1450 748 ⁶⁸
1471 689 1506 749 S·
1523 690 1624 752 Petri
1705 707 1709 715 '

60 807 114 876 cat,
144 804 289 881 pensatis
313 805 451 881 insuper
478 805 737 866 circumstantiis
765 806 837 866 uni·
994 775 1029 835 εἴ
1049 778 1215 839 demum
1229 781 1575 849 Aunsswdffl'enssem·

59 901 152 964 vorsla
164 915 264 977 super
274 901 493 964 translatione
503 901 704 979 hujusmodi,
716 903 835 964 aucto-
1167 909 1201 966 lo
1216 911 1311 968 martii
1331 913 1410 972 itti.

59 997 145 1060 ritate
156 998 345 1074 apostolica
366 998 511 1071 faciatis,
533 999 632 1076 quod,
654 1000 836 1061 secundum
907 1026 1244 1096 [heret.,lib.v111,eput
1256 1032 1379 1087 mm
1392 1038 1517 1091 Mum
1528 1041 1664 1108 dum]

59 1099 149 1156 Deum
171 1097 204 1157 et
227 1096 404 1158 utilitatem
427 1098 460 1158 et
480 1097 699 1168 honestatem,
723 1099 837 1159 Mora-

58 1192 154 1254 riensi
166 1192 315 1254 ecclesiae
329 1194 553 1269 cognoveritis
563 1195 729 1272 expedire.
743 1196 835 1268 Quod

59 1288 154 1350 sinon
168 1305 282 1350 omnes
297 1290 350 1351 his
363 1291 583 1367 exsequendis
599 1292 773 1368 potueritis
788 1293 837 1354 in·
1046 1367 1053 1380 .
1076 1347 1079 1356 ,

58 1386 181 1458 pol-0350,
208 1388 257 1459 tu,
288 1387 391 1450 frater
423 1389 587 1465 episcope,
617 1404 692 1450 cum
721 1405 835 1452 eorum
929 1369 1113 1442 Honorius,
1143 1370 1218 1444 etc,
1249 1371 1379 1437 dilectis
1418 1376 1534 1440 liliis...
1571 1382 1683 1446 Sancti

58 1483 151 1544 ,pero
173 1497 213 1544 03
240 1482 457 1546 nihilominus
486 1486 691 1562 exsequaris·
717 1489 835 1550 Datum
890 1465 1057 1538 Germani,
1073 1465 1154 1528 et...
1171 1469 1284 1530 Sancti
1295 1470 1384 1533 Petri
1398 1472 1585 1551 abbatibus,
1598 1479 1680 1542 et...

58 1581 210 1653 Laterani,
224 1583 270 1642 III
281 1581 356 1645 idus
367 1582 495 1660 aprilis,
507 1583 718 1662 pontificatus
729 1585 835 1648 nostri
890 1559 1014 1670 ⁶0⁰²}n0
1026 1561 1321 1674 ᾼῑῑῑῑξὸῑθᾱθῗθῦὃῑι
1339 1569 1490 1644 salutem,
1508 1575 1571 1635 etc·

57 1692 133 1738 anno
149 1677 277 1741 octavo,
929 1657 1048 1720 Dilecta
1062 1659 1160 1722 filu...
1177 1677 1271 1738 prror
1289 1665 1323 1726 et
1344 1665 1464 1728 iratres
1485 1672 1680 1736 monasterii

404 1759 411 1790 i

889 1753 1113 1818 Flannuacen.
1152 1758 1248 1820 nobis
1280 1757 1477 1826 humililiter
1514 1770 1683 1846 supplica-

888 1854 977 1923 runt,
1000 1852 1036 1915 ut
1054 1870 1129 1914 cum
1150 1856 1352 1919 venerabilis
1367 1859 1472 1923 irater
1492 1866 1606 1926 noster
1632 1869 1678 1941 0.,

371 1979 508 2066 CXCII
889 1947 1238 2028 portuenepiscopus,
1252 1956 1448 2018 monasterii
1463 1959 1551 2022 statu
1568 1962 1604 2022 in
1618 1964 1683 2040 spi·

888 2043 1065 2107 ritualibus
1108 2048 1142 2108 et
1177 2048 1415 2127 temporalibus
1455 2055 1678 2133 reformando,

55 2129 98 2188 lo
120 2129 311 2190 iohannem
347 2133 543 2204 episcopum
575 2133 763 2201 libisosana,
793 2133 835 2191 dc
888 2139 1011 2202 ibidem
1040 2144 1189 2220 quaedam
1222 2147 1345 2210 statuta
1378 2149 1494 2214 iecerit
1524 2154 1620 2216 utilia
1648 2156 1682 2219 et

86 2225 245 2287 Fontibus
259 2227 293 2287 et
314 2229 355 2288 de
369 2229 519 2289 Riccolie
535 2227 682 2300 abbates,
699 2229 835 2288 linoro-
889 2237 1039 2312 honesta‚
1065 2255 1106 2302 ea
1131 2239 1315 2306 faceremus
1355 2245 1504 2310 obtinere
1537 2251 1682 2314 debitam

86 2325 190 2385 censis
203 2325 373 2385 dioececis.
889 2332 1089 2398 firmitatem.
1111 2337 1254 2416 Ideoque
1276 2341 1470 2406 discretioni
1486 2347 1606 2410 vestrae
1622 2365 1683 2426 per

323 2473 356 2529 ss
372 2472 465 2530 martii
481 2472 561 2530 liti.
888 2432 1078 2508 Apostolica
1113 2437 1237 2513 scripta
1269 2439 1480 2514 mandamus,
1517 2445 1680 2521 quatenus

889 2529 1012 2590 statuta
1025 2530 1109 2607 ipsa,
1127 2532 1212 2594 sicut
1233 2536 1371 2610 provide
1392 2536 1478 2600 iacta
1494 2541 1624 2613 suntet
1643 2542 1679 2604 in

889 2625 1009 2687 litteris
1028 2628 1133 2705 ipsius
1148 2631 1295 2708 episcopi
1310 2633 1439 2710 plenius
1453 2637 1676 2714 continentur,

54 2715 154 2775 llendat
169 2725 201 2776 ut
223 2717 382 2777 solemnem
403 2718 617 2793 inquisitionem
640 2733 726 2791 super
747 2719 832 2776 mira·
889 2720 1020 2784 faciatis
1035 2724 1274 2789 inviolabiliter
1289 2729 1471 2801 observari,
1488 2733 1679 2797 contradic·

81 2805 146 2863 culis
156 2807 186 2864 B.
199 2806 345 2865 Guillelmi
357 2807 472 2878 iaciant,
490 2815 575 2880 atque
590 2806 655 2865 Sedi
665 2807 835 2878 Apostolloae
890 2820 989 2890 tores,
1008 2820 1070 2881 etc,
1088 2821 1180 2892 Quod
1200 2823 1230 2883 si
1249 2839 1315 2885 non
1335 2841 1459 2899 omnes,
1484 2829 1545 2890 etc,
1562 2831 1681 2892 Datum

80 2893 158 2966 piane
182 2908 217 2951 ⁸⁰
240 2895 378 2967 plenarie,
401 2909 464 2968 (ΨΒ
483 2895 590 2968 ⁸¹1¹81¹li
612 2894 726 2952 leffium
745 2893 833 2967 ἀθΡθ·
889 2915 1055 2988 Laterani,
1081 2919 1158 2978 XIII
1195 2917 1356 2982 kalendas
1382 2923 1473 2998 maii,
1502 2941 1589 2989 anno
1618 2943 1679 2990 oc-

81 2983 193 3052 suerint,
207 2982 378 3040 rescribant.
891 3012 976 3074 tayo,

890 1151 1006 1212 Mandat
1021 1161 1052 1210 ut
1071 1153 1201 1227 quadam
1219 1164 1333 1228 statuta,
1352 1175 1367 1218 a
1385 1163 1535 1223 Portueusi
1548 1169 1683 1244 episcopo

967 1254 975 1268 “
1096 1241 1181 1314 lacta,
1197 1245 1343 1305 observari
1357 1249 1473 1310 iaciant.

163 2593 302 2659 ffiaynald,
316 2594 411 2646 huual.
429 2595 461 2646 ad
472 2607 531 2646 ann.
551 2594 620 2654 liat,
634 2593 709 2660 iii]

87 3117 322 3180 Praesentatam
350 3117 446 3179 nobis
484 3132 546 3195 per
578 3117 716 3180 dilectos
748 3116 835 3178 filios

55 3213 82 3272 S.
105 3215 376 3276 archidiaconum
399 3217 433 3278 et
454 3218 490 3276 Ε.
515 3213 678 3276 Bernardi
697 3214 836 3275 canoni·

54 3322 117 3370 cum
133 3309 386 3384 Eboracensem
403 3313 437 3374 et
450 3315 487 3373 L.
503 3312 537 3373 et
555 3313 580 3373 Ι.
602 3313 835 3388 procuratores
1211 3309 1365 3398 CXCIV

54 3405 242 3466 venerabilis
264 3405 378 3467 fratris
402 3404 508 3467 nostri
526 3405 781 3482 archiepiscopi,
802 3406 837 3467 et

54 3500 177 3576 capituli
190 3503 374 3564 Eboracen.
391 3502 588 3564 relationem
608 3501 835 3579 inquisitionis
1187 3579 1190 3586 ι

53 3593 135 3660 iactae
154 3614 173 3659 a
190 3597 287 3662 noble
305 3599 345 3660 de
360 3599 516 3660 mandato
531 3601 646 3660 nostro
659 3615 760 3675 snper
772 3599 837 3659 mi·
1166 3591 1200 3648 ²²
1213 3590 1309 3663 aprilli
1325 3593 1402 3650 ¹²²4·

53 3695 162 3756 ranulis
181 3699 218 3757 B.
243 3697 423 3768 Guillelmi,
440 3697 673 3774 perspeximus
693 3695 837 3770 diligen·
891 3709 1138 3774 [nonquetneeuen
1154 3713 1197 3764 des
1210 3713 1284 3772 nist..
1297 3715 1364 3774 xm,
1375 3715 1430 3767 ion.
1441 3718 1548 3781 aegest,
1562 3719 1682 3782 lihvlll,

53 3789 104 3850 ter.
119 3792 181 3854 Sed
195 3793 277 3856 licet
288 3792 374 3870 apud
389 3809 449 3855 vos
465 3777 570 3854 multa
586 3792 619 3854 et
634 3805 755 3867 magna
772 3793 837 3852 mi·
1226 3807 1267 3857 01>-
1280 3793 1349 3856 40³i

52 3889 155 3950 recula
178 3890 248 3952 sint
274 3890 361 3952 forte
383 3889 533 3968 probata,
550 3904 761 3966 nequaquam
783 3889 837 3950 ta-
891 3899 1042 3966 honorius,
1059 3898 1108 3970 qui
1122 3896 1197 3971 apud
1220 3898 1383 3973 Philippum
1398 3917 1497 3976 regem
1521 3912 1631 3990 egerat,
1651 3915 1682 3964 ut

53 3997 117 4046 men
127 3987 212 4064 apud
228 4002 290 4048 uos
303 4003 404 4064 super
417 3987 460 4047 iis
474 3986 571 4064 plene
583 3986 690 4064 potuit
702 4002 745 4047 ex
754 4001 834 4047 ves·
925 3984 1110 4055 Ferrandum,
1133 3985 1272 4044 Fiandriae
1281 3988 1432 4058 comitem,
1456 3989 1613 4050 incarcere
1634 3992 1682 4052 diu

53 4081 96 4142 tra
109 4084 271 4147 relatione
296 4085 461 4154 constare,
475 4100 576 4160 quum
598 4084 633 4144 in
649 4099 690 4144 ea
709 4098 837 4159 nequa..
925 4072 1081 4144 detentum,
1109 4073 1252 4144 liberaret,
1278 4076 1430 4135 instantius
1453 4079 1629 4138 ludovicum
1645 4081 1682 4140 dd

53 4192 138 4254 quam
152 4180 244 4243 dicta
257 4180 390 4243 pestium
403 4181 470 4243 sint
489 4195 662 4257 expressa,
682 4195 743 4257 per
763 4195 836 4256 (μω
924 4161 1172 4220 mansuetudinem
1186 4169 1215 4220 ct
1227 4164 1452 4224 misericordiam
1463 4181 1533 4241 erga
1547 4170 1683 4228 comitem

53 4274 137 4337 nobis
147 4277 301 4340 veritatis
316 4279 428 4357 posset
439 4277 511 4340 fleri
527 4277 702 4351 certitudo,
717 4293 837 4354 quam·
925 4249 1039 4308 'mm
1056 4258 1185 4309 ⁰⁰⁰⁸¹⁰¹·

51 4373 145 4435 visin
172 4377 337 4438 relatione
361 4375 571 4440 contineatur
594 4373 721 4446 eadem,
749 4374 836 4450 quod
921 4375 1680 4454 Honoriusepiscopus...,carissimoinchristo

54 4483 104 4543 per
119 4473 203 4534 tales
224 4474 259 4535 et
283 4472 380 4546 tales,
403 4472 486 4534 talia
508 4472 542 4532 et
567 4471 650 4532 talia
673 4471 836 4532 miracula
890 4471 959 4532 filio
987 4471 1172 4546 Ludorico,
1204 4475 1277 4551 regi
1302 4476 1506 4536 Francorum
1539 4476 1680 4550 illustri,

54 4565 110 4629 sint
122 4569 271 4646 probata.
288 4570 332 4632 Ut
344 4569 457 4646 igitur,
478 4569 565 4646 quod
579 4569 614 4629 in
642 4567 705 4629 hoc
725 4568 836 4643 negliu
891 4567 1043 4642 salutem,
1061 4571 1123 4632 etc.

54 4664 158 4736 genter
169 4668 331 4728 omissum
350 4668 412 4738 est,
428 4681 489 4742 per
501 4664 761 4742 subsequentem
785 4665 837 4725 di·
931 4669 996 4726 Pro
1008 4665 1150 4742 captivis
1171 4665 1205 4727 et
1222 4663 1357 4728 afflictis
1371 4667 1466 4744 quasi
1478 4667 1605 4744 jugiter
1618 4686 1680 4746 ge-

54 4757 214 4835 ligentiam
240 4763 454 4835 emendetur,
491 4761 687 4823 discretioni
715 4761 836 4822 vestrae
890 4761 1015 4824 neralis
1034 4763 1108 4824 orat
1134 4761 1297 4838 Ecclesia3
1321 4763 1355 4824 et
1376 4779 1448 4836 nos,
1470 4765 1528 4842 qui
1546 4765 1684 4837 cilicet

54 4860 305 4936 perhpostolica
320 4859 444 4937 scripta
457 4859 836 4935 mandamus,quatenus
890 4859 1058 4931 immeriti,
1086 4859 1314 4936 praesidemus,
1327 4859 1529 4937 captivitatIs
1553 4863 1683 4924 incom-

54 4953 99 5014 rel
110 4955 195 5019 dicta
209 4957 344 5019 testium
356 4957 564 5034 receptorum
576 4955 636 5016 sub
650 4955 771 5017 vestris
784 4955 835 5015 si·
890 4955 987 5016 moda
1000 4955 1199 5031 patientibus
1217 4971 1281 5016 non
1299 4957 1442 5034 compati
1462 4961 1677 5036 nequeuntes,

55 5049 133 5123 gillis
151 5069 210 5129 per
225 5053 339 5116 fideles
361 5053 496 5116 nuntios
518 5053 559 5114 ad
580 5053 727 5114 nostram
748 5068 837 5129 prae-
889 5051 981 5114 tanto
994 5053 1034 5113 ad
1050 5051 1279 5114 liberationem
1292 5053 1439 5144 ipsorum
1452 5055 1609 5118 libentius
1624 5056 1681 5117 in-

55 5151 185 5212 sentiam
209 5151 393 5222 destinetis
419 5151 473 5212 vel
501 5149 753 5226 inquisitionem
782 5165 837 5212 so-
890 5148 1095 5224 terponimus
1106 5151 1216 5225 partes
1226 5151 1368 5222 nostras,
1378 5152 1500 5228 quanto
1511 5153 1686 5228 captivan-

55 5240 185 5307 lemnem
209 5248 329 5310 iterum
356 5248 527 5319 iacientes,
553 5245 648 5308 nobis
675 5231 773 5324 piane
796 5261 835 5307 ac
878 5245 978 5307 ¹tibus
989 5246 1022 5306 et
1036 5246 1190 5324 captivis,
1202 5246 1255 5307 vel
1268 5247 1378 5324 potius
1393 5247 1543 5310 liberatis
1557 5253 1590 5310 et
1601 5249 1687 5311 llbe-

56 5339 203 5417 plenarie,
221 5360 293 5422 quae
308 5343 432 5420 singuli
453 5343 588 5404 testium
606 5342 834 5422 deposuerint,
890 5341 1051 5414 rantibus,
1072 5358 1133 5404 nos
1156 5344 1332 5406 consulere
1356 5343 1523 5406 salubrius
1542 5345 1687 5410 arbitra-

56 5439 246 5503 rescribatis.
261 5443 380 5503 Datum
395 5441 564 5510 Laterani,
583 5441 629 5501 III
648 5440 723 5501 idus
742 5440 836 5518 apri·
890 5454 975 5500 mur.
1001 5441 1121 5512 Quare,
1145 5439 1225 5502 licet
1245 5440 1357 5502 alieno
1377 5441 1500 5504 intuitu
1514 5445 1686 5506 serenitati

56 5531 102 5608 lis,
116 5537 324 5612 pontificatus
340 5538 445 5602 nostri
463 5554 550 5600 anno
565 5537 693 5600 octavo.
889 5537 956 5597 tuae
980 5550 1096 5613 preces
1122 5535 1306 5612 dirigamus
1330 5537 1371 5598 ad
1398 5551 1556 5615 praesens,
1583 5555 1686 5602 exeo

890 5633 1002 5694 tamen
1015 5632 1102 5709 qnod
1117 5648 1293 5709 personam
1306 5635 1397 5695 tuam
1409 5634 1548 5710 speciali
1560 5650 1686 5712 praero-

949 3459 1002 3517 Ad
1021 3459 1240 3532 Ltcdoetcom,
1258 3465 1477 3525 Francorum
1492 3479 1621 3542 repent.
