4018 6320
87 353 144 448 'lli

86 509 240 571 damloeo
253 524 313 571 sna
325 511 404 588 jura
424 508 648 582 servantibus,
670 508 714 572 sit
734 524 802 585 pax
816 510 877 569 Do-

85 606 165 667 mini
191 605 297 667 nostri
325 610 403 670 Jesu
427 605 550 667 Christi
571 607 734 682 quatenns
763 606 795 666 et
820 603 876 665 hie

85 703 225 764 fructum
245 703 341 764 bonae
366 703 508 764 actionis
530 703 726 780 percipiant,
745 703 777 764 et
790 702 875 778 apud

84 799 268 862 districtum
292 799 439 876 judicem
469 801 606 877 praemia
631 801 764 862 aeternae
784 799 876 876 pacis

83 897 267 963 inveniant.
281 901 395 959 Amen.
410 896 525 958 Ameir.
543 901 657 958 Amen.

120 997 189 1071 Ego
210 996 388 1067 Honorius
403 995 579 1056 catholicae
610 993 767 1054 Ecclesiae
793 991 877 1070 epis·

83 1108 195 1169 copus.

120 1193 190 1266 Ego
215 1191 331 1260 Gnala,
355 1193 388 1251 S.
417 1190 553 1251 Martini
582 1187 689 1266 presb.
707 1187 796 1248 eard.
823 1187 873 1247 tit.

84 1291 115 1348 S.
130 1287 265 1365 Equitii,
279 1303 366 1350 susc.
527 1299 533 1312 ¹

120 1388 190 1462 Ego
218 1385 426 1462 Stephanus,
449 1383 603 1446 Basilicae
630 1385 691 1444 XII
714 1381 878 1460 apostolo-

82 1499 154 1543 rum
171 1481 346 1560 presbyter
360 1481 551 1552 cardinalis,
565 1497 652 1542 susc.

118 1583 189 1656 Ego
218 1573 416 1657 Hugoliuns,
453 1580 603 1642 Hostien.
631 1579 663 1640 et
695 1577 874 1652 velletren.

81 1673 241 1755 episcop,
258 1695 346 1740 susc.

118 1777 190 1850 Ego
204 1775 373 1852 Pelagius,
395 1774 558 1837 Albauen.
584 1775 771 1852 episcopus
788 1788 873 1833 susc.

116 1865 370 1948 EgoNic'olaus,
387 1871 565 1934 Tusculan.
577 1871 768 1948 episcopus,
788 1886 874 1932 susc.

118 1973 189 2046 ligo
215 1971 384 2042 Octavius,
405 1970 461 2032 SS.
481 1969 589 2046 Sergii
603 1967 769 2031 etBacchi
790 1967 873 2028 diac.

81 2067 276 2140 cardinalis,
294 2084 380 2129 susc.

116 2169 193 2242 Ego
217 2165 409 2242 Gregorius
435 2167 468 2226 S.
489 2163 655 2226 Theodori
666 2163 750 2224 diac.
769 2161 874 2232 card„

80 2279 168 2324 suso.

116 2365 191 2438 Ego
220 2365 401 2433 Romanus,
442 2361 476 2422 S.
504 2360 624 2436 Angeli
655 2357 740 2419 diac.
770 2355 874 2428 card„
956 2449 959 2456 Ι

81 2475 168 2520 susc.

118 2561 192 2633 Ego
205 2559 335 2628 Petrus,
351 2557 384 2617 S.
399 2554 534 2632 Georgii
548 2554 590 2615 ad
605 2554 722 2616 Velnm
732 2558 876 2617 Aureum

80 2655 163 2716 diac.
183 2655 285 2726 card„
298 2669 384 2714 susc.

116 2755 239 2814 Datum
268 2749 444 2824 Laterani,
478 2766 538 2827 per
562 2765 696 2812 manum
725 2748 877 2825 magistri

79 2849 242 2910 Gnidonis
274 2849 399 2910 domini
426 2864 520 2924 papae
548 2847 687 2918 notarii,
717 2850 746 2909 Il
771 2863 876 2908 nonas

79 2945 253 3017 februarii,
279 2945 460 3007 indictione
491 2947 576 3005 XLV
603 2944 713 3024 (sorte
733 2962 744 3004 :
765 2941 874 3022 XIII),

79 3043 324 3106 incarnationis
360 3043 540 3105 Dominicae
571 3059 659 3103 anno
690 3043 874 3113 MCCXXV,

79 3143 292 3218 pontificatus
312 3158 393 3206 vero
417 3141 544 3204 domini
567 3141 705 3203 Honorii
721 3156 816 3217 papae
831 3142 877 3202 lli

79 3256 167 3301 anno
184 3254 284 3300 nono.

398 3424 558 3522 Lxxni

96 3583 147 3640 Aet
162 3580 463 3652 eremeplseopnrn
472 3579 703 3638 senonensem
717 3577 857 3650 ejscspne

355 3675 607 3752 suffraganeos.

242 3804 409 3864 liebruarii
427 3803 475 3877 [15
487 3803 623 3878 januarii]
643 3803 721 3861 1225.

101 3932 229 3995 [liegest.,
239 3929 284 3979 lib.
297 3929 340 3987 IX,
354 3928 427 3992 epist.
439 3928 495 3978 lon.
506 3928 563 3978 llss.
575 3929 611 3978 La
621 3928 698 3977 Porta
710 3925 745 3976 dn
755 3924 849 3990 Tbeil.]

78 4058 196 4116 blandai
208 4056 251 4114 eis
269 4062 300 4114 nt
313 4055 434 4113 nuncios
451 4053 606 4126 Hospitalis
626 4053 723 4111 Sancti
739 4051 875 4110 beroardi

111 4147 222 4204 montis
240 4146 318 4204 iovis
337 4145 537 4217 eleemosynas
561 4147 721 4216 querentes
745 4139 876 4200 fidelibus

111 4232 328 4312 commendent.

114 4361 287 4424 Honorius
298 4359 485 4438 episcopus,
496 4375 612 4420 servus
621 4372 792 4419 servorum
802 4356 872 4428 Dei,

76 4457 327 4520 venerabilibus
341 4456 538 4519 iratribus...
551 4456 803 4532 archiepiscopo
821 4457 876 4516 Se·

77 4557 221 4618 nonensi
247 4559 280 4618 et
305 4547 528 4639 sultbagane'is
555 4554 645 4630 eJus,
679 4553 875 4614 salutemet

75 4652 303 4731 apostolicam
318 4650 593 4712 benedictionem.

114 4748 574 4814 attendentesbnmanitatis
602 4746 720 4808 solatia
746 4761 819 4824 quae
839 4746 874 4806 in

76 4847 245 4925 Hospitali
261 4848 372 4909 Sancti
388 4845 550 4908 Beruardi
562 4845 685 4905 montis
699 4845 791 4906 lovis
806 4845 873 4906 mm

77 4948 170 5006 sanis
190 4961 287 5022 quam
308 4944 471 5015 infirmis,
499 4944 566 5003 tam
593 4942 750 5004 divitibus
776 4957 873 5018 quam

76 5042 280 5122 pauperibus
305 5043 430 5119 jugiter
457 5041 674 5108 exhibentur,
701 5039 815 5101 ildeles
838 5040 874 5100 in

78 5142 265 5203 senonensi
279 5139 451 5215 provincia
462 5139 659 5199 constitutos
671 5153 730 5214 per
742 5140 873 5200 nostras

78 5239 273 5300 curavimus
286 5238 415 5298 litteras
430 5236 613 5304 exhortari,
629 5237 662 5297 et
682 5236 731 5296 eis
753 5235 789 5296 in
813 5251 872 5298 re-

77 5337 272 5398 missionem
287 5333 494 5412 injunximus
509 5337 730 5410 peecatorum,
743 5333 874 5394 uiuun-

77 5435 133 5496 tiis
144 5432 295 5512 ejusdem
307 5433 501 5508 Hospitalis,
514 5447 588 5491 cum
602 5429 643 5490 ad
657 5445 714 5491 eos
726 5446 874 5491 accesse-

79 5533 158 5600 rint,
171 5517 400 5608 eleemosyuas
408 5528 556 5606 petituri,
566 5527 715 5590 caritatis
724 5527 873 5590 subsidio

114 5683 154 5754 (l)
172 5681 200 5739 S.
222 5679 327 5738 llilairs
341 5679 376 5736 de
388 5679 592 5738 carcassonne.

698 347 925 412 EPISTOLAE.
949 351 1027 414 LIB.
1051 353 1105 412 IX.

1665 355 1724 414 778

931 510 964 570 et
988 510 1061 586 pias
1088 509 1319 588 eleemosynas
1347 509 1493 588 larginui
1526 525 1565 572 ac
1600 511 1724 574 certam

932 609 1140 681 peccatorum
1163 607 1301 668 fecimus
1327 607 1567 684 indulgentiam
1593 607 1646 668 iris
1668 607 1724 686 qul

932 703 980 762 eis
1003 720 1136 764 manum
1165 705 1377 782 porrexerint
1408 704 1552 782 pietatis.
1583 705 1725 782 Ideoque

931 797 1173 862 fraternitatem
1188 803 1332 864 vestram
1355 802 1600 863 sollicitandam
1623 803 1725 863 duri-

931 913 1004 957 mus
1031 900 1064 959 et
1089 899 1304 972 monendam,
1332 915 1391 976 per
1415 901 1603 976 Apostolica
1631 900 1724 960 robis

932 995 1054 1071 scripta
1064 996 1270 1069 mandantes,
1284 999 1447 1074 quatenus
1462 997 1586 1058 eisdem
1600 998 1725 1058 niiutiis

932 1091 1059 1153 litteras
1087 1095 1217 1155 vestras
1243 1094 1364 1169 singuli
1379 1109 1438 1170 per
1461 1096 1724 1156 snas'dioeceses

932 1190 1120 1251 concedatis
1136 1193 1264 1253 vestros
1285 1191 1432 1252 subditos
1448 1193 1670 1264 erlrortand0,
1691 1195 1725 1255 nt

932 1287 972 1346 ad
987 1289 1216 1364 exponendum
1233 1289 1353 1366 populo
1373 1288 1504 1350 litteras
1526 1292 1669 1361 nostras
1693 1293 1726 1352 et

932 1383 972 1444 ad
989 1386 1185 1460 quaerendas
1198 1387 1426 1464 eleemosynas
1437 1387 1471 1447 in
1487 1387 1638 1448 eeclesiis
1656 1389 1725 1448 suis

932 1481 1074 1558 benigue
1083 1483 1245 1559 recipiant
1254 1484 1387 1545 nrrutios
1399 1485 1593 1545 antedictos.
1607 1487 1725 1546 Datum

933 1579 1166 1652 Latera1ri,llll
1176 1579 1337 1642 kalendas
1352 1581 1521 1654 februarii,
1531 1597 1724 1644 annouono.

1263 1883 1400 1970 LXXV

965 2033 1017 2092 Ad
1030 2033 1185 2095 abbatem
1197 2035 1404 2095 monasterii
1417 2035 1537 2096 Sancti
1550 2037 1691 2108 Hilarii,

1176 2133 1317 2204 ejenpm
1335 2131 1499 2227 fratres..

1196 2261 1214 2318 5
1232 2260 1365 2318 februarii
1382 2261 1460 2319 liat.

1173 2383 1279 2448 [llahut
1292 2385 1370 2442 Cart,
1383 2385 1414 2444 V,
1427 2383 1478 2448 lb]

932 2499 1136 2558 nonasterium
1157 2501 1185 2558 S.
1203 2501 1303 2557 Hilarii
1323 2515 1387 2558 eum
1404 2499 1537 2558 omnibus
1561 2502 1621 2560 suis
1642 2504 1727 2576 perti·

967 2589 1072 2644 nentiis
1091 2589 1299 2662 protegendum
1320 2588 1438 2662 suscipit
1460 2591 1544 2663 eique
1570 2592 1649 2663 plura
1662 2594 1726 2667 jura

968 2675 1074 2733 tribuit.

972 2795 1139 2855 Honorius
1150 2795 1336 2871 episeopus,
1347 2799 1725 2870 serrasservoranei,

932 2890 1062 2952 dilectis
1078 2891 1156 2952 tiliis
1176 2891 1326 2969 Alboyuo
1348 2891 1458 2953 abbati
1483 2895 1676 2956 monasterii
1693 2898 1725 2956 S.

932 2987 1727 3065 Hilarii,quodiuCareassoneusidioecesisitum

932 3087 981 3148 est
996 3085 1055 3164 (1),
1073 3089 1210 3163 ejusque
1234 3086 1392 3148 tratribus
1420 3077 1726 3164 tam'praesentibns

932 3199 1030 3260 qnam
1046 3183 1178 3258 tuturis,
1195 3183 1382 3260 regularem
1398 3185 1500 3248 vitam
1517 3186 1676 3263 protessis
1692 3187 1726 3246 iu

932 3283 1139 3357 perpetuum.

971 3378 1099 3442 Vestris
1122 3380 1224 3457 justis
1250 3363 1526 3456 postulationibus
1549 3380 1728 3444 elementer

932 3477 1121 3550 annuimus
1152 3479 1185 3540 et
1213 3477 1387 3554 praelatum
1425 3479 1665 3542 monasterinm
1692 3483 1726 3541 S.

931 3574 1052 3636 Hilarii
1068 3574 1128 3635 sub
1143 3573 1232 3636 beati
1246 3576 1335 3636 Petri
1352 3576 1385 3637 et
1395 3577 1511 3638 nostra
1523 3577 1727 3652 protectione
1813 3565 1815 3576 ⁴

931 3671 1141 3747 suscipimus,
1169 3674 1202 3733 et
1223 3673 1398 3748 praesentis
1418 3673 1533 3748 scripti
1549 3674 1725 3750 privilegio

931 3769 1223 3837 commuuimus...
1252 3771 1472 3830 statuentes...
1501 3786 1726 3847 quascumque
1838 3777 1840 3782 '

930 3865 1195 3943 possessiones...
1218 3865 1304 3928 idem
1332 3868 1570 3928 monasterium
1582 3869 1671 3945 juste
1687 3884 1726 3928 ac

930 3964 1091 4026 canonice
1105 3963 1302 4039 possidet...
1318 3963 1412 4024 firma
1429 3963 1521 4027 vobis
1539 3967 1725 4043 vestrisque

930 4061 1178 4124 successoribus
1207 4061 1239 4122 et
1266 4061 1396 4124 illibata
1426 4066 1653 4140 permaneant.
1686 4067 1722 4126 ln

930 4159 1050 4236 quibus
1073 4160 1146 4222 haec
1173 4160 1316 4237 propriis
1337 4159 1493 4222 duximus
1507 4161 1725 4238 exprimenda
1766 4231 1768 4238 ,

929 4256 1124 4318 vocabulis:
1142 4258 1264 4320 Locum
1282 4259 1390 4334 ipsum
1409 4259 1444 4320 iu
1461 4275 1525 4335 quo
1552 4259 1725 4336 praelatum

930 4356 1168 4418 monasterium
1184 4357 1285 4418 situm
1312 4356 1372 4427 est,
1396 4372 1470 4418 oum
1486 4343 1638 4417 omnibus
1654 4357 1725 4416 suis

930 4453 1150 4529 pertinentiis,
1178 4454 1334 4516 videlieet
1362 4453 1461 4514 villas
1490 4452 1722 4529 campoliberi,

931 4548 1167 4629 (Gambieure),
1185 4554 1218 4612 S.
1246 4549 1430 4618 Saturnini,
1446 4549 1542 4610 Pedii
1570 4551 1724 4612 Salomo-

930 4648 993 4719 nis,
1019 4648 1220 4720 Corneliani,
1248 4647 1408 4715 Beraeiae,
1437 4647 1579 4719 Gordian,
1603 4649 1726 4710 Caren-

928 4743 1023 4816 tiaui,
1039 4743 1222 4824 (creasse),
1235 4745 1414 4821 Caprasiae,
1422 4743 1640 4817 Villaebasiui,
1654 4747 1725 4808 vil-

929 4843 1010 4904 laris
1039 4841 1079 4903 de
1114 4843 1205 4904 Bella
1231 4841 1509 4922 (Villardebelle),
1537 4845 1722 4916 Ferrarias,

929 4941 1056 5012 Garris,
1073 4939 1275 5012 Nidolarias,
1301 4941 1509 5013 Cncoiacum,
1525 4957 1599 5002 cnm
1615 4941 1723 5004 eoele-

929 5037 999 5109 stis,
1017 5038 1153 5100 decimis
1178 5038 1211 5099 et
1225 5037 1378 5100 omuibus
1402 5039 1443 5100 ad
1464 5039 1596 5100 easdem
1616 5040 1725 5102 eecle-

929 5135 996 5196 sias
1011 5134 1253 5212 pertinentibus
1270 5157 1277 5196 :
1293 5135 1469 5198 ecelesiam
1485 5139 1520 5198 B.
1545 5136 1661 5196 Mariae
1683 5137 1722 5196 do

928 5233 1108 5304 Vennonio,
1126 5249 1200 5294 oum
1225 5235 1318 5310 parte
1332 5234 1432 5306 villae,
1458 5234 1572 5296 villam
1588 5235 1723 5295 Venan-

929 5330 1061 5395 oianntn
1087 5329 1297 5409 (Benausse),
1322 5331 1436 5392 villam
1454 5333 1486 5392 S.
1504 5330 1624 5392 Hilarii
1647 5347 1720 5392 curn

928 5429 1090 5500 ecclesiis,
1110 5429 1270 5489 ecclesias
1286 5431 1318 5488 S.
1332 5429 1447 5489 Mariae
1458 5427 1498 5489 de
1513 5429 1602 5489 Mala
1613 5430 1721 5491 Garda

928 5528 960 5588 et
983 5527 1015 5588 S.
1032 5527 1167 5588 Martini
1190 5526 1231 5587 de
1259 5526 1403 5598 Limoso,
1429 5541 1503 5586 cum
1527 5525 1665 5587 decimis
1690 5529 1723 5591 et
