4006 6346
92 409 149 468 577

86 566 261 627 munimus.
289 565 381 626 Nulli
422 580 512 641 ergo,
541 567 617 636 etc,
646 565 874 626 confirmatio·

86 663 147 732 nis,
175 666 237 725 etc.
275 664 311 723 Si
334 663 420 739 quis,
453 663 515 724 etc.
557 665 676 724 Datum
706 662 872 732 Laterani,

85 762 142 821 XII
158 759 317 821 kalendas
328 759 457 836 aprilis,
474 774 562 821 anno
572 760 701 822 octavo.

394 1032 567 1120 GLXVH

120 1187 170 1245 Ad
182 1186 408 1255 ablactatum,
426 1185 713 1246 catalaunensem
729 1187 833 1256 episc.

365 1313 400 1371 16
412 1314 505 1370 martii
521 1313 600 1372 itas.

85 1437 217 1501 [bouquet
233 1437 290 1488 itae.
302 1435 347 1486 des
359 1435 435 1493 trist,
448 1437 515 1564 ΧΙξ,
528 1451 554 1500 p.
566 1435 619 1486 717.
638 1437 746 1499 begeat..
757 1435 800 1485 lib.
809 1435 876 1495 Vlll,

421 1529 452 1580 ep
499 1515 552 1580 lb]

85 1622 150 1680 Cum
171 1621 304 1679 malitiosi
324 1620 450 1694 quidam,
470 1622 622 1678 occasione
637 1623 789 1680 comitatus
809 1624 875 1679 Per·

118 1711 235 1768 licensis
250 1709 286 1767 ad
298 1710 535 1768 catalaunensem
548 1711 713 1783 episcopum
728 1708 877 1767 haredita-

119 1799 160 1854 rio
183 1799 249 1870 jure
270 1797 405 1867 devoluti,
433 1813 499 1855 eum
530 1799 704 1871 appellarent
725 1813 878 1871 suppresso

119 1885 249 1960 episcopi
275 1888 401 1955 nomine,
430 1893 458 1944 et
480 1886 579 1944 sicud
601 1886 662 1944 loca
681 1887 833 1943 remotiora
850 1887 878 1942 in

120 1989 238 2032 eausam
261 1974 416 2043 traherent,
437 1975 554 2044 litteras,
576 1989 648 2047 quas
666 1974 702 2032 ab
716 1975 878 2047 Apostolica

119 2061 191 2121 Sede
216 2064 415 2135 impetrarant,
438 2068 469 2120 ut
481 2062 537 2121 boc
552 2062 638 2120 modo
653 2077 719 2120 eum
735 2065 879 2136 appellare

120 2157 248 2223 possent,
261 2151 403 2209 llouorius
418 2150 547 2226 abrogat.

122 2278 290 2339 Honorius
316 2278 492 2354 episcopus
496 2321 556 2338 .....
576 2277 765 2339 venerabili
784 2277 880 2339 tratri

88 2373 320 2435 catalaunensi
333 2375 499 2451 episcopo,
514 2375 667 2445 salutem,
680 2375 744 2436 etc.

123 2470 298 2533 Tuanobis
312 2471 503 2533 fraternitas
526 2471 726 2548 supplicavit
741 2473 788 2543 ut,
804 2487 880 2532 cum

87 2568 252 2640 nonnulli,
274 2568 449 2629 occasione
469 2569 645 2630 comitatus
670 2569 876 2630 Porticensis

89 2665 249 2739 prestas
261 2665 293 2726 te
304 2667 380 2741 jnre
395 2664 608 2726 haereditario
628 2663 832 2744 devolutus(
854 2663 879 2743 ),

89 2761 882 2839 inlitterisquascontrataaSedaApostolicaim·

89 2858 880 2936 patrant‚suppressoepiscopinomine,comitem

89 2953 118 3016 te
128 2957 305 3033 appellent,
321 2958 357 3017 ut
368 2956 417 3016 sic
426 2955 603 3032 possintad
615 2955 689 3016 loca
701 2955 880 3018 remotiora

89 3051 882 3128 trabereteincausam,eorummalitiaedignare-

90 3149 303 3211 murobviare
315 3133 463 3210 remedio
472 3148 680 3225 competenti.
696 3149 765 3208 Nos
778 3148 882 3224 igitur

90 3245 145 3306 libi
157 3247 356 3309 auctoritate
378 3246 593 3323 praesentium
613 3245 833 3320 indulgemus,
846 3246 882 3307 ut

90 3345 284 3406 auctoritate
297 3343 481 3405 litterarum
501 3342 691 3403 nostrarum
707 3341 881 3403 conveniri

92 3435 164 3516 [non
174 3438 295 3519 possis]
308 3456 367 3517 per
375 3441 503 3502 litteras
514 3441 631 3501 contra
645 3441 688 3510 te,
702 3455 880 3516 suppresso

91 3538 288 3612 pontificalis
302 3537 628 3613 nominedignitatis,
646 3552 665 3597 a
682 3537 882 3612 SedeApos-

90 3633 184 3696 tolica
203 3635 410 3710 impetratas.
437 3633 530 3694 Nulli
551 3648 631 3709 ergo
648 3633 747 3694 liceat
759 3632 881 3694 intrin-

91 3744 164 3804 gere
183 3734 308 3792 nostrae
323 3730 549 3792 concessionis
568 3729 741 3806 paginam3
763 3730 880 3807 siquis

92 3829 205 3900 autem,
228 3831 291 3889 etc.
329 3827 448 3888 Datum
473 3827 641 3898 Laterani,
670 3828 730 3888 VII
745 3825 878 3889 kalend.

92 3924 213 4000 aprilis,
223 3939 312 3986 anno
323 3925 453 3986 octavo.

386 4205 581 4293 GLXVHI

94 4359 140 4416 Ad
164 4359 296 4430 fratrea
315 4359 450 4419 mitittoe
477 4360 603 4431 rampo
632 4359 667 4418 et
691 4358 880 4432 nospttats

111 4455 411 4528 Hierosolamttaat
424 4457 461 4514 ta
478 4454 696 4514 atrebatensi
710 4456 857 4515 dioecesi.

359 4585 394 4642 ib
413 4585 506 4642 martii
522 4584 602 4642 liti.

108 4704 221 4770 [negat.
232 4707 277 4758 lib.
291 4708 357 4766 VIII,
369 4707 443 4771 epist.
455 4707 510 4757 338.
523 4708 580 4758 blss.
592 4707 627 4758 La
635 4706 712 4757 Porle
723 4705 757 4757 dtr
768 4707 862 4770 Theil.]

126 4825 233 4889 inhibet
247 4847 284 4889 ne
301 4831 416 4904 quidam
436 4831 592 4906 presbyteri
605 4831 843 4888 excommunicati

231 4918 327 4976 divina
339 4918 433 4976 olllcia
451 4919 595 4978 celebrare
611 4919 729 4991 possint.

131 5043 305 5117 Honorius
321 5046 396 5117 etc,
414 5045 543 5106 dilectis
554 5044 632 5104 filiis
649 5044 775 5106 militiae
784 5047 881 5106 Tem-

124 5205 166 5287 ll)
187 5177 322 5292 Enecato,
346 5225 420 5267 anno
441 5211 519 5278 llis,
537 5212 565 5266 in
580 5210 683 5336 Affina
705 5210 813 5291 Thema
829 5225 876 5267 eo·

98 5285 158 5358 mite
175 5281 339 5349 Pertrceusi,
352 5280 472 5363 adeptus
486 5288 529 5338 est
544 5280 603 5337 baer
642 5281 723 5338 iterio
744 5297 807 5353 Jure
829 5295 877 5338 co·

98 5356 216 5407 attatum
231 5351 363 5408 eumdem
383 5351 547 5408 Gurllelmus
566 5353 780 5409 catalaunensis
802 5352 877 5423 epis·

99 5427 194 5544 {1⁰0an
204 5435 288 5493 quem
305 5421 490 5548 invidgrrtium
509 5421 879 5548 ῐὲιοΙὶῑίουὶὺὲιεῚῖπιΙρθῑίἪιῃ

100 5495 652 5644 ...atatbtltttttbtttit
671 5506 879 5628 illiniat]

101 5637 158 5699 pag.
174 5631 234 5700 181,
247 5646 333 5689 versu
347 5633 408 5698 706,
423 5633 468 5687 lus
480 5632 573 5688 verbis
589 5649 596 5687 :

182 5717 237 5781 rte,
250 5717 392 5778 Guillelme,
405 5718 462 5778 tibi,
475 5717 606 5770 Catalauni
618 5718 720 5784 presul,
733 5731 811 5770 avaro

238 5847 349 5892 rimou.
370 5849 445 5892 roua
466 5835 514 5894 lv.

690 407 917 466 EPISTOLAE.
941 406 1018 466 LIB.
1043 405 1127 464 VIlI.

1569 439 1573 446 ·
1664 403 1724 463 578

930 564 976 640 pli
991 565 1024 624 et
1044 562 1334 639 Hierosolymitani
1358 561 1539 638 Hospitalis
1563 561 1720 624 iratribus

930 659 964 720 in
976 659 1185 721 Atrebatensi
1200 659 1335 720 dioecesi
1348 659 1546 720 constitutis.

970 756 1162 817 insinuante
1204 755 1388 816 venerabili
1425 753 1528 817 tratre
1569 756 1720 818 nostro...

929 852 1119 914 atrebaten.
1135 853 1290 929 episcopo
1305 851 1540 923 intelleximus,
1553 853 1639 929 quod
1661 867 1722 914 vos

930 949 1029 1009 nimis
1049 949 1089 1010 de
1107 949 1245 1009 indultis
1264 949 1359 1010 vobis
1385 965 1404 1010 a
1432 949 1516 1010 Sede
1534 949 1724 1026 Apostolica

930 1046 1113 1122 privilegiis
1131 1049 1381 1122 presumentes,
1407 1061 1481 1106 cum
1509 1046 1721 1122 privilegium

931 1142 1725 1219 mercaturamitterequlpermissasibiabutitur

931 1239 1103 1316 potestate,
1113 1238 1272 1317 quosdam
1284 1243 1350 1300 tam
1363 1239 1402 1301 de
1413 1256 1484 1311 sua,
1494 1257 1591 1317 quam
1601 1240 1640 1301 de
1651 1240 1725 1300 alie

931 1338 984 1397 nis
999 1337 1198 1398 dioecesibus
1213 1337 1437 1414 presbyteros
1455 1353 1514 1414 pro
1530 1338 1599 1397 suis
1613 1353 1726 1398 exces-

932 1433 1023 1494 sibus
1049 1433 1183 1495 vineulo
1204 1434 1556 1494 excommunicationis
1576 1434 1723 1495 adstric-

931 1533 993 1602 tos,
1013 1529 1157 1592 scienter
1178 1531 1370 1606 permittitis
1392 1531 1426 1590 in
1446 1531 1565 1592 vestris
1587 1531 1726 1606 capellis

932 1641 1001 1688 suae
1014 1627 1167 1707 diaecesis
1182 1627 1295 1689 divina
1305 1626 1417 1688 officia
1428 1627 1612 1700 celebrare3
1629 1642 1725 1704 prop-

931 1723 1076 1801 terquod
1091 1724 1192 1785 iidem
1207 1723 1393 1800 presbyteri
1407 1723 1726 1786 excommunicatio-

932 1837 1008 1883 nem
1022 1821 1218 1898 despiciunt,
1236 1822 1269 1882 et
1287 1820 1506 1882 absolutionis
1527 1821 1725 1882 beneficium

933 1933 999 1979 non
1023 1919 1212 1994 implorant.
1235 1919 1328 1979 Unde
1344 1918 1517 1994 providere
1537 1935 1637 1994 super
1662 1917 1727 1980 hoc

933 2015 1203 2092 idemepiscopus
1216 2014 1405 2091 postulavit.
1422 2015 1471 2075 Ne
1486 2015 1607 2086 autem,
1625 2016 1654 2075 si
1675 2017 1727 2076 est

933 2111 991 2180 ita,
1016 2127 1059 2172 ex
1083 2112 1145 2172 boc
1166 2111 1200 2172 et
1220 2111 1313 2172 vobis
1342 2111 1512 2186 contingat
1526 2111 1666 2182 detrahi,
1693 2113 1728 2172 et

935 2208 1132 2285 episcopalis
1168 2208 1348 2270 auctoritas
1382 2209 1628 2280 contemnatur,
1663 2223 1725 2270 nos

934 2321 1034 2382 super
1047 2306 1110 2367 boc
1133 2305 1306 2382 providere
1324 2305 1485 2376 volentes,
1502 2303 1607 2373 vobis,
1629 2321 1671 2366 ne
1693 2305 1729 2366 id

934 2399 1066 2462 faciatis
1088 2401 1128 2461 de
1148 2401 1280 2472 caetere,
1294 2400 1493 2462 auctoritate
1514 2402 1729 2478 praesentium

935 2497 1083 2560 districte
1095 2497 1290 2560 inhibemus.
1305 2500 1422 2559 natum
1431 2498 1661 2571 Laterani,Vil
1672 2498 1728 2558 ka·

936 2594 1051 2656 laudas
1066 2594 1193 2672 aprilis,
1209 2611 1296 2656 anno
1309 2597 1437 2657 octavo.

1254 2923 1406 3011 CUUX

996 3077 1047 3136 Ad
1060 3075 1214 3136 abbatem
1226 3075 1260 3135 et
1269 3075 1475 3136 conventam
1484 3077 1519 3136 S.
1531 3077 1668 3150 sulpitii

1210 3172 1451 3234 cataractas.

1211 3311 1246 3368 28
1261 3311 1354 3369 martii
1373 3311 1453 3369 rant.

952 3433 1072 3499 [Regesm
1082 3434 1126 3484 lib.
1138 3434 1205 3492 tm,
1218 3434 1292 3498 epist.
1303 3433 1358 3484 393.
1372 3435 1429 3487 llss.
1441 3435 1476 3485 La
1486 3436 1563 3486 Parte
1573 3436 1606 3486 du
1618 3436 1711 3501 Tbeil.]

935 3557 1067 3631 indulget
1077 3565 1117 3626 ut,
1127 3565 1191 3630 post
1200 3557 1308 3616 obitum
1317 3558 1523 3632 archiepiscopi
1534 3560 1728 3629 bituricensis,

1024 3647 1178 3719 prioratum
1190 3646 1226 3704 de
1243 3648 1318 3704 Yves
1333 3647 1452 3720 pacifice
1464 3647 1638 3719 possideant.

974 3781 1152 3853 Honorius,
1167 3782 1242 3852 etc,
1252 3781 1382 3842 dilectis
1395 3781 1473 3841 tiliis
1484 3781 1596 3843 abbati
1603 3783 1636 3843 et
1648 3797 1729 3843 con-

933 3877 1049 3938 ventui
1066 3879 1178 3940 Sancti
1192 3877 1324 3955 sulpitii
1337 3879 1566 3939 Bituricensis.

974 3976 1055 4035 Cum
1068 3990 1088 4035 a
1103 3974 1198 4036 nobis
1212 3974 1344 4051 petitur,
1362 3977 1436 4048 eta,
1448 3991 1553 4048 traque
1561 3973 1726 4037 ellectum.

934 4073 984 4132 Ex
1004 4073 1098 4147 parte
1125 4071 1287 4148 siquidem
1310 4072 1422 4134 vestra
1443 4071 1506 4133 luit
1525 4073 1730 4149 propositum

935 4182 1047 4229 coram
1072 4167 1178 4240 nobis,
1202 4169 1288 4246 quod
1312 4169 1495 4245 prioratum
1521 4173 1667 4231 vestrum
1687 4170 1728 4232 de

934 4267 1022 4326 Yves
1035 4263 1219 4326 venerabili
1235 4264 1331 4327 tratri
1345 4267 1458 4328 nostro
1482 4267 1608 4327 Simoni
1630 4267 1726 4328 Bitu-

934 4361 1057 4422 ricensi
1087 4360 1349 4439 archiepiscopo,
1367 4365 1545 4438 antequam
1572 4361 1659 4422 esset
1686 4361 1729 4422 ad

934 4458 1157 4535 pontificalem
1172 4457 1366 4534 dignitatem
1384 4459 1584 4533 assumptus,
1602 4457 1727 4518 libera-

934 4555 1010 4617 liter
1027 4555 1224 4626 contulistis,
1241 4555 1288 4616 ita
1302 4554 1458 4615 videlicet
1470 4553 1556 4632 quod
1576 4569 1650 4614 cum
1670 4554 1725 4630 ip-

934 4667 1006 4712 sum
1035 4651 1127 4713 abire
1154 4650 1371 4725 contingeret,
1393 4650 1445 4712 vel
1471 4649 1513 4710 ad
1527 4651 1726 4728 praesulatus

934 4750 1062 4825 apicem
1086 4747 1284 4824 promoveri,
1312 4747 1478 4822 prioratus
1504 4748 1577 4824 ipse
1598 4749 1639 4810 ad
1665 4765 1726 4811 vos

935 4845 1112 4906 cumomni
1126 4842 1367 4914 melioratione,
1385 4843 1414 4904 si
1434 4860 1498 4922 qua
1516 4847 1605 4908 esset
1623 4846 1722 4918 iacta,

934 4940 1726 5018 libereetabsoluterediret3postmodicumvero

933 5039 1093 5115 temporis
1108 5038 1180 5114 ipse
1200 5037 1242 5098 ad
1258 5037 1406 5113 regimen
1431 5039 1580 5100 ecclesiae
1599 5039 1725 5101 Bituri-

1026 5203 1106 5278 Capia
1118 5202 1261 5314 praecipuos
1272 5203 1463 5276 cornntlilludit
1474 5204 1599 5273 honores:

1026 5265 1072 5324 Qut
1086 5265 1189 5314 Thema
1211 5265 1309 5328 ugenda
1321 5271 1359 5314 tur
1371 5265 1490 5329 postlata
1504 5269 1615 5328 nepotis.

1026 5326 1115 5377 invida
1126 5340 1203 5391 quern
1217 5327 1301 5390 rapuit
1313 5327 1435 5392 primevo
1447 5326 1473 5375 in
1484 5326 1546 5376 llore
1556 5325 1604 5375 tibi
1614 5339 1692 5388 mors,

1026 5388 1193 5452 Angligenum
1208 5389 1270 5437 lines
1281 5401 1422 5450 aggressum
1433 5401 1489 5436 curu
1503 5387 1639 5446 baderico,

1026 5449 1055 5498 Di
1091 5463 1119 5498 us
1129 5464 1155 5498 es
1166 5449 1284 5498 inventus
1295 5455 1321 5498 et
1331 5449 1463 5513 episeopus
1472 5455 1498 5498 at
1508 5463 1594 5498 comes
1606 5465 1668 5510 esse,

1027 5512 1060 5562 Su
1073 5511 1184 5561 dolenter
1196 5526 1262 5560 onus
1274 5511 1463 5574 dispensaturus
1474 5518 1622 5575 utrumque,

1027 5573 1112 5624 Subsit
1120 5578 1150 5622 ut
1161 5573 1254 5622 haeredi
1262 5573 1331 5636 justo
1341 5572 1388 5621 libi
1399 5571 1513 5621 Porticus
1528 5574 1584 5624 exis
1595 5589 1600 5623 :

1027 5635 1060 5684 Ut
1070 5634 1112 5682 cui
1123 5633 1242 5684 nobilitas
1257 5633 1357 5696 gemina
1367 5637 1405 5682 est
1416 5647 1431 5682 a
1445 5635 1565 5697 sanguine
1576 5650 1671 5700 regum,

1028 5695 1174 5745 Nobilitatis
1184 5709 1247 5759 apex
1261 5694 1360 5758 gemino
1375 5695 1532 5759 splendescat
1544 5697 1650 5749 bonore.
1772 5739 1774 5744 .

1559 5829 1592 5886 19
