3948 6326
646 371 874 430 EPISTOLAE.
898 370 975 431 LIB.
999 365 1083 431 VIII.

65 376 116 436 597
1627 371 1687 432 598

63 532 151 612 mus),
171 531 281 594 multis
303 531 370 593 eris
389 545 490 593 33333
512 529 629 592 3313113
649 531 836 592 animarum
890 528 1014 590 attente
1042 527 1075 590 et
1098 525 1271 590 hortamur
1298 527 1561 606 parapostolica
1588 529 1683 592 vobis
1768 523 1775 528 “

63 635 280 708 etcorporum,
298 645 337 690 ao
351 629 551 691 removendo
568 627 837 706 impedimentum
892 625 1016 702 scripta
1033 623 1237 697 mandantes,
1258 627 1432 701 qnatenus,
1455 627 1562 687 eidem
1575 626 1686 703 legato

63 727 236 805 hujusmodi
258 726 442 798 discordiae,
463 726 548 803 quod
573 725 710 788 multum
731 726 839 802 potest
892 721 1069 798 diligenter
1093 721 1125 783 et
1151 721 1333 783 efficaciter
1360 723 1567 806 assistentes,
1588 724 1688 785 caris·

63 825 181 888 officere
196 824 328 900 negotio
345 826 456 886 Terrae
475 825 614 895 Sanctae,
630 824 725 900 quasi
741 823 839 884 inex·
892 819 1011 880 simum
1031 817 1066 878 in
1081 817 1211 880 GhrIsto
1228 819 1334 879 tilium
1365 820 1513 881 nostrum
1537 821 1686 882 Ludovi·

62 919 457 1000 timabiliter(1)eJusdem
472 923 584 983 Terrae
602 919 749 982 subsidio
763 936 839 997 pro·
892 931 1108 992 cumregem
1141 917 1345 977 Francorum
1374 917 1553 987 illustram,
1580 918 1687 979 adea

61 1020 195 1094 uidebis3
222 1035 282 1080 nec
298 1035 341 1079 ex
355 1018 418 1081 hoc
433 1022 576 1096 majores
593 1019 684 1096 potes
704 1018 839 1094 assequi
893 1028 992 1089 super
1005 1013 1124 1088 quibus
1144 1013 1207 1073 sibi
1223 1011 1411 1086 scribimus,
1431 1022 1504 1090 quae
1521 1015 1616 1076 tenor
1631 1015 1688 1076 lit-

62 1117 160 1178 titulos
178 1116 286 1177 laudis
301 1117 335 1177 at
347 1116 474 1192 gloriae,
490 1131 588 1194 quam
612 1116 640 1176 si
665 1114 839 1191 praefatum
892 1112 1037 1172 terarum
1059 1109 1260 1171 directarum
1284 1109 1325 1170 ad
1347 1113 1455 1189 Ipsum
1478 1127 1538 1172 uos
1556 1110 1687 1188 plenius
1798 1167 1801 1172 .

62 1210 190 1270 nobilem
205 1209 348 1271 adriam
366 1210 407 1271 ab
423 1209 526 1282 invio,
541 1210 574 1271 et
588 1209 628 1270 ad
641 1208 840 1286 Apostolicaa
894 1206 1053 1278 edocabit,
1071 1207 1217 1268 studiose
1230 1207 1423 1283 complenda
1447 1223 1521 1268 cnm
1543 1208 1616 1284 ipso
1637 1208 1685 1268 la-

63 1307 145 1368 sedis
159 1306 348 1368 mandatum
364 1307 435 1382 solo
450 1308 604 1384 potentie
619 1308 685 1368 tuae
701 1308 838 1376 terrore,
894 1303 1180 1379 gato,'sacundum
1195 1302 1305 1364 datam
1316 1304 1410 1365 vohis
1425 1319 1444 1364 a
1460 1307 1527 1366 Deo
1542 1305 1689 1382 pruden-

62 1404 167 1466 feoeris
194 1404 268 1465 sine
297 1403 417 1466 bellico
445 1404 584 1481 strepitu
611 1405 644 1465 ct
668 1402 840 1479 sanguinis
893 1401 985 1473 tiam,
1002 1400 1419 1476 diligentereteificaciter
1446 1401 1603 1463 inducere
1623 1401 1690 1463 stu·

62 1501 210 1562 allusione
235 1501 357 1562 redire.
384 1501 598 1576 Deposcimus
621 1501 841 1577 1311333333-
895 1496 1010 1558 (133113.
1048 1499 1166 1560 Datum
1193 1498 1368 1574 Laterani,
1409 1499 1554 1560 secundo
1582 1512 1687 1560 nonas

62 1599 185 1659 nitatem
199 1601 289 1660 tuam
308 1596 460 1674 precihus
479 1598 666 1670 cumulatis,
679 1596 841 1674 quatenus
895 1594 1022 1672 aprilis,
1040 1598 1271 1658 3333331333.

63 1694 198 1755 eumdem
216 1695 363 1770 legatum
382 1696 551 1772 tamquam
567 1709 743 1772 personam
757 1707 840 1754 nos-

62 1795 136 1852 tram
155 1793 254 1867 11333
274 1793 381 1870 teipso
403 1792 577 1855 devotione
599 1791 777 1868 recipiens,
793 1789 841 1852 sic

63 1888 167 1960 eidem,
190 1889 290 1950 immo
311 1891 426 1950 varius
450 1889 545 1951 nohis
571 1889 608 1950 in
633 1889 717 1965 ipso,
743 1902 843 1964 super
1193 1843 1396 1931 CLXXXV

63 1985 230 2062 praemissis
246 1987 411 2057 intendas,
429 1987 515 2063 quod
534 1985 592 2048 tibi
611 1985 786 2062 proveniat
800 1984 841 2045 ad
936 1995 987 2054 Aa
1003 1997 1170 2055 decanum
1185 1995 1219 2056 et
1232 1995 1421 2068 capitutum
1435 1995 1469 2055 s.
1486 1996 1646 2056 Severini

63 2083 289 2145 incrementum
307 2084 423 2159 gloriae
446 2083 639 2159 temporalis
663 2083 788 2158 pariter
811 2081 844 2142 31
1146 2095 1425 2168 11333333133313.

64 2182 197 2255 aternae3
225 2181 269 2241 iis
295 2182 405 2242 autem
431 2197 505 2258 quae
533 2181 621 2242 idem
647 2180 776 2256 1333133
800 2195 843 2240 ex
1179 2230 1196 2288 4
1267 2231 1292 2288 Τ
1328 2230 1397 2288 itii

64 2277 845 2354 mmmmmwmr
1213 2244 1406 2303 W·

64 2378 90 2436 13
109 2391 143 2438 ac
165 2377 329 2437 illustrem
349 2391 461 2452 regern
485 2375 612 2451 Angliae
632 2373 840 2444 innovandis,
897 2361 1016 2426 tneque,
1029 2361 1074 2412 nn.
1087 2362 1235 2427 vfflmpist.
1248 2361 1303 2412 33⁸·
1319 2364 1377 2412 nm.
1390 2361 1426 2412 ¹⁴²
1440 2361 1517 2412 Porta
1535 2362 1570 2412 dn
1582 2361 1676 2426 nnat]

64 2473 208 2536 adhibeas
238 2475 369 2551 plenam
396 2474 504 2535 iidem.
530 2473 650 2546 Datum
673 2471 840 2543 Laterani,
897 2460 1221 2548 sqpumcfflonpcow'm
1235 2485 1690 2546 moulaflummeoelffliasam

64 2570 156 2644 pridie
165 2587 273 2632 nonas
282 2571 409 2649 aprilis,
419 2568 629 2648 pontificatus
640 2569 746 2630 nostri
754 2583 842 2629 anno
1025 2575 1151 2632 saverici
1167 2573 1389 2648 Burdegalensis
1403 2573 1562 2632 confirmat.

64 2667 176 2729 octavo.
936 2710 1114 2782 Honorius,
1131 2711 1207 2782 313,
1223 2708 1352 2772 dilectis
1370 2710 1485 2772 filiis...
1503 2709 1640 2784 decano,
1657 2709 1691 2772 31

898 2808 1042 2883 capitulo
1058 2808 1171 2868 Sancti
1183 2807 1335 2870 Severini
1344 2807 1613 2883 Burdogalensis.

939 2903 1169 2981 Speculatores
1184 2917 1283 2980 super
1297 2903 1431 2966 domum
1453 2904 1556 2966 lsrael
1571 2904 1691 2981 dispo-

337 2889 562 2978 CLXXXIV

67 3042 110 3100 13
127 3044 396 3116 arciepiscopus
409 3042 443 3102 et
458 3043 631 3114 eptscopos
645 3039 844 3100 sarrraceni

350 3137 564 3198 corastttutos.

345 3267 473 3338 daprilis
489 3265 568 3324 1113.
652 3275 656 3283 “

66 3391 187 3456 [11333331.
206 3391 266 3442 liae.
286 3389 328 3440 das
342 3389 416 3448 illst,
434 3391 501 3447 XIX,
519 3388 579 3449 itm
596 3390 704 3454 1133331,
719 3387 765 3438 111).
777 3387 842 3446 VIII,

380 3469 454 3533 epist.
468 3469 536 3533 381]

67 3586 145 3658 113331
158 3587 284 3644 Franci-aa
296 3585 447 3657 epIscopos
469 3591 588 3657 rogatet
602 3583 730 3644 hortatur
747 3585 843 3642 Hono·

94 3675 145 3730 rius
158 3682 188 3732 ut
201 3674 337 3746 adjuvent
351 3671 512 3731 Conradum
527 3673 562 3729 Λ.
581 3674 609 3730 S.
625 3673 751 3746 legatum
768 3669 846 3727 indn-

94 3771 208 3836 cantque
235 3761 411 3820 Ludovicum
433 3775 532 3834 regem
557 3758 592 3817 ad
608 3759 791 3832 exsequenda
810 3759 844 3816 Α.

106 3853 131 3908 S.
147 3858 299 3924 praecepta.

99 3979 261 4039 Honorius
273 3976 498 4057 episcopus...,
509 3973 757 4037 venerabilibus
772 3973 844 4035 fra-

66 4073 846 4150 trihusarchiepiscopisetapiscopisparregnum

68 4170 203 4234 Franciae
219 4171 420 4242 constitutis,
435 4169 588 4238 salutem,
601 4170 663 4231 etc.

100 4269 163 4330 Etsi
184 4268 358 4330 credamus
387 4267 536 4334 firmiter,
558 4266 659 4326 immo
679 4281 738 4342 pro
757 4266 846 4327 certo

69 4366 258 4438 noverimus
284 4363 370 4444 quod
392 4363 578 4426 venarabili
604 4363 699 4426 fratri
732 4365 847 4425 nostro

898 3000 997 3065 nante
1012 2999 1151 3062 Domino
1166 2999 1347 3072 constituti,
1369 3014 1413 3060 ex
1432 2999 1542 3061 officio
1556 3000 1690 3061 instan-

897 3099 954 3159 tiae
968 3096 1090 3158 nostrae
1110 3096 1311 3176 quotidianae
1324 3095 1477 3158 tenemur
1494 3096 1642 3157 omnium
1658 3095 1692 3158 31

899 3195 1107 3272 singularum
1140 3193 1357 3254 ecclesiarum
1391 3192 1689 3270 tranquillitatibus

898 3291 1083 3368 providere,
1108 3291 1141 3352 et
1160 3305 1201 3352 ne
1224 3289 1476 3365 malignantium
1498 3289 1689 3366 quatiantur

899 3389 1086 3460 calumniis,
1125 3387 1207 3464 ipsis
1238 3386 1429 3465 praesidium
1464 3386 1690 3463 apostolicum

899 3485 1073 3564 impertiri,
1107 3484 1283 3546 malitiosis
1296 3483 1468 3545 conatibus
1497 3483 1688 3544 eorumdem

900 3583 1137 3660 circumspecta
1152 3580 1377 3643 sollicitudine
1392 3595 1431 3640 ac
1451 3579 1593 3642 sollicita
1608 3595 1703 3656 pro-1

898 3679 1046 3742 videntia
1071 3677 1245 3740 obviando,
1275 3680 1362 3738 Sane
1385 3693 1485 3756 quum
1507 3676 1585 3737 olim
1600 3677 1701 3737 inter

899 3778 1042 3839 vestram
1064 3775 1097 3838 et
1117 3775 1229 3836 Sancti
1243 3774 1384 3836 Andreae
1397 3773 1615 3848 Burdogalen.
1633 3789 1690 3834 aa·

900 3874 1031 3945 clesias,
1051 3887 1152 3948 super
1162 3871 1368 3933 institutione
1383 3871 1619 3932 canonicorum
1632 3885 1692 3932 re-

900 3969 1067 4047 gularium
1080 3969 1114 4030 in
1125 3969 1236 4029 vestra
1247 3967 1390 4030 ecclesia
1400 3968 1565 4039 facienda,
1580 3983 1694 4029 coram

900 4066 995 4130 honae
1010 4067 1177 4128 memoriae
1192 4067 1245 4128 W.
1262 4065 1481 4140 Burdogalen.
1503 4065 1693 4142 archiepis-

901 4181 994 4242 copo,
1009 4165 1077 4226 31...
1090 4163 1301 4229 Lemovicen.
1318 4162 1485 4239 episcopo,
1498 4162 1696 4224 auctoritate

902 4262 1009 4323 felicis
1023 4259 1263 4322 recordationis
1276 4259 1371 4320 Lucii
1386 4275 1492 4337 papae,
1508 4260 1696 4338 praedeces-

901 4359 986 4422 soris
1011 4358 1128 4430 nostri,
1155 4373 1256 4420 eausa
1275 4355 1393 4420 fuisset
1407 4356 1532 4418 diutins
1547 4357 1692 4432 agitata,

69 4461 403 4536 Conrado,Portuensi
426 4461 593 4538 aplacopo,
616 4463 654 4521 Α.
673 4462 705 4520 S.
725 4459 846 4536 legato,
901 4458 1033 4520 tandem
1051 4455 1116 4517 fnit
1136 4455 1171 4532 13
1193 4454 1337 4516 arbitros
1359 4453 1646 4530 compromissum,
1660 4453 1697 4514 31

68 4555 846 4637 131333333131333313333331313333,113311-
901 4554 943 4616 ab
963 4569 1077 4616 eorum
1106 4551 1244 4613 arbitrio
1269 4549 1310 4610 ad
1329 4549 1445 4610 sedem
1469 4546 1694 4625 apostoticam

68 4655 111 4716 tar
124 4657 284 4720 assistetis
298 4657 398 4718 etiam
410 4670 477 4717 non
488 4655 608 4729 rogati,
623 4669 667 4715 ax
681 4652 849 4714 abundan·
902 4648 1114 4728 appellatum.
1127 4649 1166 4709 nt
1177 4661 1277 4723 quum
1285 4645 1373 4707 idem
1383 4644 1695 4722 praedecassornos-

69 4750 232 4816 13133333
258 4753 500 4815 fraternitatem
523 4751 669 4812 vestram
691 4765 848 4826 rogamus
900 4750 963 4821 ter,
993 4761 1095 4810 causa
1123 4759 1224 4822 super
1243 4744 1316 4820 ipso
1346 4742 1486 4804 arbitrio
1513 4757 1626 4805 corana
1653 4757 1693 4806 eo

71 4889 257 4963 imperatorem
273 4890 849 4964 333313333331313331313333333
903 4890 1030 4946 Romana
1047 4885 1125 4943 ouria
1149 4899 1208 4940 non
1232 4883 1379 4955 capiantur
1405 4881 1441 4940 ad
1460 4883 1640 4941 occasionem
1659 4897 1694 4941 ex

71 4962 507 5036 333333133311311333333113,
524 4975 576 5018 333
589 4962 683 5034 aliquo
703 4960 788 5017 modo
804 4975 850 5018 33
902 4967 971 5016 1333
982 4961 1010 5014 13
1038 4963 1122 5014 33133
1144 4969 1254 5013 moram
1280 4953 1400 5010 faciendi
1425 4955 1470 5012 vel
1492 4953 1653 5014 remorandi
1666 4955 1695 5014 13

71 5035 167 5101 gotium
197 5037 234 5090 im
257 5033 363 5102 odiant,
393 5040 422 5088 31
442 5032 467 5089 si
494 5033 521 5088 ei
541 5033 697 5098 nocuerint,
717 5038 849 5104 etnego·
903 5029 1047 5094 termille,
1064 5023 1695 5091 veldenuorevertendi,nisiadvoluntatem

72 5103 130 5158 tium
152 5107 226 5176 impe
246 5104 340 5170 ierint,
360 5101 435 5174 qnod
456 5102 492 5158 de
508 5103 653 5158 voluntate
671 5102 850 5173 imperatoris
903 5113 996 5156 snam.
1013 5096 1055 5154 Ad
1070 5096 1161 5153 dictas
1178 5092 1318 5176 siquidem
1340 5095 1491 5166 petitiones
1510 5093 1653 5176 faciendas
1668 5102 1696 5152 et

72 5174 149 5241 possit
175 5175 306 5232 dominus
330 5189 379 5232 rex
399 5187 449 5230 eos
467 5173 648 5245 impugnare,
671 5173 745 5229 sicut
768 5172 849 5241 alias,
904 5167 1097 5241 impetrandas
1111 5167 1231 5222 133333
1247 5167 1385 5233 Romana,
1401 5166 1484 5222 mittit
1500 5164 1632 5221 donunus
1647 5179 1697 5222 rex

72 5243 210 5316 salvatore
221 5244 410 5318 imperatoris.
903 5239 1022 5296 dilectos
1035 5247 1062 5295 et
1076 5236 1174 5294 fideles
1190 5250 1259 5293 snos
1271 5235 1515 5308 archiepiscopum
1537 5235 1695 5292 Bituriceu·

101 5314 139 5370 to.
159 5317 186 5372 Si
201 5314 263 5372 haec
290 5315 385 5370 omnia
412 5310 571 5384 supradicta
592 5310 665 5369 facta
683 5309 848 5369 fuerintdo·
903 5326 976 5378 sem,
994 5309 1205 5381 113333333333
1220 5313 1247 5388 et
1260 5307 1462 5388 carnotensem
1482 5306 1641 5388 episcopos,
1658 5307 1696 5363 ita

73 5384 140 5439 nino
154 5387 215 5458 regi
236 5391 397 5442 assecurata
419 5392 447 5440 et
458 5382 637 5450 conmutata,
651 5381 784 5440 dominus
801 5397 850 5438 reu
904 5379 989 5453 qnod,
1011 5379 1035 5435 si
1062 5379 1212 5450 petitiones
1240 5383 1300 5432 1313
1324 5391 1380 5432 333
1404 5378 1472 5431 3331
1494 5374 1548 5432 hac
1561 5389 1624 5432 vice
1641 5391 1695 5448 qna

73 5451 149 5510 113113
166 5458 275 5527 propria
308 5469 409 5512 ersona
425 5455 454 5509 in
467 5453 621 5525 Albigesio,
636 5453 702 5510 etin
716 5451 850 5524 praedicto
904 5451 989 5508 modo
1001 5450 1159 5516 mittuntur,
1173 5463 1209 5504 33
1219 5447 1325 5504 133313
1335 5453 1418 5502 33133
1433 5460 1489 5503 uon
1498 5445 1639 5504 tenebitur
1648 5463 1695 5504 rex

73 5526 176 5596 3333113
188 5527 260 5584 bona
284 5471 339 5582 Xre
358 5523 495 5582 laborabit
501 5538 509 5592 ;
534 5530 563 5580 31
579 5537 644 5581 curn
666 5523 768 5595 ipsein
783 5539 847 5596 pro·
904 5524 950 5587 ire¹
960 5523 988 5578 13
1001 5520 1190 5600 Albigesium,
1203 5517 1395 5600 nisiuvclucrit.

74 5595 124 5672 pria
137 5611 253 5666 persona
265 5593 386 5652 fueritin
401 5601 476 5653 terra
488 5593 624 5667 Albigesii
652 5601 680 5650 et
691 5593 717 5649 iu
733 5592 850 5666 negotio
941 5591 983 5666 (l)
1004 5591 1163 5661 Inpendam
1177 5586 1417 5645 maestimabiliter.

75 5663 116 5721 dio
130 5665 295 5724 laboraverit
318 5665 393 5724 bona
408 5665 472 5735 tlda,
498 5666 559 5738 ipsa
572 5665 620 5722 val
628 5634 762 5721 Iroercdes
775 5665 819 5722 sui
831 5677 848 5719 3
