3948 6326
64 371 116 432 637
260 369 261 372 ’
654 369 882 430 EPISTOLAE.
906 371 984 432 LIB.
1008 372 1094 434 VIII.
1635 377 1697 440 &38

65 528 158 592 tribus
178 525 347 590 milliariis
364 543 385 590 a
400 526 473 590 loco
489 527 544 590 uhi
559 525 661 590 luerit
674 531 843 594 Romanus
899 529 1084 594 indictione
1120 529 1197 604 XII,
1235 531 1478 596 incarnationis
1516 534 1697 600 Dominicae

64 624 217 706 pontifex,
255 641 387 688 crucem
420 629 453 688 et
482 625 741 690 tintinnabulum
770 628 843 692 siue
898 643 986 691 anuo
1005 629 1204 702 dccxxiv,
1233 627 1446 706 pontificatus
1468 645 1549 694 vero
1569 632 1696 696 domini

63 723 468 801 contradictioneqnalibet
483 724 523 786 de
536 724 843 802 sedisapostolicae
898 726 1037 792 Honorii
1052 741 1146 805 papae
1159 729 1205 789 111
1217 741 1307 790 anno
1326 727 1454 790 octavo.

61 821 183 884 licentia
207 820 376 895 deferatis,
398 822 432 884 et
450 822 595 898 signare,
615 837 654 885 ac
680 823 842 900 signando

61 919 254 991 benedicere,
272 919 470 998 ubicumque
483 936 557 982 cum
570 921 738 996 praedictis
758 922 844 984 insi·-

60 1016 167 1094 qnibus
191 1015 333 1090 fueritis,
363 1018 436 1079 sine
458 1020 728 1097 praesumptionis
750 1020 840 1091 nota,
1209 1033 1381 1122 CCXVII

59 1114 192 1192 possitis,
216 1115 414 1178 auctoritate
446 1116 637 1192 apostolica
658 1115 841 1178 conflrma-
960 1110 963 1127 '
1314 1187 1319 1200 ,
1350 1189 1356 1200 Ι
1612 1190 1621 1202 Δ

59 1228 134 1280 mus,
149 1212 240 1274 salva
254 1212 366 1274 tamen
381 1214 607 1276 moderatione
623 1214 763 1276 concilii
778 1231 841 1291 ge·
896 1185 949 1244 Ad
962 1186 1160 1262 epi⁸⁶⁰pum
1174 1184 1207 1246 ‘3‘
1222 1187 1504 1248 mmmmm
1520 1188 1693 1250 Aretmos·

59 1309 181 1372 neralis.
196 1309 382 1373 libertates
406 1328 547 1390 quoque,
570 1313 603 1376 et
623 1312 841 1376 rationabiles
1189 1316 1222 1374 11
1237 1318 1305 1376 meli
1319 1318 1398 1376 test.

58 1424 91 1470 ac
109 1407 305 1486 approbatas
327 1410 584 1472 consuetudines
602 1411 753 1472 ecclesiae
775 1411 841 1474 tuae
977 1440 1128 1505 mmm,
1139 1439 1234 1492 tund.
1254 1441 1406 1502 emm„
1419 1441 1463 1502 qv,
1476 1455 1536 1508 ,W
1548 1441 1616 1505 aaa]
1745 1481 1747 1486 ,

58 1505 238 1578 incivitate,
257 1506 394 1568 dioecesi
409 1509 463 1569 vel
481 1508 657 1586 metropoli
676 1511 748 1588 ejus
773 1509 841 1572 tam
1487 1567 1493 1580 .

58 1604 136 1664 circa
161 1602 361 1679 spiritualia,
391 1621 489 1683 qnam
515 1607 723 1683 temporalia,
756 1607 843 1668 sicut
896 1565 1698 1670 M³9d³²¹i²⁰⁸¹¹⁸³fnmersfflfflfflewcamffldfflen'

931 1671 971 1714 sis
980 1663 1008 1713 et
1016 1663 1214 1714 vicecomitem
1224 1655 1259 1714 de
1268 1657 1416 1730 campilio,
1426 1657 1514 1714 laicos
1522 1657 1697 1730 clericosque

57 1715 106 1761 ⁰³⁸
118 1702 205 1776 juste
225 1717 266 1762 ³⁰
280 1701 420 1779 pacifice
437 1703 574 1777 ‘munet'
591 1704 839 1767 confirmamus·
931 1746 1067 1804 Senensis
1090 1752 1120 1803 et
1139 1744 1261 1805 Clusina
1280 1746 1436 1804 diiecesum
1456 1761 1542 1819 super
1558 1745 1695 1805 reforma·

55 1799 96 1858 Ad
110 1797 178 1859 haec
199 1797 385 1862 distmtius
409 1799 611 1872 inhibemus,
626 1818 668 1863 ¹¹⁰
681 1803 755 1880 (lais
773 1803 842 1865 tes·
930 1835 1009 1893 tione
1024 1835 1191 1892 monasterii
1211 1834 1247 1892 de
1259 1835 1332 1895 Vivo
1346 1835 1515 1892 existentem
1531 1833 1673 1892 decidant.

57 1909 114 1967 ras,
133 1896 190 1958 aut
210 1895 364 1959 homines
388 1899 494 1976 ipsius
514 1900 667 1962 eeclesiae
689 1899 842 1963 ubicum-

57 2009 110 2069 que
128 1994 321 2068 consistant,
338 1995 496 2059 indebitis
515 1998 548 2059 et
570 1997 717 2060 insolitis
731 1999 840 2061 servi·
936 1963 1105 2024 H⁰¹¹⁰r¹¹¹⁸
1140 1977 1333 2040 ⁶P¹⁸⁰⁰P¹¹⁸’
1371 1975 1488 2024 servus
1523 1977 1696 2024 selmum

57 2090 114 2162 tiis,
129 2091 180 2152 vel
193 2093 426 2156 exactionibus
441 2110 627 2172 aggravare
647 2096 838 2174 praesumat.
895 2059 969 2170 D‘ffi’
996 2059 1181 2170 ῪΘΠΨΜῙῙ
1207 2059 1310 2169 fratri,
1330 2059 1486 2170 5Pi⁸⁰⁰l³⁰
1513 2061 1546 2121 et
1572 2059 1695 2122 (Ῐῦθῦῐο

87 2189 248 2252 ppaeqqrea
277 2190 355 2267 quia
380 2193 522 2254 ecclesia
550 2193 607 2255 qua
635 2193 752 2270 gravia
766 2192 838 2256 sm,
895 2157 964 2219 fllro
975 2158 1212 2220 archidiacono
1221 2158 1378 2231 aretinis,
1391 2156 1533 2218 salutem
1546 2159 1579 2220 et
1592 2160 1696 2235 Apos-

55 2286 179 2362 quanter
206 2287 331 2352 dicitur
361 2289 544 2354 incurrisse
572 2291 762 2368 dispendia,
796 2308 841 2356 ex
894 2255 1030 2366 t⁰¹i⁰f²m
1043 2255 1321 2366 ‚bfflfffffltipfleffi
1598 2349 1605 2365 .

55 2397 87 2444 eo
108 2383 189 2460 quod
215 2385 482 2462 praedecessores
507 2387 557 2451 tui
583 2405 651 2452 non
680 2389 839 2453 adhibitis
933 2353 1053 2416 Dm
1078 2353 1140 2414 ⁰¹¹¹
1162 2367 1255 2430 ΡΠΟΓ
1278 2352 1312 2414 θῑ
1337 2349 1457 2414 smmi-⁰³
1472 2353 1609 2414 Herem
1631 2354 1695 2414 0³·

53 2479 178 2543 testihus
199 2487 446 2550 consueverunt
466 2501 545 2548 suos
566 2486 738 2551 celebrare
753 2503 838 2552 con·
895 2451 1113 2561 mammem
1151 2465 1246 2512 suam
1279 2449 1321 2560 ³‚d
1355 2464 1417 2510 ¹¹⁰⁸
1443 2449 1696 2560 ‘luaefimffliiln

55 2577 164 2640 motus
195 2601 203 2642 :
243 2581 392 2646 volentes
431 2583 643 2648 indemnitati
686 2588 759 2663 ejus
802 2586 839 2646 in
895 2549 1116 2622 destmarunt,
1134 2548 1462 2626 quod...v1cecomes
1479 2547 1696 2626 decampssro

55 2677 206 2750 posterum
221 2693 425 2755 praecavere,
438 2681 621 2746 districtius
636 2682 837 2757 inhibemus,
894 2647 927 2710 et
948 2647 1083 2757 (lpidam,
1110 2646 1170 2708 alii
1196 2645 1310 2708 ⁰¹⁰ri⁰i
1334 2648 1368 2708 et
1390 2645 1469 2707 lami
1490 2645 1647 2754 &inentis
1663 2646 1697 2707 ⁰¹

55 2787 89 2832 ne
109 2775 297 2838 contractus
318 2777 425 2854 ipsius
446 2779 597 2844 ecclesiae
616 2781 689 2842 sine
704 2781 839 2844 adhibi·
894 2745 1037 2806 Clusmae
1051 2745 1229 2854 d¹oe⁰⁰,⁸,¹¹m
1246 2741 1597 2852 stperrefmmafmn‘ff
1609 2756 1696 2818 ¹p⁸⁰'

54 2869 131 2932 oona
150 2873 286 2936 testium
310 2873 351 2936 de
370 2876 494 2938 omero
515 2877 738 2951 celebrentur,
758 2879 791 2941 et
810 2879 839 2940 si
893 2858 967 2902 rum
982 2843 1177 2903 monasterti
1191 2840 1232 2902 de
1245 2842 1329 2901 Vivo
1345 2853 1465 2916 graves
1480 2855 1530 2900 e1s
1546 2837 1696 2900 existunt

56 2969 244 3042 quamodo
272 2970 352 3037 faoqq
384 2972 510 3037 suerint
532 2975 660 3038 viribus
687 2976 838 3046 caream,
893 2939 1073 3016 plurimum
1098 2938 1130 3000 et
1153 2937 1295 3000 molesti.
1321 2935 1466 3013 Ideoque
1488 2935 1695 2998 fraternitati

55 3065 205 3144 tamquam
225 3072 344 3132 contra
358 3070 593 3136 inhibitionem
614 3073 839 3152 apostoticam
893 3039 959 3100 ‘¹¹ae
998 3052 1058 3116 per
1091 3035 1281 3114 Ap⁰⁸t⁰¹¹⁰³
1321 3033 1445 3110 5‘51'11’ta
1483 3033 1693 3105 mandam&

56 3163 200 3228 attentati,
217 3169 437 3232 Decemqmus
449 3185 540 3246 ergo,
556 3171 593 3234 ut
604 3171 688 3234 nulli
702 3171 838 3234 omnino
894 3133 1057 3213 quatenus
1072 3132 1222 3209 partibus
1243 3131 1435 3196 convocatis
1453 3131 1598 3192 audiatis
1614 3145 1697 3191 cau-

55 3257 209 3326 hominnm
224 3265 327 3328 liceat
338 3266 511 3342 praefatam
524 3268 700 3331 ecclesiam
714 3270 839 3332 temere
894 3248 977 3301 Μ’
989 3233 1022 3294 οἵ
1032 3230 1257 3310 app⁰¹¹³²i⁰¹¹⁹
1268 3229 1407 3302 remm’
1420 3228 1486 3290 fine
1502 3227 1610 3290 dehitO
1625 3227 1696 3289 ter·

55 3359 321 3436 perturbarent
342 3366 415 3440 ejus
437 3366 669 3442 possessiones
693 3367 837 3440 auferre,

21 3524 24 3530 ,
55 3456 99 3516 vel
114 3457 239 3522 ablatas
261 3461 419 3534 retinere,
435 3463 599 3537 minuere,
620 3481 681 3526 seu
696 3465 838 3542 quibus·

56 3549 124 3617 libet
135 3557 371 3620 vexationibus
390 3560 532 3637 fatigare
538 3583 547 3637 ;
572 3562 630 3624 sed
654 3563 767 3625 omnia
785 3563 841 3625 in-

56 3645 134 3724 tegra
167 3657 410 3716 conserventur
444 3671 571 3729 eorum,
602 3671 662 3734 pro
698 3673 839 3736 quorum

56 3745 283 3819 adornatione
293 3765 332 3812 ac
343 3753 584 3816 sustentatione
595 3770 754 3817 concessa
763 3756 840 3818 sunt

894 3329 1042 3402 minetis,
1076 3329 1237 3392 facientes
1270 3327 1355 3406 quod
1390 3325 1606 3391 decreveritis
1635 3339 1696 3403 per
1741 3403 1745 3410 Ι

894 3443 1068 3489 censuram
1082 3426 1343 3490 ecclesiasticam
1355 3424 1496 3486 firmiter
1508 3421 1680 3485 observari

894 3525 1007 3588 Testes
1022 3526 1149 3598 autem,
1170 3525 1232 3586 etc.
1250 3524 1368 3586 natum
1383 3521 1551 3592 Laterani,
1568 3522 1599 3581 II
1617 3519 1694 3580 idus
1715 3575 1722 3586 ,

895 3624 987 3696 maii,
1005 3622 1216 3699 pontificatus
1232 3621 1338 3684 nostri
1350 3635 1437 3681 anno
1453 3618 1581 3680 octavu.

57 3841 155 3906 usibus
183 3847 385 3910 omnimodis
412 3849 603 3927 profutura,
626 3851 719 3915 salva
745 3852 839 3916 Sedis

56 3941 240 4016 spostolicae
255 3946 465 4010 auctoritate.
483 3949 519 4010 Si
534 3964 599 4026 qua
620 3950 723 4026 igitur
736 3951 774 4012 in,
786 3949 841 4012 fu·
1198 3905 1392 3994 CCXVIII

57 4036 153 4102 turum
183 4042 425 4117 ecclesiastica,
454 4046 668 4110 saecularisve
696 4058 839 4125 persona
983 4061 1035 4122 Aa
1053 4058 1281 4135 praepositum
1303 4059 1338 4119 et
1355 4057 1543 4131 capitutum
1564 4057 1604 4117 de

57 4131 129 4198 hanc
140 4141 264 4202 nostrae
278 4142 526 4206 constitutionis
545 4145 702 4222 paginam
716 4145 838 4219 sciens,
1157 4157 1410 4232 Berqerdorpe.

57 4235 155 4298 contra
179 4253 255 4300 eam
279 4239 405 4302 temere
426 4241 542 4304 venire
566 4243 755 4315 tentaverit,
781 4259 839 4306 se·
1191 4285 1225 4343 14
1236 4285 1304 4344 maii
1320 4285 1399 4342 itti.

58 4331 295 4398 cundotcrtiove
303 4339 515 4411 commonita,
526 4339 592 4400 nisi
602 4340 732 4403 reatum
742 4355 840 4402 suum

58 4440 187 4505 congrua
204 4433 433 4497 satisfactione
448 4439 649 4512 correxerlt;
669 4439 840 4516 potestatis

58 4520 242 4607 honorisque
255 4531 306 4592 sui
320 4534 434 4595 careat
448 4533 621 4610 dignitate,
631 4549 789 4614 reamque
804 4551 841 4598 se
895 4532 952 4588 Eos
974 4541 1040 4587 cum
1063 4525 1196 4585 omnibus
1216 4525 1300 4582 bonis
1319 4523 1371 4582 sub
1392 4521 1469 4582 beati
1491 4522 1567 4580 Petri
1590 4529 1619 4580 et
1641 4533 1693 4578 sua

58 4617 154 4688 divino
170 4627 298 4704 jndicio
319 4630 477 4704 existere,
497 4631 539 4694 de
558 4633 749 4710 perpetrata
773 4633 842 4695 ini·
1135 4613 1310 4688 ll⁰le⁰t¹⁰¹¹⁰
1324 4611 1452 4684 Μὴ·

60 4718 166 4792 quitata
180 4729 369 4801 cognoscat,
382 4728 416 4790 et
427 4744 447 4790 a
460 4729 690 4794 sacratissimo
702 4747 841 4809 corpore
935 4735 1102 4797 Honorius
1112 4732 1298 4809 episcopus,
1309 4743 1425 4790 servus
1436 4742 1609 4790 servorum
1617 4727 1690 4798 Dei,

60 4815 86 4874 et
105 4821 262 4896 sanguine
287 4824 359 4897 Dei,
388 4841 428 4888 ac
452 4827 586 4888 Domini
610 4829 841 4906 Redemptoris
896 4833 1025 4895 dilectis
1045 4831 1123 4894 tiliis
1138 4827 1317 4908 praeposito
1331 4827 1365 4890 et
1377 4825 1523 4901 capitulo
1546 4825 1587 4886 de
1610 4828 1696 4885 Ber-

60 4915 151 4978 nostri
164 4921 244 4982 iesu
266 4921 389 4985 Christi
403 4923 515 4988 aliena
535 4925 602 4998 fiat,
619 4927 719 5004 atque
731 4927 765 4988 in
780 4942 842 4990 ex·
895 4931 1068 5008 gerdorpe,
1083 4929 1225 4990 salutem
1240 4927 1273 4988 et
1285 4924 1510 5002 Apostolicam
1530 4920 1689 4984 benedic-

60 5005 149 5075 tremo
165 5017 319 5080 examine
344 5019 503 5084 districtae
520 5022 691 5100 subjaceat
709 5024 839 5098 ultioni,
895 5031 1032 5092 tionem.

60 5104 175 5174 Cunctis
192 5117 303 5177 autem
315 5115 422 5179 eidem
437 5118 510 5181 loco
526 5136 587 5184 sua
600 5123 679 5199 iura
701 5137 842 5184 servan·
934 5127 1038 5190 iustis
1068 5122 1252 5203 petentium
1279 5119 1455 5182 desideriis
1481 5116 1617 5192 dignum
1642 5112 1694 5176 est

60 5199 134 5267 tibus
160 5211 203 5272 sit
226 5229 294 5290 pax
320 5215 453 5278 Domini
479 5218 586 5281 nostri
607 5221 689 5282 Jesu
704 5219 839 5294 Christi,
895 5241 956 5286 nos
968 5223 1101 5286 facilem
1115 5219 1264 5297 praebere
1283 5231 1457 5280 assensum
1476 5213 1509 5276 et
1528 5212 1604 5274 vota
1619 5226 1694 5288 quaa

62 5303 205 5374 quatenus
217 5310 318 5373 ethic
331 5311 475 5376 fructum
489 5313 586 5378 bonae
603 5316 744 5380 aetionis
757 5333 839 5395 per·
895 5321 1075 5384 arationis
1096 5317 1231 5381 tramite
1252 5331 1319 5378 non
1343 5309 1546 5382 discordant,
1572 5309 1694 5372 effectu

62 5395 180 5478 cipiant,
194 5408 227 5470 et
239 5408 327 5486 apud
342 5409 529 5474 districtum
538 5413 687 5491 judicem
701 5416 841 5491 praemia
895 5419 1115 5497 prosequente
1130 5412 1306 5491 complere.
1319 5409 1513 5486 eapropter,
1530 5406 1642 5468 dilecti
1656 5405 1693 5466 in

63 5495 177 5564 aterna
196 5506 287 5582 pacis
303 5507 487 5572 inveniant.
503 5514 621 5574 Amen.
638 5513 757 5575 Datum
772 5515 840 5576 La·
895 5515 1026 5578 Christo
1037 5513 1109 5584 lilii,
1121 5508 1351 5587 vestrisjustis
1360 5504 1515 5584 precihus
1525 5502 1690 5574 inclinati,

63 5589 173 5672 ferani,
208 5619 267 5682 per
308 5621 443 5668 manum
486 5607 638 5685 magistri
679 5609 840 5674 (luidonis
895 5627 1055 5691 personas
1080 5609 1201 5672 vestris
1222 5606 1322 5685 justis
1346 5603 1500 5682 precibus
1527 5599 1692 5670 inclinati,

64 5685 172 5757 domini
197 5715 289 5779 papae
315 5703 449 5778 notarii,
476 5705 620 5768 seeundo
646 5706 720 5768 idus
747 5708 838 5781 maii,
895 5705 1147 5784 estisobsequic
1164 5701 1356 5780 mancipati,
1373 5714 1448 5762 cum
1466 5696 1618 5760 omnibus
1633 5693 1693 5756 bo-

926 4401 1111 4469 [Lappenberq
1121 4401 1258 4464 llamburq.
1269 4397 1485 4457 urkundenbuch,
1496 4397 1517 4458 1,
1527 4395 1660 4459 111111]
