4102 6322
290 338 330 402 15
903 337 1079 400 HONORII
1100 337 1147 398 111
1167 340 1316 404 OPERA.

285 497 553 577 promulgarunt
575 499 684 570 Quare
702 495 799 561 noble
822 497 974 576 exparte
995 498 1087 575 ipso-

282 611 365 658 ·rum
387 596 450 658 suit
472 595 645 658 humiliter
670 595 892 674 supplicatum
921 596 958 657 nt
986 610 1087 673 super

289 693 354 756 boc
379 693 429 755 eis
451 693 626 771 providere
646 693 907 756 misericorditer
926 693 1085 770 dignare-

282 807 375 864 -mur,
399 807 474 853 cum
500 791 608 868 parati
633 791 700 854 sint
722 792 757 854 in
781 791 873 854 mille
897 792 1086 869 quingentis

284 889 430 962 -marcIs,
464 889 506 951 ob
537 891 758 951 reverentiam
792 892 958 962 nostram,
988 891 1087 966 juxta

289 987 413 1065 prIoris
428 987 576 1049 mandati
591 987 697 1048 nostri
712 989 861 1049 tenorem
872 987 980 1050 eidem
995 986 1087 1062 epis·

291 1101 374 1164 copo
389 1085 578 1156 subvenire,
599 1087 789 1163 computata
803 1085 915 1146 tamen
934 1083 1085 1160 pecunia,

284 1199 391 1261 ‚quam
406 1183 541 1261 propter
562 1183 658 1245 hoca
673 1183 805 1244 clericis
820 1181 970 1244 noscitur
988 1197 1087 1243 acce-

290 1281 392 1359 pisse.
407 1281 550 1358 Ideoque
565 1281 759 1342 discretioni
774 1268 894 1342 v'estrae
907 1295 967 1356 per
980 1283 1089 1356 Apos-

284 1378 393 1440 -tolica
415 1379 539 1454 scripta
567 1379 774 1449 mandamus,
797 1377 973 1453 quatenus,
989 1377 1018 1436 si
1038 1376 1090 1436 est

289 1475 350 1548 ita,
362 1475 597 1540 denuntiantes
609 1475 807 1538 sententiam
816 1473 1008 1550 praedictam
1022 1489 1087 1536 non

289 1577 418 1646 tenere,
432 1590 500 1636 non
515 1574 667 1637 obstante
681 1573 892 1636 ordinatione
902 1571 1087 1648 praemissa,

290 1673 510 1734 memoratum
535 1672 660 1736 clerum
682 1670 869 1732 sufficiente
892 1669 934 1732 ab
948 1684 988 1732 eo
1003 1685 1086 1730 cau-

289 1770 382 1832 tione
396 1771 540 1848 recepta,
550 1770 635 1849 quod
645 1770 737 1832 mille
748 1768 947 1847 quingentas
958 1782 1089 1830 marcas

291 1869 448 1946 episcopo
474 1869 632 1946 praedicto
652 1869 724 1930 sine
744 1866 939 1928 difficultate
959 1865 1090 1942 persol-

289 1968 381 2038 vant,
398 1983 465 2027 non
476 1966 784 2043 permittatissuper
792 1964 951 2026 ulteriore
962 1979 1089 2023 summa

291 2063 332 2124 de
342 2067 463 2125 caetero
474 2063 663 2140 aggravari.
671 2063 762 2135 Quod
772 2061 800 2122 si
808 2076 875 2122 non
886 2076 1012 2132 omnes,
1025 2061 1088 2121 etc.

290 2162 412 2224 Datum
434 2160 601 2233 Laterani,
630 2161 676 2222 III
705 2175 812 2223 nonas
825 2158 982 2228 octobris,
1002 2173 1090 2220 anno

282 2259 400 2324 sexto.

646 2549 739 2637 XIX

244 2741 248 2746 ·
283 2723 346 2790 ,Ad
356 2721 511 2784 abbatem
520 2719 640 2784 soracti
655 2719 804 2780 Martini
818 2718 852 2780 et
864 2717 1092 2792 praepositum

332 2835 375 2882 ao
407 2823 464 2882 ru.
492 2821 534 2882 dc
567 2821 677 2882 Germe
710 2818 915 2877 canonicum
951 2817 1093 2876 Ambia-

332 2931 486 2980 oensem.

555 3020 591 3078 ²0
611 3017 737 3077 octobr's
749 3018 828 3076 lali.

328 3163 448 3225 messit,
459 3161 503 3211 lib.
519 3161 563 3220 Vl,
575 3158 650 3225 epist,
660 3159 701 3210 ai.
718 3159 774 3209 llas.
784 3159 820 3210 La
832 3158 908 3208 Porta
922 3157 1060 3222 duTbeil.]

284 3294 412 3372 ‚nannet
431 3301 462 3352 ut
485 3291 616 3366 quaedam
640 3299 744 3350 statuta
765 3306 851 3364 super
871 3289 1025 3347 residentia
1048 3287 1090 3347 ie·

329 3385 407 3442 ciant
425 3382 625 3448 inviolabiliter
637 3380 785 3439 observari
805 3381 834 3438 in
856 3379 977 3436 ecclesia
997 3379 1092 3436 Sancti

330 3472 497 3532 ledemari,

337 3610 516 3681 Honorius,
531 3611 606 3680 etc,
619 3606 749 3668 dilectis
764 3604 843 3665 liliis
854 3603 965 3666 abbati
979 3604 1092 3667 Sancti

285 3709 433 3780 ,Martini
454 3707 495 3768 de
509 3707 655 3777 Lamet0,
673 3706 706 3766 et
725 3703 903 3781 praeposito
920 3717 959 3764 ac
978 3703 1038 3763 Th.
1053 3703 1093 3765 de

296 3809 401 3868 Gruce
421 3805 583 3868 canonico
597 3803 794 3865 ambianen.

336 3903 455 3964 Dilecti
474 3902 536 3963 dlii
561 3899 708 3962 decanus
730 3901 763 3964 et
775 3899 957 3976 capitulum
980 3901 1092 3964 Sancti

297 3998 478 4064 Audomeri
498 3997 594 4058 nobis
613 3997 786 4058 humiliter
809 3997 1039 4074 supplicarunt
1059 3997 1095 4059 ut

284 4097 460 4176 quaedam,
486 4110 558 4171 quae
574 4109 674 4170 super
695 4093 876 4155 residentia
892 4093 1043 4154 iacienda
1059 4093 1094 4154 in

283 4193 440 4259 ccclesia
464 4190 667 4262 eorumdem,
695 4189 736 4251 de
763 4190 989 4266 assignatione
1003 4205 1094 4267 prae-

296 4291 492 4362 bandarum,
520 4289 662 4366 aliisque
688 4287 841 4350 articulis
867 4287 1003 4364 provide
1025 4290 1096 4350 sta-

284 4390 444 4462 tuerunt,
462 4388 609 4464 ipsorum
643 4387 799 4464 episcopo
825 4384 940 4446 eadem
971 4401 1095 4462 appro-

297 4488 409 4560 bante,
432 4486 585 4550 obtinere
598 4485 790 4546 firmitatem
806 4483 950 4544 debitam
963 4481 1094 4545 facere-

284 4601 382 4648 mus.
398 4587 541 4663 Ideoque
564 4583 759 4647 discretioni
777 4582 897 4644 vestrae
911 4595 970 4658 per
984 4586 1094 4658 Apos-

298 4682 401 4746 tolioa
425 4683 548 4759 scripta
570 4681 778 4749 mandamus,
796 4680 958 4756 quatenus
973 4679 1094 4741 statuta

297 4781 372 4859 ipsa
395 4778 481 4841 sicut
503 4781 582 4841 sunt
595 4780 733 4856 provida
756 4779 788 4840 et
803 4777 942 4839 honesta
965 4775 1095 4837 faciatis

296 4877 540 4940 inviolabiliter
553 4876 737 4948 observari,
754 4875 1015 4938 contradictores
1037 4889 1097 4950 per

297 4991 474 5038 censuram
489 4974 751 5038 ecclesiasticam
766 4972 991 5050 appellatione
1005 4971 1097 5048 posi-

296 5072 664 5153 positacompescendo.
677 5070 769 5143 Quod
778 5071 807 5130 si
818 5083 1018 5138 nonomnes,
1031 5071 1093 5132 etc.

297 5172 417 5233 Datum
443 5169 613 5241 Laterani,
637 5169 715 5230 XIII
735 5166 869 5230 kalend.
893 5165 1094 5238 novembris,

280 5316 285 5326 .
298 5283 387 5332 anno
400 5269 507 5332 sento.

1501 511 1572 600 XX

1259 664 1311 724 Ad
1331 665 1515 726 universos
1534 667 1662 728 Civrtstt
1686 668 1810 740 fideles.

1398 795 1434 853 23
1454 795 1578 854 octobris
1593 798 1672 856 iiii.

1229 920 1365 985 [bouquet
1382 920 1442 972 nee.
1455 922 1500 973 des
1514 921 1590 985 iiisn,
1602 927 1622 972 t.
1635 923 1728 982 XXIX,
1743 938 1769 988 p.
1779 923 1846 991 iia}

1141 1046 1316 1104 Sententiam
1326 1045 1563 1104 exhaeredationis
1579 1047 1608 1104 in
1622 1039 1813 1106 ildimundum
1822 1047 1950 1106 comiIIs

1174 1134 1308 1192 'dolosani
1321 1133 1410 1193 lilium
1425 1136 1492 1192 olim
1508 1135 1544 1193 ab
1559 1138 1731 1210 Apostolicae
1746 1136 1825 1195 Sedis
1838 1139 1950 1212 legato

1176 1223 1263 1281 latam
1279 1225 1421 1282 Honorius
1433 1223 1527 1282 denuo
1540 1225 1699 1284 confirmat.

1181 1361 1350 1422 Honorius
1359 1359 1545 1438 episcopua,
1555 1377 1672 1426 servus
1681 1377 1852 1424 servorum
1861 1361 1944 1436 Dei,

1142 1457 1272 1520 dilectis
1284 1458 1362 1519 filiis
1374 1459 1541 1520 universIs
1554 1460 1677 1521 Christi
1692 1459 1845 1522 fidelibus
1855 1476 1947 1536 prae-

1908 346 1957 406 1,

1143 1556 1270 1619 sentem
1294 1557 1449 1633 paginam
1470 1557 1682 1636 inspecturis,
1699 1557 1852 1629 salutem,
1872 1559 1943 1618 etc.
2036 1558 2037 1576 ¹

1182 1656 1229 1714 lla
1245 1669 1318 1731 quae
1331 1655 1446 1715 contra
1469 1654 1645 1716 haereticos
1660 1655 1714 1716 vel
1728 1670 1844 1716 eorum
1863 1655 1947 1716 iau-

1142 1751 1232 1812 tores
1257 1751 1395 1828 provide
1422 1752 1624 1824 statuuntur,
1637 1753 1830 1830 apostolico
1846 1752 1946 1814 decet

1144 1849 1326 1910 munimine
1337 1849 1501 1922 roborari,
1513 1852 1551 1912 ut
1560 1849 1793 1924 inconcussam
1808 1865 1944 1927 semper
2037 1885 2038 1888 =

1145 1946 1316 2010 obtineant
1342 1946 1543 2014 firmitatem.
1568 1950 1648 2008 Cum
1672 1948 1776 2024 igitur
1797 1947 1943 2009 dilectus

1144 2043 1233 2104 illius
1243 2045 1356 2106 noster
1367 2043 1598 2125 Blertrandus]
1608 2045 1695 2107 tituli
1705 2047 1762 2106 SS.
1774 2044 1941 2107 iohannis

1144 2142 1177 2204 et
1192 2142 1288 2204 Pauli
1303 2142 1476 2220 presbyter
1488 2142 1681 2215 cardinalis,
1700 2143 1778 2204 tunc
1791 2143 1941 2218 Aposto-

1144 2239 1218 2301 licae
1239 2240 1334 2301 Sedis
1355 2241 1495 2316 legatus,
1521 2240 1694 2302 attendens
1723 2239 1810 2318 quod
1839 2237 1941 2319 Rlai-

1144 2337 1257 2398 mund.
1274 2335 1359 2418 v11],
1381 2338 1470 2399 libus
1491 2341 1530 2400 R.
1548 2337 1715 2415 quondam
1729 2338 1861 2400 comitis
1875 2340 1945 2398 To-

1145 2435 1254 2497 losani
1278 2451 1344 2497 non
1371 2436 1479 2497 solum
1501 2434 1695 2497 imitabatur
1715 2436 1821 2512 patris
1841 2435 1943 2496 mali-

1145 2535 1244 2606 tiam,
1273 2533 1331 2595 sed
1367 2533 1467 2595 etiam
1502 2532 1666 2606 anteibat,
1696 2533 1944 2594 sententialiter

1145 2631 1252 2694 eidem
1272 2630 1475 2708 abJudicavil
1489 2646 1587 2693 omne
1602 2634 1659 2710 jus
1680 2630 1779 2708 quod,
1796 2631 1831 2690 in
1848 2631 1942 2692 terra

1146 2746 1219 2807 quae
1234 2728 1314 2792 dicti
1329 2729 1433 2806 patris
1449 2729 1501 2790 sui
1516 2729 1627 2791 suerat
1639 2729 1693 2790 vel
1706 2730 1779 2790 erat
1793 2729 1828 2788 in
1846 2728 1944 2804 lega-

1144 2828 1234 2889 tione
1250 2826 1431 2890 cardinalis
1447 2826 1608 2903 praedicti,
1620 2826 1793 2889 videbatur
1803 2825 1939 2894 babere,

1145 2942 1206 2988 nos
1232 2925 1380 3002 ejusdem
1407 2923 1589 2986 cardinalis
1616 2925 1825 2996 sententIam,
1855 2924 1944 2984 sicut

1141 3025 1232 3100 iuste
1247 3023 1314 3085 lata
1330 3022 1379 3084 est
1394 3021 1476 3083 etin
1491 3022 1598 3099 ipsius
1618 3021 1801 3083 cardinalis
1819 3020 1942 3082 litteris

1146 3121 1278 3199 plenius
1302 3119 1502 3192 continetur,
1529 3119 1726 3181 auctoritate
1748 3118 1943 3195 apostoliea

1147 3217 1383 3280 confirmamus
1403 3217 1436 3278 et
1456 3217 1630 3294 praesentis
1652 3215 1767 3292 scripti
1790 3215 1942 3293 patroci-

1147 3316 1203 3377 nio
1217 3316 1471 3376 communimus.
1487 3315 1580 3377 Nulli
1604 3329 1684 3389 ergo
1703 3314 1803 3376 liceat
1817 3314 1942 3375 nostre

1147 3412 1410 3475 confirmationis
1421 3412 1616 3490 infringere.
1634 3412 1753 3475 Datum
1770 3410 1940 3484 Laterani,

1146 3513 1222 3572 VIII
1236 3509 1304 3571 kal.
1320 3510 1521 3583 novembris
1538 3527 1627 3572 anno
1642 3510 1748 3572 sexto.

1499 3760 1590 3846 XXI

1167 3913 1220 3974 Ad
1241 3911 1397 3976 abbatem
1416 3911 1451 3973 et
1464 3911 1670 3973 corruendum
1684 3910 1802 3972 Sancti
1819 3911 1924 3972 Pauli

1460 4012 1500 4070 de
1526 4009 1622 4070 Urbe.

1413 4139 1448 4197 26
1460 4137 1583 4197 octobris
1597 4139 1675 4196 liii.
1703 4183 1707 4190 .

1253 4261 1408 4326 [Ilargnrini
1422 4261 1563 4313 Bullatium
1573 4263 1728 4322 Cessinense,
1741 4261 1851 4326 11‚aao.]

1149 4376 1250 4435 Abbati
1268 4386 1296 4435 et
1309 4379 1462 4436 conventui
1477 4381 1505 4437 S.
1522 4379 1601 4438 Pauli
1616 4376 1652 4435 de
1665 4378 1740 4438 Urbe
1754 4378 1866 4436 intimat
1882 4379 1940 4434 lio·

1184 4467 1282 4524 nortus
1296 4481 1327 4524 se
1348 4465 1498 4539 probibere
1518 4469 1635 4525 omnino
1654 4483 1691 4525 ne
1709 4467 1772 4540 quis
1790 4472 1942 4540 presumat

1184 4554 1310 4612 vendere
1333 4557 1379 4613 vel
1405 4555 1512 4613 donare
1537 4563 1704 4614 ornamenta
1731 4556 1853 4628 pretiose
1879 4569 1941 4626 quae

1185 4659 1285 4702 eorum
1298 4645 1427 4703 ecclesie
1439 4645 1500 4717 ipse
1515 4645 1641 4702 contulit.

1189 4781 1357 4844 Honorius
1368 4781 1859 4858 episcopus,servusservorum
1870 4779 1938 4852 Dei,

1149 4879 1281 4940 dilectis
1307 4877 1387 4938 filiis
1411 4878 1533 4950 abbati,
1565 4879 1598 4940 et
1623 4879 1801 4940 conventui
1831 4877 1940 4940 Sancti

1150 4977 1246 5038 Pauli
1272 4976 1312 5037 de
1336 4975 1435 5046 Urbe,
1451 4977 1603 5047 salutem,
1619 4977 1681 5040 etc.
1710 4965 1714 4972 ’

1190 5074 1295 5136 Multa
1315 5073 1458 5145 devotio,
1476 5089 1574 5150 quam
1590 5073 1761 5147 babemus,
1778 5074 1819 5136 ad
1841 5088 1941 5135 vene·

1150 5171 1290 5234 rendam
1304 5171 1451 5232 vestram
1468 5171 1655 5242 ecclesiam,
1674 5187 1736 5232 nos
1754 5171 1892 5243 inducit,
1908 5171 1942 5233 ut

1150 5269 1234 5346 eJus,
1262 5268 1420 5344 tanquam
1445 5282 1534 5330 verae
1554 5268 1671 5330 domus
1694 5268 1766 5340 Dei,
1792 5267 1940 5330 decorem

1150 5366 1266 5428 intime
1287 5365 1478 5442 diligamus,
1495 5365 1740 5442 elsatagamus,
1753 5368 1869 5428 utnon
1889 5379 1941 5428 so-

1150 5464 1218 5524 lum
1238 5462 1372 5534 nostris,
1390 5461 1448 5524 sed
1461 5461 1582 5524 iuturis
1597 5478 1728 5542 quoque
1741 5462 1940 5540 temporibus

1150 5560 1328 5622 decoretur
1352 5561 1473 5622 ornatu
1499 5560 1642 5624 ecclesia
1664 5561 1758 5622 tanta
1781 5560 1893 5638 digno,
1912 5561 1941 5622 et

1152 5673 1191 5720 eo
1206 5658 1363 5730 maxime,
1379 5674 1476 5735 quem
1498 5657 1549 5719 illi
1564 5658 1734 5722 roselmur
1749 5658 1938 5746 contulisse,
