<?xml version="1.0" encoding="UTF-8"?>
<!DOCTYPE html PUBLIC "-//W3C//DTD XHTML 1.0 Transitional//EN"
    "http://www.w3.org/TR/xhtml1/DTD/xhtml1-transitional.dtd">
<html xmlns="http://www.w3.org/1999/xhtml" xml:lang="en" lang="en">
 <head>
  <title>
</title>
<meta http-equiv="Content-Type" content="text/html;charset=utf-8" />
  <meta name='ocr-system' content='tesseract 3.04.00' />
  <meta name='ocr-capabilities' content='ocr_page ocr_carea ocr_par ocr_line ocrx_word'/>
</head>
<body>
  <div class='ocr_page' id='page_1' title='image "./mediiaevibiblio06bottgoog_0347.png"; bbox 0 0 4006 6346; ppageno 0'>
   <div class='ocr_carea' id='block_1_1' title="bbox 291 379 351 440">
    <p class='ocr_par' dir='ltr' id='par_1_1' title="bbox 291 379 351 440">
     <span class='ocr_line' id='line_1_1' title="bbox 291 379 351 440; baseline 0 0"><span class='ocrx_word' id='word_1_1' title='bbox 291 379 351 440; x_wconf 83' lang='grc'>663</span> 
     </span>
    </p>
   </div>
   <div class='ocr_carea' id='block_1_2' title="bbox 292 523 1087 1875">
    <p class='ocr_par' dir='ltr' id='par_1_2' title="bbox 292 523 1087 1875">
     <span class='ocr_line' id='line_1_2' title="bbox 293 523 1084 616; baseline 0 -16"><span class='ocrx_word' id='word_1_2' title='bbox 293 537 419 616; x_wconf 87' lang='lat' dir='ltr'>quitata</span> <span class='ocrx_word' id='word_1_3' title='bbox 434 536 622 614; x_wconf 87' lang='lat' dir='ltr'>cognoscat,</span> <span class='ocrx_word' id='word_1_4' title='bbox 632 536 666 599; x_wconf 88' lang='lat' dir='ltr'>et</span> <span class='ocrx_word' id='word_1_5' title='bbox 679 523 933 600; x_wconf 87' lang='lat' dir='ltr'>asaoratissimo</span> <span class='ocrx_word' id='word_1_6' title='bbox 947 552 1084 614; x_wconf 89' lang='lat' dir='ltr'>corpore</span> 
     </span>
     <span class='ocr_line' id='line_1_3' title="bbox 293 633 1084 712; baseline -0.001 -15"><span class='ocrx_word' id='word_1_7' title='bbox 293 650 333 697; x_wconf 90' lang='lat' dir='ltr'>ac</span> <span class='ocrx_word' id='word_1_8' title='bbox 356 635 519 710; x_wconf 88' lang='lat' dir='ltr'>sanguine</span> <span class='ocrx_word' id='word_1_9' title='bbox 551 635 613 696; x_wconf 87' lang='lat' dir='ltr'>Dei</span> <span class='ocrx_word' id='word_1_10' title='bbox 639 635 672 697; x_wconf 91' lang='lat' dir='ltr'>et</span> <span class='ocrx_word' id='word_1_11' title='bbox 699 633 831 696; x_wconf 85' lang='lat' dir='ltr'>Domini</span> <span class='ocrx_word' id='word_1_12' title='bbox 855 634 1084 712; x_wconf 87' lang='lat' dir='ltr'>Redemptoris</span> 
     </span>
     <span class='ocr_line' id='line_1_4' title="bbox 292 731 1084 810; baseline 0.003 -18"><span class='ocrx_word' id='word_1_13' title='bbox 292 732 400 793; x_wconf 81' lang='lat' dir='ltr'><strong>nostri</strong></span> <span class='ocrx_word' id='word_1_14' title='bbox 420 735 499 794; x_wconf 88' lang='lat' dir='ltr'>Jesu</span> <span class='ocrx_word' id='word_1_15' title='bbox 514 732 636 793; x_wconf 82' lang='lat' dir='ltr'>curisti</span> <span class='ocrx_word' id='word_1_16' title='bbox 649 731 760 793; x_wconf 90' lang='lat' dir='ltr'>aliena</span> <span class='ocrx_word' id='word_1_17' title='bbox 776 731 843 804; x_wconf 87' lang='lat' dir='ltr'>ilat,</span> <span class='ocrx_word' id='word_1_18' title='bbox 861 734 959 810; x_wconf 91' lang='lat' dir='ltr'>atque</span> <span class='ocrx_word' id='word_1_19' title='bbox 974 731 1009 793; x_wconf 92' lang='lat' dir='ltr'>in</span> <span class='ocrx_word' id='word_1_20' title='bbox 1022 747 1084 794; x_wconf 87' lang='lat' dir='ltr'>ex-</span> 
     </span>
     <span class='ocr_line' id='line_1_5' title="bbox 292 828 1083 906; baseline 0.001 -17"><span class='ocrx_word' id='word_1_21' title='bbox 292 828 398 889; x_wconf 90' lang='lat' dir='ltr'>tremo</span> <span class='ocrx_word' id='word_1_22' title='bbox 413 828 567 890; x_wconf 87' lang='lat' dir='ltr'>examine</span> <span class='ocrx_word' id='word_1_23' title='bbox 581 829 740 892; x_wconf 84' lang='lat' dir='ltr'>districtae</span> <span class='ocrx_word' id='word_1_24' title='bbox 755 829 875 890; x_wconf 92' lang='lat' dir='ltr'>ultioni</span> <span class='ocrx_word' id='word_1_25' title='bbox 903 828 1083 906; x_wconf 89' lang='lat' dir='ltr'>subjaceat.</span> 
     </span>
     <span class='ocr_line' id='line_1_6' title="bbox 293 925 1086 1004; baseline 0 -18"><span class='ocrx_word' id='word_1_26' title='bbox 293 926 426 987; x_wconf 81' lang='lat' dir='ltr'>Cunctis</span> <span class='ocrx_word' id='word_1_27' title='bbox 442 927 552 988; x_wconf 89' lang='lat' dir='ltr'>autem</span> <span class='ocrx_word' id='word_1_28' title='bbox 575 925 680 986; x_wconf 89' lang='lat' dir='ltr'>eidem</span> <span class='ocrx_word' id='word_1_29' title='bbox 695 925 768 988; x_wconf 94' lang='lat' dir='ltr'>loco</span> <span class='ocrx_word' id='word_1_30' title='bbox 784 941 845 987; x_wconf 90' lang='lat' dir='ltr'>sua</span> <span class='ocrx_word' id='word_1_31' title='bbox 856 929 935 1004; x_wconf 90' lang='lat' dir='ltr'>jura</span> <span class='ocrx_word' id='word_1_32' title='bbox 946 942 1086 988; x_wconf 89' lang='lat' dir='ltr'>servan-</span> 
     </span>
     <span class='ocr_line' id='line_1_7' title="bbox 292 1022 1083 1100; baseline -0.001 -16"><span class='ocrx_word' id='word_1_33' title='bbox 292 1022 381 1084; x_wconf 84' lang='lat' dir='ltr'><strong>tibus</strong></span> <span class='ocrx_word' id='word_1_34' title='bbox 410 1023 454 1084; x_wconf 90' lang='lat' dir='ltr'>sit</span> <span class='ocrx_word' id='word_1_35' title='bbox 465 1038 532 1100; x_wconf 87' lang='lat' dir='ltr'>pax</span> <span class='ocrx_word' id='word_1_36' title='bbox 559 1023 690 1084; x_wconf 86' lang='lat' dir='ltr'>Domini</span> <span class='ocrx_word' id='word_1_37' title='bbox 714 1023 820 1085; x_wconf 83' lang='lat' dir='ltr'>nostri</span> <span class='ocrx_word' id='word_1_38' title='bbox 846 1027 925 1086; x_wconf 87' lang='lat' dir='ltr'>Jesu</span> <span class='ocrx_word' id='word_1_39' title='bbox 949 1024 1083 1094; x_wconf 77' lang='lat' dir='ltr'>Christi,</span> 
     </span>
     <span class='ocr_line' id='line_1_8' title="bbox 294 1119 1086 1198; baseline 0.003 -18"><span class='ocrx_word' id='word_1_40' title='bbox 294 1120 457 1197; x_wconf 89' lang='lat' dir='ltr'>quatenus</span> <span class='ocrx_word' id='word_1_41' title='bbox 472 1121 505 1182; x_wconf 91' lang='lat' dir='ltr'>et</span> <span class='ocrx_word' id='word_1_42' title='bbox 517 1120 572 1181; x_wconf 90' lang='lat' dir='ltr'>hic</span> <span class='ocrx_word' id='word_1_43' title='bbox 584 1121 726 1181; x_wconf 85' lang='lat' dir='ltr'>trucium</span> <span class='ocrx_word' id='word_1_44' title='bbox 738 1119 833 1182; x_wconf 86' lang='lat' dir='ltr'>bonae</span> <span class='ocrx_word' id='word_1_45' title='bbox 854 1123 994 1183; x_wconf 90' lang='lat' dir='ltr'>actionis</span> <span class='ocrx_word' id='word_1_46' title='bbox 1009 1137 1086 1198; x_wconf 92' lang='lat' dir='ltr'>per-</span> 
     </span>
     <span class='ocr_line' id='line_1_9' title="bbox 295 1216 1086 1294; baseline 0.003 -18"><span class='ocrx_word' id='word_1_47' title='bbox 295 1216 398 1294; x_wconf 89' lang='lat' dir='ltr'>cipiat</span> <span class='ocrx_word' id='word_1_48' title='bbox 425 1217 458 1278; x_wconf 92' lang='lat' dir='ltr'>et</span> <span class='ocrx_word' id='word_1_49' title='bbox 478 1216 565 1294; x_wconf 89' lang='lat' dir='ltr'>apud</span> <span class='ocrx_word' id='word_1_50' title='bbox 584 1217 772 1280; x_wconf 88' lang='lat' dir='ltr'>districtum</span> <span class='ocrx_word' id='word_1_51' title='bbox 783 1217 929 1294; x_wconf 88' lang='lat' dir='ltr'>judicem</span> <span class='ocrx_word' id='word_1_52' title='bbox 949 1217 1086 1294; x_wconf 87' lang='lat' dir='ltr'>praemia</span> 
     </span>
     <span class='ocr_line' id='line_1_10' title="bbox 295 1314 1084 1392; baseline 0.001 -17"><span class='ocrx_word' id='word_1_53' title='bbox 295 1315 430 1375; x_wconf 86' lang='lat' dir='ltr'>aeternae</span> <span class='ocrx_word' id='word_1_54' title='bbox 445 1315 536 1392; x_wconf 86' lang='lat' dir='ltr'>pacis</span> <span class='ocrx_word' id='word_1_55' title='bbox 551 1314 710 1378; x_wconf 86' lang='lat' dir='ltr'>inveniat.</span> <span class='ocrx_word' id='word_1_56' title='bbox 721 1317 837 1377; x_wconf 87' lang='lat' dir='ltr'>Amen.</span> <span class='ocrx_word' id='word_1_57' title='bbox 852 1316 970 1377; x_wconf 88' lang='lat' dir='ltr'>Datum</span> <span class='ocrx_word' id='word_1_58' title='bbox 983 1315 1084 1376; x_wconf 84' lang='lat' dir='ltr'>Late·</span> 
     </span>
     <span class='ocr_line' id='line_1_11' title="bbox 294 1411 1086 1488; baseline 0.001 -15"><span class='ocrx_word' id='word_1_59' title='bbox 294 1411 382 1485; x_wconf 87' lang='lat' dir='ltr'>rani,</span> <span class='ocrx_word' id='word_1_60' title='bbox 398 1426 457 1487; x_wconf 90' lang='lat' dir='ltr'>per</span> <span class='ocrx_word' id='word_1_61' title='bbox 470 1426 604 1474; x_wconf 88' lang='lat' dir='ltr'>manum</span> <span class='ocrx_word' id='word_1_62' title='bbox 615 1411 766 1488; x_wconf 83' lang='lat' dir='ltr'>magistri</span> <span class='ocrx_word' id='word_1_63' title='bbox 777 1412 949 1482; x_wconf 79' lang='lat' dir='ltr'>Guidonis</span> <span class='ocrx_word' id='word_1_64' title='bbox 961 1412 1086 1474; x_wconf 91' lang='lat' dir='ltr'>domini</span> 
     </span>
     <span class='ocr_line' id='line_1_12' title="bbox 294 1509 1086 1587; baseline 0.004 -18"><span class='ocrx_word' id='word_1_65' title='bbox 294 1524 389 1586; x_wconf 83' lang='lat' dir='ltr'>papae</span> <span class='ocrx_word' id='word_1_66' title='bbox 403 1509 537 1581; x_wconf 87' lang='lat' dir='ltr'>notarii,</span> <span class='ocrx_word' id='word_1_67' title='bbox 554 1510 670 1572; x_wconf 84' lang='lat' dir='ltr'>octavo</span> <span class='ocrx_word' id='word_1_68' title='bbox 683 1509 844 1572; x_wconf 85' lang='lat' dir='ltr'>kalendas</span> <span class='ocrx_word' id='word_1_69' title='bbox 858 1511 959 1587; x_wconf 73' lang='lat' dir='ltr'>iunii,</span> <span class='ocrx_word' id='word_1_70' title='bbox 976 1510 1086 1572; x_wconf 92' lang='lat' dir='ltr'>indic-</span> 
     </span>
     <span class='ocr_line' id='line_1_13' title="bbox 294 1605 1086 1678; baseline 0.005 -12"><span class='ocrx_word' id='word_1_71' title='bbox 294 1605 385 1667; x_wconf 84' lang='lat' dir='ltr'>tione</span> <span class='ocrx_word' id='word_1_72' title='bbox 419 1607 491 1678; x_wconf 84' lang='grc' dir='ltr'><strong>ΧΙΙ,</strong></span> <span class='ocrx_word' id='word_1_73' title='bbox 514 1607 758 1670; x_wconf 86' lang='lat' dir='ltr'>incarnationis</span> <span class='ocrx_word' id='word_1_74' title='bbox 788 1609 967 1670; x_wconf 83' lang='lat' dir='ltr'>Dominicae</span> <span class='ocrx_word' id='word_1_75' title='bbox 998 1623 1086 1670; x_wconf 90' lang='lat' dir='ltr'>anno</span> 
     </span>
     <span class='ocr_line' id='line_1_14' title="bbox 294 1703 1087 1780; baseline 0.003 -16"><span class='ocrx_word' id='word_1_76' title='bbox 294 1703 1087 1780; x_wconf 71' lang='lat' dir='ltr'>McoxxrvpontiuoatusverodommiHonorii</span> 
     </span>
     <span class='ocr_line' id='line_1_15' title="bbox 295 1801 696 1875; baseline 0.012 -17"><span class='ocrx_word' id='word_1_77' title='bbox 295 1813 391 1875; x_wconf 78' lang='lat' dir='ltr'>papa</span> <span class='ocrx_word' id='word_1_78' title='bbox 406 1801 452 1862; x_wconf 88' lang='lat'>111</span> <span class='ocrx_word' id='word_1_79' title='bbox 466 1816 556 1862; x_wconf 90' lang='lat' dir='ltr'>anno</span> <span class='ocrx_word' id='word_1_80' title='bbox 568 1803 696 1866; x_wconf 83' lang='lat' dir='ltr'>octavo.</span> 
     </span>
    </p>
   </div>
   <div class='ocr_carea' id='block_1_3' title="bbox 578 2107 805 2193">
    <p class='ocr_par' dir='ltr' id='par_1_3' title="bbox 578 2107 805 2193">
     <span class='ocr_line' id='line_1_16' title="bbox 578 2107 805 2193; baseline -0.004 0"><span class='ocrx_word' id='word_1_81' title='bbox 578 2107 805 2193; x_wconf 79' lang='lat' dir='ltr'>GGXXXHI</span> 
     </span>
    </p>
   </div>
   <div class='ocr_carea' id='block_1_4' title="bbox 325 2265 1055 2345">
    <p class='ocr_par' dir='ltr' id='par_1_4' title="bbox 325 2265 1055 2345">
     <span class='ocr_line' id='line_1_17' title="bbox 325 2265 1055 2345; baseline 0.007 -22"><span class='ocrx_word' id='word_1_82' title='bbox 325 2265 377 2324; x_wconf 85' lang='lat' dir='ltr'>Ad</span> <span class='ocrx_word' id='word_1_83' title='bbox 397 2266 564 2326; x_wconf 75' lang='lat' dir='ltr'>donarium</span> <span class='ocrx_word' id='word_1_84' title='bbox 576 2267 609 2326; x_wconf 86' lang='lat' dir='ltr'>et</span> <span class='ocrx_word' id='word_1_85' title='bbox 621 2269 807 2340; x_wconf 74' lang='lat' dir='ltr'>capitones</span> <span class='ocrx_word' id='word_1_86' title='bbox 818 2271 1055 2345; x_wconf 75' lang='lat' dir='ltr'>Legioneoscs.</span> 
     </span>
    </p>
   </div>
   <div class='ocr_carea' id='block_1_5' title="bbox 474 2407 908 2598">
    <p class='ocr_par' dir='ltr' id='par_1_5' title="bbox 474 2407 908 2598">
     <span class='ocr_line' id='line_1_18' title="bbox 586 2407 797 2466; baseline 0.014 -3"><span class='ocrx_word' id='word_1_87' title='bbox 586 2407 621 2464; x_wconf 71' lang='grc' dir='ltr'>ιι</span> <span class='ocrx_word' id='word_1_88' title='bbox 635 2409 703 2464; x_wconf 87' lang='lat' dir='ltr'>maii</span> <span class='ocrx_word' id='word_1_89' title='bbox 719 2409 797 2466; x_wconf 77' lang='lat' dir='ltr'>liii.</span> 
     </span>
     <span class='ocr_line' id='line_1_19' title="bbox 474 2499 908 2598; baseline 0.007 -18"><span class='ocrx_word' id='word_1_90' title='bbox 474 2529 588 2594; x_wconf 68' lang='lat' dir='ltr'>[sepina</span> <span class='ocrx_word' id='word_1_91' title='bbox 596 2499 713 2594; x_wconf 57' lang='lat' dir='ltr'>surana,</span> <span class='ocrx_word' id='word_1_92' title='bbox 726 2533 828 2592; x_wconf 81' lang='lat' dir='ltr'>xxxv,</span> <span class='ocrx_word' id='word_1_93' title='bbox 840 2532 908 2598; x_wconf 78' lang='lat' dir='ltr'>us]</span> 
     </span>
    </p>
   </div>
   <div class='ocr_carea' id='block_1_6' title="bbox 296 2652 1088 2979">
    <p class='ocr_par' dir='ltr' id='par_1_6' title="bbox 296 2652 1088 2979">
     <span class='ocr_line' id='line_1_20' title="bbox 296 2652 1085 2728; baseline 0.006 -18"><span class='ocrx_word' id='word_1_94' title='bbox 296 2652 439 2710; x_wconf 85' lang='lat' dir='ltr'>Honorius</span> <span class='ocrx_word' id='word_1_95' title='bbox 453 2655 493 2712; x_wconf 92' lang='lat'>111</span> <span class='ocrx_word' id='word_1_96' title='bbox 511 2655 677 2713; x_wconf 84' lang='lat' dir='ltr'>auctoritate</span> <span class='ocrx_word' id='word_1_97' title='bbox 691 2656 854 2728; x_wconf 70' lang='lat' dir='ltr'>apostolica</span> <span class='ocrx_word' id='word_1_98' title='bbox 867 2656 1016 2715; x_wconf 85' lang='lat' dir='ltr'>confirmat</span> <span class='ocrx_word' id='word_1_99' title='bbox 1032 2659 1085 2715; x_wconf 87' lang='lat' dir='ltr'>Eo·</span> 
     </span>
     <span class='ocr_line' id='line_1_21' title="bbox 330 2742 1086 2818; baseline 0.005 -20"><span class='ocrx_word' id='word_1_100' title='bbox 330 2742 620 2815; x_wconf 77' lang='lat' dir='ltr'>clesiaeLegionensis</span> <span class='ocrx_word' id='word_1_101' title='bbox 629 2743 859 2802; x_wconf 80' lang='lat' dir='ltr'>reformationem</span> <span class='ocrx_word' id='word_1_102' title='bbox 868 2760 918 2816; x_wconf 89' lang='lat' dir='ltr'>per</span> <span class='ocrx_word' id='word_1_103' title='bbox 928 2746 1086 2818; x_wconf 86' lang='lat' dir='ltr'>Pelagium,</span> 
     </span>
     <span class='ocr_line' id='line_1_22' title="bbox 331 2830 1088 2908; baseline 0.008 -23"><span class='ocrx_word' id='word_1_104' title='bbox 331 2830 496 2903; x_wconf 88' lang='lat' dir='ltr'>episcopum</span> <span class='ocrx_word' id='word_1_105' title='bbox 523 2831 725 2902; x_wconf 72' lang='lat' dir='ltr'>bibonensem,</span> <span class='ocrx_word' id='word_1_106' title='bbox 741 2848 778 2890; x_wconf 88' lang='lat' dir='ltr'>ex</span> <span class='ocrx_word' id='word_1_107' title='bbox 792 2833 921 2908; x_wconf 86' lang='lat' dir='ltr'>ejusdem</span> <span class='ocrx_word' id='word_1_108' title='bbox 946 2834 1088 2906; x_wconf 85' lang='lat' dir='ltr'>pontificis</span> 
     </span>
     <span class='ocr_line' id='line_1_23' title="bbox 330 2917 663 2979; baseline 0.015 -5"><span class='ocrx_word' id='word_1_109' title='bbox 330 2919 534 2976; x_wconf 83' lang='lat' dir='ltr'>commissione</span> <span class='ocrx_word' id='word_1_110' title='bbox 548 2917 663 2979; x_wconf 82' lang='lat' dir='ltr'>leolam.</span> 
     </span>
    </p>
   </div>
   <div class='ocr_carea' id='block_1_7' title="bbox 292 3055 1090 5760">
    <p class='ocr_par' dir='ltr' id='par_1_7' title="bbox 295 3055 1086 3328">
     <span class='ocr_line' id='line_1_24' title="bbox 335 3055 1086 3134; baseline 0.005 -18"><span class='ocrx_word' id='word_1_111' title='bbox 335 3055 501 3116; x_wconf 88' lang='lat' dir='ltr'>Honorius</span> <span class='ocrx_word' id='word_1_112' title='bbox 512 3057 697 3134; x_wconf 91' lang='lat' dir='ltr'>episcopus,</span> <span class='ocrx_word' id='word_1_113' title='bbox 710 3074 825 3120; x_wconf 87' lang='lat' dir='ltr'>servus</span> <span class='ocrx_word' id='word_1_114' title='bbox 836 3075 1006 3122; x_wconf 87' lang='lat' dir='ltr'>servorum</span> <span class='ocrx_word' id='word_1_115' title='bbox 1015 3059 1086 3132; x_wconf 89' lang='lat' dir='ltr'>Dei,</span> 
     </span>
     <span class='ocr_line' id='line_1_25' title="bbox 295 3152 1085 3232; baseline 0.008 -21"><span class='ocrx_word' id='word_1_116' title='bbox 295 3152 426 3214; x_wconf 90' lang='lat' dir='ltr'>dilectis</span> <span class='ocrx_word' id='word_1_117' title='bbox 439 3153 517 3214; x_wconf 86' lang='lat' dir='ltr'>tiliis</span> <span class='ocrx_word' id='word_1_118' title='bbox 530 3153 656 3215; x_wconf 90' lang='lat' dir='ltr'>decano</span> <span class='ocrx_word' id='word_1_119' title='bbox 671 3156 704 3216; x_wconf 93' lang='lat' dir='ltr'>et</span> <span class='ocrx_word' id='word_1_120' title='bbox 718 3157 862 3232; x_wconf 88' lang='lat' dir='ltr'>capitulo</span> <span class='ocrx_word' id='word_1_121' title='bbox 875 3157 1085 3232; x_wconf 86' lang='lat' dir='ltr'>Legionensi,</span> 
     </span>
     <span class='ocr_line' id='line_1_26' title="bbox 296 3248 1007 3328; baseline 0.006 -20"><span class='ocrx_word' id='word_1_122' title='bbox 296 3248 437 3310; x_wconf 89' lang='lat' dir='ltr'>salutem</span> <span class='ocrx_word' id='word_1_123' title='bbox 450 3251 483 3310; x_wconf 91' lang='lat' dir='ltr'>et</span> <span class='ocrx_word' id='word_1_124' title='bbox 497 3250 720 3326; x_wconf 72' lang='lat' dir='ltr'>apostolicam</span> <span class='ocrx_word' id='word_1_125' title='bbox 733 3251 1007 3328; x_wconf 66' lang='lat' dir='ltr'>benedictorem.</span> 
     </span>
    </p>

    <p class='ocr_par' dir='ltr' id='par_1_8' title="bbox 292 3345 1089 5370">
     <span class='ocr_line' id='line_1_27' title="bbox 337 3345 1088 3425; baseline 0.009 -21"><span class='ocrx_word' id='word_1_126' title='bbox 337 3346 417 3404; x_wconf 85' lang='lat' dir='ltr'>Cum</span> <span class='ocrx_word' id='word_1_127' title='bbox 433 3345 562 3407; x_wconf 88' lang='lat' dir='ltr'>dilectis</span> <span class='ocrx_word' id='word_1_128' title='bbox 582 3347 660 3407; x_wconf 85' lang='lat' dir='ltr'>filiis</span> <span class='ocrx_word' id='word_1_129' title='bbox 678 3348 913 3420; x_wconf 87' lang='lat' dir='ltr'>Thesaurario,</span> <span class='ocrx_word' id='word_1_130' title='bbox 930 3351 1088 3425; x_wconf 89' lang='lat' dir='ltr'>magistro</span> 
     </span>
     <span class='ocr_line' id='line_1_28' title="bbox 297 3442 1088 3520; baseline 0.005 -18"><span class='ocrx_word' id='word_1_131' title='bbox 297 3442 499 3514; x_wconf 88' lang='lat' dir='ltr'>scholarum,</span> <span class='ocrx_word' id='word_1_132' title='bbox 523 3445 555 3504; x_wconf 88' lang='lat' dir='ltr'>et</span> <span class='ocrx_word' id='word_1_133' title='bbox 568 3443 704 3520; x_wconf 84' lang='lat' dir='ltr'>AEgidio</span> <span class='ocrx_word' id='word_1_134' title='bbox 721 3447 882 3507; x_wconf 89' lang='lat' dir='ltr'>canonico</span> <span class='ocrx_word' id='word_1_135' title='bbox 897 3447 1088 3508; x_wconf 79' lang='lat' dir='ltr'>zamorensi</span> 
     </span>
     <span class='ocr_line' id='line_1_29' title="bbox 295 3539 1086 3624; baseline 0.006 -25"><span class='ocrx_word' id='word_1_136' title='bbox 295 3540 426 3601; x_wconf 88' lang='lat' dir='ltr'>nostras</span> <span class='ocrx_word' id='word_1_137' title='bbox 436 3539 585 3602; x_wconf 84' lang='lat' dir='ltr'>dedimus</span> <span class='ocrx_word' id='word_1_138' title='bbox 598 3541 727 3603; x_wconf 82' lang='lat' dir='ltr'>litteras</span> <span class='ocrx_word' id='word_1_139' title='bbox 737 3543 771 3602; x_wconf 92' lang='lat' dir='ltr'>in</span> <span class='ocrx_word' id='word_1_140' title='bbox 785 3543 961 3617; x_wconf 88' lang='lat' dir='ltr'>mandatis,</span> <span class='ocrx_word' id='word_1_141' title='bbox 975 3546 1010 3607; x_wconf 92' lang='lat' dir='ltr'>ut</span> <span class='ocrx_word' id='word_1_142' title='bbox 1020 3541 1086 3624; x_wconf 84' lang='lat' dir='ltr'>[ad]</span> 
     </span>
     <span class='ocr_line' id='line_1_30' title="bbox 295 3637 1089 3719; baseline 0.008 -22"><span class='ocrx_word' id='word_1_143' title='bbox 295 3637 534 3712; x_wconf 88' lang='lat' dir='ltr'>Legionensem</span> <span class='ocrx_word' id='word_1_144' title='bbox 558 3639 735 3700; x_wconf 89' lang='lat' dir='ltr'>ecclesiam</span> <span class='ocrx_word' id='word_1_145' title='bbox 757 3641 953 3704; x_wconf 90' lang='lat' dir='ltr'>accedentes</span> <span class='ocrx_word' id='word_1_146' title='bbox 976 3642 1089 3719; x_wconf 92' lang='lat' dir='ltr'>inqui-</span> 
     </span>
     <span class='ocr_line' id='line_1_31' title="bbox 293 3735 1089 3817; baseline 0.006 -24"><span class='ocrx_word' id='word_1_147' title='bbox 293 3735 408 3797; x_wconf 87' lang='lat' dir='ltr'>rerent</span> <span class='ocrx_word' id='word_1_148' title='bbox 417 3751 517 3812; x_wconf 90' lang='lat' dir='ltr'>super</span> <span class='ocrx_word' id='word_1_149' title='bbox 532 3737 654 3798; x_wconf 89' lang='lat' dir='ltr'>statum</span> <span class='ocrx_word' id='word_1_150' title='bbox 666 3737 772 3814; x_wconf 90' lang='lat' dir='ltr'>ipsius</span> <span class='ocrx_word' id='word_1_151' title='bbox 786 3738 948 3811; x_wconf 81' lang='lat' dir='ltr'>ecclesiae,</span> <span class='ocrx_word' id='word_1_152' title='bbox 966 3741 999 3801; x_wconf 90' lang='lat' dir='ltr'>et</span> <span class='ocrx_word' id='word_1_153' title='bbox 1013 3740 1089 3817; x_wconf 92' lang='lat' dir='ltr'>qui-</span> 
     </span>
     <span class='ocr_line' id='line_1_32' title="bbox 294 3830 1088 3911; baseline 0.008 -19"><span class='ocrx_word' id='word_1_154' title='bbox 294 3830 433 3894; x_wconf 90' lang='lat' dir='ltr'>busdam</span> <span class='ocrx_word' id='word_1_155' title='bbox 448 3850 521 3911; x_wconf 87' lang='lat' dir='ltr'>quae</span> <span class='ocrx_word' id='word_1_156' title='bbox 544 3835 720 3896; x_wconf 88' lang='lat' dir='ltr'>commissa</span> <span class='ocrx_word' id='word_1_157' title='bbox 745 3852 765 3897; x_wconf 99' lang='lat' dir='ltr'>a</span> <span class='ocrx_word' id='word_1_158' title='bbox 785 3835 970 3897; x_wconf 82' lang='lat' dir='ltr'>venerabili</span> <span class='ocrx_word' id='word_1_159' title='bbox 985 3836 1088 3898; x_wconf 84' lang='lat' dir='ltr'>tratre</span> 
     </span>
     <span class='ocr_line' id='line_1_33' title="bbox 294 3931 1085 4011; baseline 0.005 -21"><span class='ocrx_word' id='word_1_160' title='bbox 294 3931 408 3991; x_wconf 89' lang='lat' dir='ltr'>nostro</span> <span class='ocrx_word' id='word_1_161' title='bbox 449 3933 648 4006; x_wconf 85' lang='lat' dir='ltr'>Legionensi</span> <span class='ocrx_word' id='word_1_162' title='bbox 687 3933 842 4011; x_wconf 90' lang='lat' dir='ltr'>episcopo</span> <span class='ocrx_word' id='word_1_163' title='bbox 880 3933 1085 4006; x_wconf 84' lang='lat' dir='ltr'>dicebantur,</span> 
     </span>
     <span class='ocr_line' id='line_1_34' title="bbox 294 4025 1087 4108; baseline 0.008 -23"><span class='ocrx_word' id='word_1_164' title='bbox 294 4025 406 4098; x_wconf 86' lang='lat' dir='ltr'>iidem,</span> <span class='ocrx_word' id='word_1_165' title='bbox 419 4028 559 4090; x_wconf 86' lang='lat' dir='ltr'>veritate</span> <span class='ocrx_word' id='word_1_166' title='bbox 579 4045 732 4106; x_wconf 88' lang='lat' dir='ltr'>superea</span> <span class='ocrx_word' id='word_1_167' title='bbox 757 4030 949 4106; x_wconf 89' lang='lat' dir='ltr'>diligentius</span> <span class='ocrx_word' id='word_1_168' title='bbox 970 4032 1087 4108; x_wconf 89' lang='lat' dir='ltr'>inqui-</span> 
     </span>
     <span class='ocr_line' id='line_1_35' title="bbox 295 4121 1086 4204; baseline 0.013 -24"><span class='ocrx_word' id='word_1_169' title='bbox 295 4121 370 4194; x_wconf 77' lang='lat' dir='ltr'>sIta,</span> <span class='ocrx_word' id='word_1_170' title='bbox 388 4122 482 4184; x_wconf 91' lang='lat' dir='ltr'>nohis</span> <span class='ocrx_word' id='word_1_171' title='bbox 495 4124 556 4186; x_wconf 90' lang='lat' dir='ltr'>sub</span> <span class='ocrx_word' id='word_1_172' title='bbox 569 4126 689 4200; x_wconf 89' lang='lat' dir='ltr'>sigillis</span> <span class='ocrx_word' id='word_1_173' title='bbox 698 4128 779 4198; x_wconf 91' lang='lat' dir='ltr'>suis,</span> <span class='ocrx_word' id='word_1_174' title='bbox 790 4145 863 4204; x_wconf 91' lang='lat' dir='ltr'>quse</span> <span class='ocrx_word' id='word_1_175' title='bbox 878 4129 1086 4200; x_wconf 87' lang='lat' dir='ltr'>invenerant,</span> 
     </span>
     <span class='ocr_line' id='line_1_36' title="bbox 293 4218 1089 4302; baseline 0.009 -23"><span class='ocrx_word' id='word_1_176' title='bbox 293 4218 560 4282; x_wconf 90' lang='lat' dir='ltr'>transmiserunt.</span> <span class='ocrx_word' id='word_1_177' title='bbox 576 4223 739 4283; x_wconf 87' lang='lat' dir='ltr'>Praedicto</span> <span class='ocrx_word' id='word_1_178' title='bbox 756 4224 857 4299; x_wconf 86' lang='lat' dir='ltr'>igitur</span> <span class='ocrx_word' id='word_1_179' title='bbox 872 4226 1039 4302; x_wconf 88' lang='lat' dir='ltr'>episcopo,</span> <span class='ocrx_word' id='word_1_180' title='bbox 1057 4231 1089 4286; x_wconf 90' lang='lat' dir='ltr'>et</span> 
     </span>
     <span class='ocr_line' id='line_1_37' title="bbox 295 4316 1089 4398; baseline 0.009 -21"><span class='ocrx_word' id='word_1_181' title='bbox 295 4316 492 4394; x_wconf 90' lang='lat' dir='ltr'>quibusdam</span> <span class='ocrx_word' id='word_1_182' title='bbox 507 4317 585 4379; x_wconf 91' lang='lat' dir='ltr'>aliis</span> <span class='ocrx_word' id='word_1_183' title='bbox 596 4320 712 4380; x_wconf 90' lang='lat' dir='ltr'>contra</span> <span class='ocrx_word' id='word_1_184' title='bbox 723 4336 806 4397; x_wconf 89' lang='lat' dir='ltr'>quos</span> <span class='ocrx_word' id='word_1_185' title='bbox 822 4337 881 4398; x_wconf 90' lang='lat' dir='ltr'>per</span> <span class='ocrx_word' id='word_1_186' title='bbox 895 4322 1089 4398; x_wconf 92' lang='lat' dir='ltr'>inquisitio-</span> 
     </span>
     <span class='ocr_line' id='line_1_38' title="bbox 295 4416 1087 4496; baseline 0.006 -20"><span class='ocrx_word' id='word_1_187' title='bbox 295 4430 371 4476; x_wconf 90' lang='lat' dir='ltr'>nem</span> <span class='ocrx_word' id='word_1_188' title='bbox 380 4416 610 4492; x_wconf 88' lang='lat' dir='ltr'>principaliter</span> <span class='ocrx_word' id='word_1_189' title='bbox 620 4419 730 4478; x_wconf 90' lang='lat' dir='ltr'>actum</span> <span class='ocrx_word' id='word_1_190' title='bbox 741 4419 814 4479; x_wconf 89' lang='lat' dir='ltr'>erat</span> <span class='ocrx_word' id='word_1_191' title='bbox 827 4419 986 4481; x_wconf 88' lang='lat' dir='ltr'>innostra</span> <span class='ocrx_word' id='word_1_192' title='bbox 996 4435 1087 4496; x_wconf 87' lang='lat' dir='ltr'>prae·</span> 
     </span>
     <span class='ocr_line' id='line_1_39' title="bbox 295 4513 1089 4593; baseline 0.005 -22"><span class='ocrx_word' id='word_1_193' title='bbox 295 4513 403 4573; x_wconf 89' lang='lat' dir='ltr'>sentia</span> <span class='ocrx_word' id='word_1_194' title='bbox 423 4514 621 4586; x_wconf 91' lang='lat' dir='ltr'>constitutis,</span> <span class='ocrx_word' id='word_1_195' title='bbox 648 4530 708 4575; x_wconf 89' lang='lat' dir='ltr'>nos</span> <span class='ocrx_word' id='word_1_196' title='bbox 731 4530 922 4591; x_wconf 88' lang='lat' dir='ltr'>processum</span> <span class='ocrx_word' id='word_1_197' title='bbox 946 4515 1089 4593; x_wconf 87' lang='lat' dir='ltr'>inquisi-</span> 
     </span>
     <span class='ocr_line' id='line_1_40' title="bbox 292 4608 1087 4675; baseline 0.004 -6"><span class='ocrx_word' id='word_1_198' title='bbox 292 4608 394 4670; x_wconf 88' lang='lat' dir='ltr'>tionis</span> <span class='ocrx_word' id='word_1_199' title='bbox 424 4612 608 4673; x_wconf 86' lang='lat' dir='ltr'>venerabili</span> <span class='ocrx_word' id='word_1_200' title='bbox 643 4612 739 4674; x_wconf 84' lang='lat' dir='ltr'>tratri</span> <span class='ocrx_word' id='word_1_201' title='bbox 763 4614 877 4675; x_wconf 89' lang='lat' dir='ltr'>nostro</span> <span class='ocrx_word' id='word_1_202' title='bbox 907 4612 1087 4674; x_wconf 82' lang='lat' dir='ltr'>Albanensi</span> 
     </span>
     <span class='ocr_line' id='line_1_41' title="bbox 294 4706 1089 4787; baseline 0.006 -22"><span class='ocrx_word' id='word_1_203' title='bbox 294 4706 449 4783; x_wconf 90' lang='lat' dir='ltr'>episcopo</span> <span class='ocrx_word' id='word_1_204' title='bbox 463 4709 714 4783; x_wconf 87' lang='lat' dir='ltr'>committentes,</span> <span class='ocrx_word' id='word_1_205' title='bbox 728 4711 760 4771; x_wconf 90' lang='lat' dir='ltr'>ei</span> <span class='ocrx_word' id='word_1_206' title='bbox 775 4710 1000 4772; x_wconf 89' lang='lat' dir='ltr'>concessimus</span> <span class='ocrx_word' id='word_1_207' title='bbox 1016 4709 1089 4787; x_wconf 89' lang='lat' dir='ltr'>ple-</span> 
     </span>
     <span class='ocr_line' id='line_1_42' title="bbox 296 4802 1087 4884; baseline 0.008 -22"><span class='ocrx_word' id='word_1_208' title='bbox 296 4802 427 4864; x_wconf 87' lang='lat' dir='ltr'>nariam</span> <span class='ocrx_word' id='word_1_209' title='bbox 442 4807 648 4880; x_wconf 89' lang='lat' dir='ltr'>potestatem,</span> <span class='ocrx_word' id='word_1_210' title='bbox 666 4808 782 4869; x_wconf 87' lang='lat' dir='ltr'>uttam</span> <span class='ocrx_word' id='word_1_211' title='bbox 798 4809 839 4869; x_wconf 92' lang='lat' dir='ltr'>de</span> <span class='ocrx_word' id='word_1_212' title='bbox 853 4807 1087 4884; x_wconf 90' lang='lat' dir='ltr'>personatibus</span> 
     </span>
     <span class='ocr_line' id='line_1_43' title="bbox 293 4899 1089 4982; baseline 0.004 -20"><span class='ocrx_word' id='word_1_213' title='bbox 293 4901 328 4962; x_wconf 88' lang='lat' dir='ltr'>et</span> <span class='ocrx_word' id='word_1_214' title='bbox 341 4899 511 4962; x_wconf 84' lang='lat' dir='ltr'>beneflciis</span> <span class='ocrx_word' id='word_1_215' title='bbox 525 4904 746 4978; x_wconf 86' lang='lat' dir='ltr'>conferendis,</span> <span class='ocrx_word' id='word_1_216' title='bbox 768 4922 867 4982; x_wconf 92' lang='lat' dir='ltr'>quam</span> <span class='ocrx_word' id='word_1_217' title='bbox 883 4907 972 4968; x_wconf 90' lang='lat' dir='ltr'>circa</span> <span class='ocrx_word' id='word_1_218' title='bbox 997 4906 1089 4967; x_wconf 91' lang='lat' dir='ltr'>ordi-</span> 
     </span>
     <span class='ocr_line' id='line_1_44' title="bbox 294 4997 1089 5078; baseline 0.006 -18"><span class='ocrx_word' id='word_1_219' title='bbox 294 4997 463 5060; x_wconf 85' lang='lat' dir='ltr'>nationem</span> <span class='ocrx_word' id='word_1_220' title='bbox 479 5000 629 5062; x_wconf 86' lang='lat' dir='ltr'>ecclesiae</span> <span class='ocrx_word' id='word_1_221' title='bbox 640 5000 775 5074; x_wconf 84' lang='lat' dir='ltr'>taceret,</span> <span class='ocrx_word' id='word_1_222' title='bbox 787 5003 874 5078; x_wconf 92' lang='lat' dir='ltr'>quod</span> <span class='ocrx_word' id='word_1_223' title='bbox 889 5019 950 5066; x_wconf 88' lang='lat' dir='ltr'>sua</span> <span class='ocrx_word' id='word_1_224' title='bbox 960 5003 1089 5065; x_wconf 86' lang='lat' dir='ltr'>videret</span> 
     </span>
     <span class='ocr_line' id='line_1_45' title="bbox 295 5095 1088 5172; baseline 0.006 -16"><span class='ocrx_word' id='word_1_225' title='bbox 295 5095 451 5158; x_wconf 90' lang='lat' dir='ltr'>discretio</span> <span class='ocrx_word' id='word_1_226' title='bbox 472 5095 671 5158; x_wconf 87' lang='lat' dir='ltr'>laciendum.</span> <span class='ocrx_word' id='word_1_227' title='bbox 693 5099 756 5172; x_wconf 89' lang='lat' dir='ltr'>Qui</span> <span class='ocrx_word' id='word_1_228' title='bbox 780 5099 1025 5161; x_wconf 90' lang='lat' dir='ltr'>ordinationem</span> <span class='ocrx_word' id='word_1_229' title='bbox 1046 5098 1088 5160; x_wconf 91' lang='lat' dir='ltr'>ab</span> 
     </span>
     <span class='ocr_line' id='line_1_46' title="bbox 294 5193 1089 5266; baseline 0.003 -10"><span class='ocrx_word' id='word_1_230' title='bbox 294 5209 335 5256; x_wconf 91' lang='lat' dir='ltr'>eo</span> <span class='ocrx_word' id='word_1_231' title='bbox 354 5193 475 5256; x_wconf 84' lang='lat' dir='ltr'>iactam</span> <span class='ocrx_word' id='word_1_232' title='bbox 490 5195 525 5255; x_wconf 92' lang='lat' dir='ltr'>in</span> <span class='ocrx_word' id='word_1_233' title='bbox 547 5196 722 5266; x_wconf 74' lang='lat' dir='ltr'>nostrast</span> <span class='ocrx_word' id='word_1_234' title='bbox 745 5195 884 5258; x_wconf 81' lang='lat' dir='ltr'>fratrum</span> <span class='ocrx_word' id='word_1_235' title='bbox 899 5199 1089 5260; x_wconf 91' lang='lat' dir='ltr'>nostrorum</span> 
     </span>
     <span class='ocr_line' id='line_1_47' title="bbox 294 5293 920 5370; baseline 0.005 -18"><span class='ocrx_word' id='word_1_236' title='bbox 294 5293 450 5368; x_wconf 88' lang='lat' dir='ltr'>exposuit</span> <span class='ocrx_word' id='word_1_237' title='bbox 460 5293 651 5370; x_wconf 81' lang='lat' dir='ltr'>praesentia,</span> <span class='ocrx_word' id='word_1_238' title='bbox 668 5309 741 5370; x_wconf 88' lang='lat' dir='ltr'>quae</span> <span class='ocrx_word' id='word_1_239' title='bbox 756 5295 807 5355; x_wconf 88' lang='lat' dir='ltr'>est</span> <span class='ocrx_word' id='word_1_240' title='bbox 817 5294 895 5355; x_wconf 91' lang='lat' dir='ltr'>talis</span> <span class='ocrx_word' id='word_1_241' title='bbox 913 5311 920 5355; x_wconf 92' lang='lat'>:</span> 
     </span>
    </p>

    <p class='ocr_par' dir='ltr' id='par_1_9' title="bbox 295 5389 1090 5760">
     <span class='ocr_line' id='line_1_48' title="bbox 334 5389 1090 5466; baseline 0.001 -16"><span class='ocrx_word' id='word_1_242' title='bbox 334 5390 535 5466; x_wconf 80' lang='lat' dir='ltr'>«Pelagius,</span> <span class='ocrx_word' id='word_1_243' title='bbox 553 5390 768 5452; x_wconf 89' lang='lat' dir='ltr'>miseratione</span> <span class='ocrx_word' id='word_1_244' title='bbox 783 5389 896 5452; x_wconf 87' lang='lat' dir='ltr'>divina</span> <span class='ocrx_word' id='word_1_245' title='bbox 920 5391 1090 5452; x_wconf 85' lang='lat' dir='ltr'>Albanen-</span> 
     </span>
     <span class='ocr_line' id='line_1_49' title="bbox 295 5487 1089 5565; baseline 0.003 -17"><span class='ocrx_word' id='word_1_246' title='bbox 295 5487 342 5548; x_wconf 88' lang='lat' dir='ltr'>sis</span> <span class='ocrx_word' id='word_1_247' title='bbox 353 5488 538 5565; x_wconf 83' lang='lat' dir='ltr'>episcopus,</span> <span class='ocrx_word' id='word_1_248' title='bbox 556 5487 685 5549; x_wconf 86' lang='lat' dir='ltr'>dilectis</span> <span class='ocrx_word' id='word_1_249' title='bbox 701 5487 802 5550; x_wconf 89' lang='lat' dir='ltr'>sociis</span> <span class='ocrx_word' id='word_1_250' title='bbox 817 5489 886 5550; x_wconf 90' lang='lat' dir='ltr'>suis</span> <span class='ocrx_word' id='word_1_251' title='bbox 907 5489 1043 5560; x_wconf 90' lang='lat' dir='ltr'>decano,</span> <span class='ocrx_word' id='word_1_252' title='bbox 1057 5489 1089 5550; x_wconf 89' lang='lat' dir='ltr'>et</span> 
     </span>
     <span class='ocr_line' id='line_1_50' title="bbox 295 5583 1088 5661; baseline 0 -15"><span class='ocrx_word' id='word_1_253' title='bbox 295 5583 440 5661; x_wconf 90' lang='lat' dir='ltr'>capitulo</span> <span class='ocrx_word' id='word_1_254' title='bbox 455 5585 655 5661; x_wconf 85' lang='lat' dir='ltr'>Legionensi</span> <span class='ocrx_word' id='word_1_255' title='bbox 669 5585 821 5658; x_wconf 88' lang='lat' dir='ltr'>salutem,</span> <span class='ocrx_word' id='word_1_256' title='bbox 832 5587 865 5647; x_wconf 94' lang='lat' dir='ltr'>et</span> <span class='ocrx_word' id='word_1_257' title='bbox 879 5584 1019 5647; x_wconf 89' lang='lat' dir='ltr'>sincerae</span> <span class='ocrx_word' id='word_1_258' title='bbox 1034 5585 1088 5646; x_wconf 93' lang='lat' dir='ltr'>di-</span> 
     </span>
     <span class='ocr_line' id='line_1_51' title="bbox 295 5681 1087 5760; baseline 0.005 -20"><span class='ocrx_word' id='word_1_259' title='bbox 295 5681 448 5743; x_wconf 87' lang='lat' dir='ltr'>lectionis</span> <span class='ocrx_word' id='word_1_260' title='bbox 472 5682 638 5744; x_wconf 84' lang='lat' dir='ltr'>affectum.</span> <span class='ocrx_word' id='word_1_261' title='bbox 656 5683 816 5755; x_wconf 88' lang='lat' dir='ltr'>Quoniam</span> <span class='ocrx_word' id='word_1_262' title='bbox 836 5683 971 5760; x_wconf 85' lang='lat' dir='ltr'>propter</span> <span class='ocrx_word' id='word_1_263' title='bbox 984 5683 1087 5746; x_wconf 86' lang='lat' dir='ltr'>eilra-</span> 
     </span>
    </p>
   </div>
   <div class='ocr_carea' id='block_1_8' title="bbox 910 377 1324 441">
    <p class='ocr_par' dir='ltr' id='par_1_10' title="bbox 910 377 1324 441">
     <span class='ocr_line' id='line_1_52' title="bbox 910 377 1324 441; baseline 0.005 -3"><span class='ocrx_word' id='word_1_264' title='bbox 910 377 1087 440; x_wconf 83' lang='lat' dir='ltr'>HONORII</span> <span class='ocrx_word' id='word_1_265' title='bbox 1107 379 1154 440; x_wconf 90' lang='grc' dir='ltr'>ΙΙΙ</span> <span class='ocrx_word' id='word_1_266' title='bbox 1174 379 1324 441; x_wconf 78' lang='lat' dir='ltr'>OPERA.</span> 
     </span>
    </p>
   </div>
   <div class='ocr_carea' id='block_1_9' title="bbox 1087 2383 1926 2456">
    <p class='ocr_par' dir='ltr' id='par_1_11' title="bbox 1087 2383 1926 2456">
     <span class='ocr_line' id='line_1_53' title="bbox 1087 2383 1926 2456; baseline -0.001 -13"><span class='ocrx_word' id='word_1_267' title='bbox 1087 2394 1089 2398; x_wconf 82' lang='lat'>·</span> <span class='ocrx_word' id='word_1_268' title='bbox 1142 2383 1229 2456; x_wconf 89' lang='lat' dir='ltr'>dum,</span> <span class='ocrx_word' id='word_1_269' title='bbox 1247 2383 1407 2446; x_wconf 90' lang='lat' dir='ltr'>utnullus</span> <span class='ocrx_word' id='word_1_270' title='bbox 1432 2383 1472 2444; x_wconf 90' lang='lat' dir='ltr'>de</span> <span class='ocrx_word' id='word_1_271' title='bbox 1486 2383 1630 2444; x_wconf 87' lang='lat' dir='ltr'>caetero</span> <span class='ocrx_word' id='word_1_272' title='bbox 1622 2383 1799 2443; x_wconf 86' lang='lat' dir='ltr'>insocium</span> <span class='ocrx_word' id='word_1_273' title='bbox 1821 2383 1926 2444; x_wconf 82' lang='lat' dir='ltr'>eilra-</span> 
     </span>
    </p>
   </div>
   <div class='ocr_carea' id='block_1_10' title="bbox 1876 383 1929 442">
    <p class='ocr_par' dir='ltr' id='par_1_12' title="bbox 1876 383 1929 442">
     <span class='ocr_line' id='line_1_54' title="bbox 1876 383 1929 442; baseline 0 0"><span class='ocrx_word' id='word_1_274' title='bbox 1876 383 1929 442; x_wconf 77' lang='lat' dir='ltr'>ddi</span> 
     </span>
    </p>
   </div>
   <div class='ocr_carea' id='block_1_11' title="bbox 1138 536 1996 1100">
    <p class='ocr_par' dir='ltr' id='par_1_13' title="bbox 1138 497 1996 1100">
     <span class='ocr_line' id='line_1_55' title="bbox 1140 536 1930 617; baseline 0.002 -19"><span class='ocrx_word' id='word_1_275' title='bbox 1140 536 1544 614; x_wconf 84' lang='lat' dir='ltr'>natamportionariorum</span> <span class='ocrx_word' id='word_1_276' title='bbox 1556 537 1815 612; x_wconf 89' lang='lat' dir='ltr'>multitudinem,</span> <span class='ocrx_word' id='word_1_277' title='bbox 1829 554 1930 617; x_wconf 86' lang='lat' dir='ltr'>nequo</span> 
     </span>
     <span class='ocr_line' id='line_1_56' title="bbox 1138 633 1929 712; baseline 0.001 -16"><span class='ocrx_word' id='word_1_278' title='bbox 1138 635 1314 711; x_wconf 87' lang='lat' dir='ltr'>episcopus</span> <span class='ocrx_word' id='word_1_279' title='bbox 1348 633 1384 695; x_wconf 84' lang='lat' dir='ltr'>iri</span> <span class='ocrx_word' id='word_1_280' title='bbox 1423 633 1594 696; x_wconf 84' lang='lat' dir='ltr'>beneflciis</span> <span class='ocrx_word' id='word_1_281' title='bbox 1629 635 1738 712; x_wconf 88' lang='lat' dir='ltr'>potest</span> <span class='ocrx_word' id='word_1_282' title='bbox 1769 636 1929 697; x_wconf 83' lang='lat' dir='ltr'>universis</span> 
     </span>
     <span class='ocr_line' id='line_1_57' title="bbox 1140 730 1929 808; baseline 0.004 -17"><span class='ocrx_word' id='word_1_283' title='bbox 1140 731 1320 802; x_wconf 86' lang='lat' dir='ltr'>commode,</span> <span class='ocrx_word' id='word_1_284' title='bbox 1333 730 1432 807; x_wconf 92' lang='lat' dir='ltr'>prout</span> <span class='ocrx_word' id='word_1_285' title='bbox 1446 731 1591 808; x_wconf 88' lang='lat' dir='ltr'>expedit,</span> <span class='ocrx_word' id='word_1_286' title='bbox 1606 732 1795 808; x_wconf 83' lang='lat' dir='ltr'>providere,</span> <span class='ocrx_word' id='word_1_287' title='bbox 1817 749 1879 794; x_wconf 88' lang='lat' dir='ltr'>neo</span> <span class='ocrx_word' id='word_1_288' title='bbox 1892 733 1929 794; x_wconf 88' lang='lat' dir='ltr'>ad</span> 
     </span>
     <span class='ocr_line' id='line_1_58' title="bbox 1138 827 1930 907; baseline 0.004 -19"><span class='ocrx_word' id='word_1_289' title='bbox 1138 828 1262 889; x_wconf 86' lang='lat' dir='ltr'>victum</span> <span class='ocrx_word' id='word_1_290' title='bbox 1277 827 1506 904; x_wconf 89' lang='lat' dir='ltr'>quotidianum</span> <span class='ocrx_word' id='word_1_291' title='bbox 1517 844 1556 889; x_wconf 90' lang='lat' dir='ltr'>ea</span> <span class='ocrx_word' id='word_1_292' title='bbox 1573 828 1744 890; x_wconf 79' lang='lat' dir='ltr'>sufficiunt</span> <span class='ocrx_word' id='word_1_293' title='bbox 1747 846 1841 907; x_wconf 79' lang='lat' dir='ltr'>,quae</span> <span class='ocrx_word' id='word_1_294' title='bbox 1854 846 1930 907; x_wconf 91' lang='lat' dir='ltr'>quo-</span> 
     </span>
     <span class='ocr_line' id='line_1_59' title="bbox 1138 924 1929 988; baseline 0.003 -2"><span class='ocrx_word' id='word_1_295' title='bbox 1138 924 1220 986; x_wconf 88' lang='lat' dir='ltr'>tidie</span> <span class='ocrx_word' id='word_1_296' title='bbox 1231 925 1476 987; x_wconf 88' lang='lat' dir='ltr'>distribuuntur</span> <span class='ocrx_word' id='word_1_297' title='bbox 1490 927 1758 988; x_wconf 90' lang='lat' dir='ltr'>communiterde</span> <span class='ocrx_word' id='word_1_298' title='bbox 1769 928 1929 988; x_wconf 86' lang='lat' dir='ltr'>communi</span> 
     </span>
     <span class='ocr_line' id='line_1_60' title="bbox 1139 1015 1996 1100; baseline 0.006 -19"><span class='ocrx_word' id='word_1_299' title='bbox 1139 1037 1245 1097; x_wconf 91' lang='lat' dir='ltr'>pauca</span> <span class='ocrx_word' id='word_1_300' title='bbox 1258 1021 1346 1083; x_wconf 87' lang='lat' dir='ltr'>inter</span> <span class='ocrx_word' id='word_1_301' title='bbox 1356 1021 1517 1098; x_wconf 83' lang='lat' dir='ltr'>plurimos</span> <span class='ocrx_word' id='word_1_302' title='bbox 1533 1023 1721 1092; x_wconf 87' lang='lat' dir='ltr'>distributa,</span> <span class='ocrx_word' id='word_1_303' title='bbox 1745 1023 1840 1085; x_wconf 92' lang='lat' dir='ltr'>utin</span> <span class='ocrx_word' id='word_1_304' title='bbox 1858 1040 1930 1100; x_wconf 89' lang='lat' dir='ltr'>pos·</span> <span class='ocrx_word' id='word_1_305' title='bbox 1995 1015 1996 1084; x_wconf 80' lang='lat'>3</span> 
     </span>
    </p>
   </div>
   <div class='ocr_carea' id='block_1_12' title="bbox 1139 1119 1996 3038">
    <p class='ocr_par' dir='ltr' id='par_1_14' title="bbox 1139 1119 1996 3038">
     <span class='ocr_line' id='line_1_61' title="bbox 1143 1119 1930 1197; baseline 0 -17"><span class='ocrx_word' id='word_1_306' title='bbox 1143 1120 1247 1180; x_wconf 89' lang='lat' dir='ltr'>terum</span> <span class='ocrx_word' id='word_1_307' title='bbox 1261 1119 1476 1180; x_wconf 87' lang='lat' dir='ltr'>detractionis</span> <span class='ocrx_word' id='word_1_308' title='bbox 1487 1120 1649 1182; x_wconf 86' lang='lat' dir='ltr'>adversus</span> <span class='ocrx_word' id='word_1_309' title='bbox 1658 1120 1852 1197; x_wconf 90' lang='lat' dir='ltr'>episcopum</span> <span class='ocrx_word' id='word_1_310' title='bbox 1865 1121 1930 1180; x_wconf 83' lang='lat' dir='ltr'>sub</span> 
     </span>
     <span class='ocr_line' id='line_1_62' title="bbox 1139 1215 1930 1295; baseline 0 -17"><span class='ocrx_word' id='word_1_311' title='bbox 1139 1216 1294 1279; x_wconf 91' lang='lat' dir='ltr'>trahatur</span> <span class='ocrx_word' id='word_1_312' title='bbox 1309 1215 1461 1289; x_wconf 90' lang='lat' dir='ltr'>materia,</span> <span class='ocrx_word' id='word_1_313' title='bbox 1479 1219 1512 1280; x_wconf 90' lang='lat' dir='ltr'>et</span> <span class='ocrx_word' id='word_1_314' title='bbox 1537 1217 1590 1278; x_wconf 92' lang='lat' dir='ltr'>his</span> <span class='ocrx_word' id='word_1_315' title='bbox 1605 1219 1662 1295; x_wconf 89' lang='lat' dir='ltr'>qui</span> <span class='ocrx_word' id='word_1_316' title='bbox 1676 1218 1883 1294; x_wconf 87' lang='lat' dir='ltr'>recipiuntur</span> <span class='ocrx_word' id='word_1_317' title='bbox 1896 1219 1930 1278; x_wconf 91' lang='lat' dir='ltr'>de</span> 
     </span>
     <span class='ocr_line' id='line_1_63' title="bbox 1141 1312 1928 1390; baseline 0.003 -16"><span class='ocrx_word' id='word_1_318' title='bbox 1141 1329 1227 1376; x_wconf 84' lang='lat' dir='ltr'>noro</span> <span class='ocrx_word' id='word_1_319' title='bbox 1244 1313 1284 1376; x_wconf 89' lang='lat' dir='ltr'>de</span> <span class='ocrx_word' id='word_1_320' title='bbox 1295 1313 1418 1390; x_wconf 85' lang='lat' dir='ltr'>aequali</span> <span class='ocrx_word' id='word_1_321' title='bbox 1432 1312 1594 1376; x_wconf 81' lang='lat' dir='ltr'>beneficio</span> <span class='ocrx_word' id='word_1_322' title='bbox 1607 1314 1767 1376; x_wconf 90' lang='lat' dir='ltr'>certiores</span> <span class='ocrx_word' id='word_1_323' title='bbox 1780 1316 1928 1386; x_wconf 85' lang='lat' dir='ltr'>existant,</span> 
     </span>
     <span class='ocr_line' id='line_1_64' title="bbox 1140 1410 1931 1488; baseline 0 -16"><span class='ocrx_word' id='word_1_324' title='bbox 1140 1410 1931 1488; x_wconf 84' lang='lat' dir='ltr'>concessanobisasanctissimopatrenostroiio</span> 
     </span>
     <span class='ocr_line' id='line_1_65' title="bbox 1141 1505 1930 1587; baseline 0.003 -19"><span class='ocrx_word' id='word_1_325' title='bbox 1141 1507 1236 1570; x_wconf 92' lang='lat' dir='ltr'>norio</span> <span class='ocrx_word' id='word_1_326' title='bbox 1252 1523 1338 1584; x_wconf 90' lang='lat' dir='ltr'>papa</span> <span class='ocrx_word' id='word_1_327' title='bbox 1353 1510 1399 1568; x_wconf 91' lang='grc' dir='ltr'>ΙΙΙ</span> <span class='ocrx_word' id='word_1_328' title='bbox 1416 1505 1604 1587; x_wconf 75' lang='lat' dir='ltr'>[potestate]</span> <span class='ocrx_word' id='word_1_329' title='bbox 1622 1508 1801 1571; x_wconf 91' lang='lat' dir='ltr'>ordinandi</span> <span class='ocrx_word' id='word_1_330' title='bbox 1816 1510 1930 1570; x_wconf 88' lang='lat' dir='ltr'>statum</span> 
     </span>
     <span class='ocr_line' id='line_1_66' title="bbox 1140 1604 1929 1682; baseline 0 -16"><span class='ocrx_word' id='word_1_331' title='bbox 1140 1605 1358 1682; x_wconf 86' lang='lat' dir='ltr'>Legionensis</span> <span class='ocrx_word' id='word_1_332' title='bbox 1373 1604 1535 1678; x_wconf 79' lang='lat' dir='ltr'>ecclesiae,</span> <span class='ocrx_word' id='word_1_333' title='bbox 1550 1605 1583 1666; x_wconf 92' lang='lat' dir='ltr'>t</span> <span class='ocrx_word' id='word_1_334' title='bbox 1597 1604 1803 1667; x_wconf 83' lang='lat' dir='ltr'>reformandi</span> <span class='ocrx_word' id='word_1_335' title='bbox 1814 1622 1887 1682; x_wconf 84' lang='lat' dir='ltr'>quae</span> <span class='ocrx_word' id='word_1_336' title='bbox 1900 1607 1929 1666; x_wconf 92' lang='lat' dir='ltr'>in</span> 
     </span>
     <span class='ocr_line' id='line_1_67' title="bbox 1140 1701 1926 1780; baseline 0.003 -18"><span class='ocrx_word' id='word_1_337' title='bbox 1140 1703 1213 1780; x_wconf 87' lang='lat' dir='ltr'>ipsa</span> <span class='ocrx_word' id='word_1_338' title='bbox 1228 1703 1446 1764; x_wconf 89' lang='lat' dir='ltr'>correctionis</span> <span class='ocrx_word' id='word_1_339' title='bbox 1461 1702 1541 1763; x_wconf 92' lang='lat' dir='ltr'>lima</span> <span class='ocrx_word' id='word_1_340' title='bbox 1555 1701 1738 1764; x_wconf 83' lang='lat' dir='ltr'>uiderimus</span> <span class='ocrx_word' id='word_1_341' title='bbox 1755 1702 1926 1778; x_wconf 86' lang='lat' dir='ltr'>indigere:</span> 
     </span>
     <span class='ocr_line' id='line_1_68' title="bbox 1141 1800 1926 1878; baseline 0 -18"><span class='ocrx_word' id='word_1_342' title='bbox 1141 1800 1328 1872; x_wconf 70' lang='lat' dir='ltr'>statuimus</span> <span class='ocrx_word' id='word_1_343' title='bbox 1337 1800 1373 1861; x_wconf 91' lang='lat' dir='ltr'>ut</span> <span class='ocrx_word' id='word_1_344' title='bbox 1379 1803 1523 1877; x_wconf 83' lang='lat' dir='ltr'>maJores</span> <span class='ocrx_word' id='word_1_345' title='bbox 1531 1814 1683 1861; x_wconf 83' lang='lat' dir='ltr'>canonici</span> <span class='ocrx_word' id='word_1_346' title='bbox 1693 1815 1926 1878; x_wconf 84' lang='lat' dir='ltr'>quinquagesi</span> 
     </span>
     <span class='ocr_line' id='line_1_69' title="bbox 1141 1897 1996 1998; baseline -0.001 -40"><span class='ocrx_word' id='word_1_347' title='bbox 1141 1913 1241 1969; x_wconf 90' lang='lat' dir='ltr'>mum,</span> <span class='ocrx_word' id='word_1_348' title='bbox 1258 1897 1404 1959; x_wconf 87' lang='lat' dir='ltr'>minores</span> <span class='ocrx_word' id='word_1_349' title='bbox 1419 1912 1511 1968; x_wconf 85' lang='lat' dir='ltr'>vere,</span> <span class='ocrx_word' id='word_1_350' title='bbox 1523 1898 1581 1975; x_wconf 89' lang='lat' dir='ltr'>qui</span> <span class='ocrx_word' id='word_1_351' title='bbox 1592 1897 1793 1973; x_wconf 84' lang='lat' dir='ltr'>portionarii</span> <span class='ocrx_word' id='word_1_352' title='bbox 1808 1913 1927 1959; x_wconf 88' lang='lat' dir='ltr'>nuncu·</span> <span class='ocrx_word' id='word_1_353' title='bbox 1995 1917 1996 1998; x_wconf 87' lang='lat'>3</span> 
     </span>
     <span class='ocr_line' id='line_1_70' title="bbox 1141 1995 1925 2072; baseline -0.003 -17"><span class='ocrx_word' id='word_1_354' title='bbox 1141 1997 1272 2072; x_wconf 91' lang='lat' dir='ltr'>pantur,</span> <span class='ocrx_word' id='word_1_355' title='bbox 1289 1995 1485 2057; x_wconf 89' lang='lat' dir='ltr'>vicesimum</span> <span class='ocrx_word' id='word_1_356' title='bbox 1508 1995 1659 2071; x_wconf 91' lang='lat' dir='ltr'>quintum</span> <span class='ocrx_word' id='word_1_357' title='bbox 1681 2010 1854 2056; x_wconf 89' lang='lat' dir='ltr'>numerum</span> <span class='ocrx_word' id='word_1_358' title='bbox 1869 2011 1925 2056; x_wconf 92' lang='lat' dir='ltr'>non</span> 
     </span>
     <span class='ocr_line' id='line_1_71' title="bbox 1141 2091 1996 2188; baseline 0 -36"><span class='ocrx_word' id='word_1_359' title='bbox 1141 2091 1314 2153; x_wconf 85' lang='lat' dir='ltr'>excedant</span> <span class='ocrx_word' id='word_1_360' title='bbox 1332 2091 1415 2163; x_wconf 90' lang='lat' dir='ltr'>Quia</span> <span class='ocrx_word' id='word_1_361' title='bbox 1433 2107 1513 2154; x_wconf 86' lang='lat' dir='ltr'>vero</span> <span class='ocrx_word' id='word_1_362' title='bbox 1535 2092 1647 2168; x_wconf 90' lang='lat' dir='ltr'>plures</span> <span class='ocrx_word' id='word_1_363' title='bbox 1662 2093 1860 2168; x_wconf 86' lang='lat' dir='ltr'>portionarii</span> <span class='ocrx_word' id='word_1_364' title='bbox 1875 2107 1925 2152; x_wconf 89' lang='lat' dir='ltr'>re-</span> <span class='ocrx_word' id='word_1_365' title='bbox 1995 2107 1996 2188; x_wconf 89' lang='lat'>3</span> 
     </span>
     <span class='ocr_line' id='line_1_72' title="bbox 1141 2188 1996 2266; baseline -0.002 -17"><span class='ocrx_word' id='word_1_366' title='bbox 1141 2189 1310 2250; x_wconf 91' lang='lat' dir='ltr'>sidentes</span> <span class='ocrx_word' id='word_1_367' title='bbox 1300 2203 1336 2248; x_wconf 83' lang='grc' dir='ltr'>ιιι</span> <span class='ocrx_word' id='word_1_368' title='bbox 1357 2188 1472 2250; x_wconf 88' lang='lat' dir='ltr'>eadem</span> <span class='ocrx_word' id='word_1_369' title='bbox 1491 2189 1634 2250; x_wconf 89' lang='lat' dir='ltr'>ecclesia</span> <span class='ocrx_word' id='word_1_370' title='bbox 1659 2189 1872 2266; x_wconf 88' lang='lat' dir='ltr'>reperiuntur</span> <span class='ocrx_word' id='word_1_371' title='bbox 1890 2188 1924 2248; x_wconf 92' lang='lat' dir='ltr'>ad</span> <span class='ocrx_word' id='word_1_372' title='bbox 1995 2207 1996 2222; x_wconf 48' lang='grc' dir='ltr'>ι</span> 
     </span>
     <span class='ocr_line' id='line_1_73' title="bbox 1141 2285 1925 2362; baseline -0.001 -16"><span class='ocrx_word' id='word_1_373' title='bbox 1141 2301 1299 2362; x_wconf 87' lang='lat' dir='ltr'>praesens,</span> <span class='ocrx_word' id='word_1_374' title='bbox 1317 2285 1386 2346; x_wconf 92' lang='lat' dir='ltr'>irre</span> <span class='ocrx_word' id='word_1_375' title='bbox 1389 2285 1596 2361; x_wconf 84' lang='lat' dir='ltr'>ragabrlrter</span> <span class='ocrx_word' id='word_1_376' title='bbox 1606 2285 1761 2347; x_wconf 84' lang='lat' dir='ltr'>duximus</span> <span class='ocrx_word' id='word_1_377' title='bbox 1786 2286 1925 2348; x_wconf 90' lang='lat' dir='ltr'>statuen-</span> 
     </span>
     <span class='ocr_line' id='line_1_74' title="bbox 1141 2461 1923 2558; baseline -0.002 -16"><span class='ocrx_word' id='word_1_378' title='bbox 1141 2481 1225 2542; x_wconf 90' lang='lat' dir='ltr'>trem</span> <span class='ocrx_word' id='word_1_379' title='bbox 1240 2480 1422 2557; x_wconf 89' lang='lat' dir='ltr'>recipiatur</span> <span class='ocrx_word' id='word_1_380' title='bbox 1437 2481 1477 2542; x_wconf 90' lang='lat' dir='ltr'>de</span> <span class='ocrx_word' id='word_1_381' title='bbox 1501 2495 1599 2552; x_wconf 83' lang='lat' dir='ltr'>novo,</span> <span class='ocrx_word' id='word_1_382' title='bbox 1616 2461 1790 2558; x_wconf 86' lang='lat' dir='ltr'>quousque</span> <span class='ocrx_word' id='word_1_383' title='bbox 1805 2480 1923 2558; x_wconf 89' lang='lat' dir='ltr'>portio·</span> 
     </span>
     <span class='ocr_line' id='line_1_75' title="bbox 1142 2573 1996 2664; baseline -0.001 -27"><span class='ocrx_word' id='word_1_384' title='bbox 1142 2579 1228 2639; x_wconf 88' lang='lat' dir='ltr'>narii</span> <span class='ocrx_word' id='word_1_385' title='bbox 1246 2593 1334 2638; x_wconf 90' lang='lat' dir='ltr'>nunc</span> <span class='ocrx_word' id='word_1_386' title='bbox 1348 2577 1533 2640; x_wconf 91' lang='lat' dir='ltr'>residentes</span> <span class='ocrx_word' id='word_1_387' title='bbox 1546 2577 1586 2638; x_wconf 91' lang='lat' dir='ltr'>ad</span> <span class='ocrx_word' id='word_1_388' title='bbox 1603 2577 1800 2654; x_wconf 85' lang='lat' dir='ltr'>praedictum</span> <span class='ocrx_word' id='word_1_389' title='bbox 1820 2591 1926 2638; x_wconf 88' lang='lat' dir='ltr'>nume·</span> <span class='ocrx_word' id='word_1_390' title='bbox 1995 2573 1996 2664; x_wconf 88' lang='lat'>3</span> 
     </span>
     <span class='ocr_line' id='line_1_76' title="bbox 1143 2661 1996 2762; baseline -0.005 -26"><span class='ocrx_word' id='word_1_391' title='bbox 1143 2691 1217 2736; x_wconf 89' lang='lat' dir='ltr'>rum</span> <span class='ocrx_word' id='word_1_392' title='bbox 1229 2675 1436 2751; x_wconf 88' lang='lat' dir='ltr'>redigantur,</span> <span class='ocrx_word' id='word_1_393' title='bbox 1451 2690 1518 2735; x_wconf 93' lang='lat' dir='ltr'>non</span> <span class='ocrx_word' id='word_1_394' title='bbox 1536 2675 1734 2750; x_wconf 88' lang='lat' dir='ltr'>computatis</span> <span class='ocrx_word' id='word_1_395' title='bbox 1749 2674 1924 2736; x_wconf 85' lang='lat' dir='ltr'>forensibus</span> <span class='ocrx_word' id='word_1_396' title='bbox 1995 2661 1996 2762; x_wconf 88' lang='lat'>3</span> 
     </span>
     <span class='ocr_line' id='line_1_77' title="bbox 1142 2767 1996 2848; baseline -0.004 -16"><span class='ocrx_word' id='word_1_397' title='bbox 1142 2772 1177 2832; x_wconf 91' lang='lat' dir='ltr'>in</span> <span class='ocrx_word' id='word_1_398' title='bbox 1192 2773 1255 2834; x_wconf 92' lang='lat' dir='ltr'>hoc</span> <span class='ocrx_word' id='word_1_399' title='bbox 1270 2787 1419 2845; x_wconf 91' lang='lat' dir='ltr'>numero,</span> <span class='ocrx_word' id='word_1_400' title='bbox 1437 2773 1494 2848; x_wconf 92' lang='lat' dir='ltr'>qui</span> <span class='ocrx_word' id='word_1_401' title='bbox 1510 2788 1689 2848; x_wconf 88' lang='lat' dir='ltr'>nunquam,</span> <span class='ocrx_word' id='word_1_402' title='bbox 1706 2772 1760 2834; x_wconf 80' lang='lat' dir='ltr'>uel</span> <span class='ocrx_word' id='word_1_403' title='bbox 1773 2788 1850 2833; x_wconf 88' lang='lat' dir='ltr'>raro</span> <span class='ocrx_word' id='word_1_404' title='bbox 1864 2787 1921 2848; x_wconf 79' lang='lat' dir='ltr'>pen</span> <span class='ocrx_word' id='word_1_405' title='bbox 1995 2767 1996 2838; x_wconf 51' lang='lat' dir='ltr'>g</span> 
     </span>
     <span class='ocr_line' id='line_1_78' title="bbox 1143 2867 1996 2947; baseline -0.004 -17"><span class='ocrx_word' id='word_1_406' title='bbox 1143 2869 1270 2947; x_wconf 92' lang='lat' dir='ltr'>cipiunt</span> <span class='ocrx_word' id='word_1_407' title='bbox 1293 2870 1333 2930; x_wconf 94' lang='lat' dir='ltr'>de</span> <span class='ocrx_word' id='word_1_408' title='bbox 1349 2869 1527 2940; x_wconf 91' lang='lat' dir='ltr'>communi,</span> <span class='ocrx_word' id='word_1_409' title='bbox 1545 2869 1603 2929; x_wconf 90' lang='lat' dir='ltr'>sed</span> <span class='ocrx_word' id='word_1_410' title='bbox 1622 2869 1706 2945; x_wconf 87' lang='lat' dir='ltr'>ipsis</span> <span class='ocrx_word' id='word_1_411' title='bbox 1730 2869 1867 2931; x_wconf 89' lang='lat' dir='ltr'>sublatis</span> <span class='ocrx_word' id='word_1_412' title='bbox 1890 2867 1923 2928; x_wconf 90' lang='lat' dir='ltr'>de</span> <span class='ocrx_word' id='word_1_413' title='bbox 1995 2881 1996 2918; x_wconf 74' lang='lat'>1</span> 
     </span>
     <span class='ocr_line' id='line_1_79' title="bbox 1143 2964 1920 3038; baseline -0.005 -11"><span class='ocrx_word' id='word_1_414' title='bbox 1143 2967 1263 3038; x_wconf 92' lang='lat' dir='ltr'>medio,</span> <span class='ocrx_word' id='word_1_415' title='bbox 1278 2967 1391 3028; x_wconf 92' lang='lat' dir='ltr'>nullus</span> <span class='ocrx_word' id='word_1_416' title='bbox 1406 2967 1442 3027; x_wconf 91' lang='lat' dir='ltr'>in</span> <span class='ocrx_word' id='word_1_417' title='bbox 1457 2967 1566 3028; x_wconf 92' lang='lat' dir='ltr'>locum</span> <span class='ocrx_word' id='word_1_418' title='bbox 1575 2964 1799 3027; x_wconf 88' lang='lat' dir='ltr'>substituatur</span> <span class='ocrx_word' id='word_1_419' title='bbox 1808 2981 1920 3028; x_wconf 87' lang='lat' dir='ltr'>eorum.</span> 
     </span>
    </p>
   </div>
   <div class='ocr_carea' id='block_1_13' title="bbox 1131 3060 1924 3140">
    <p class='ocr_par' dir='ltr' id='par_1_15' title="bbox 1131 3060 1924 3140">
     <span class='ocr_line' id='line_1_80' title="bbox 1131 3060 1924 3140; baseline -0.006 -16"><span class='ocrx_word' id='word_1_420' title='bbox 1131 3063 1222 3124; x_wconf 82' lang='lat' dir='ltr'>&#39;Cum</span> <span class='ocrx_word' id='word_1_421' title='bbox 1234 3066 1345 3125; x_wconf 87' lang='lat' dir='ltr'>autem</span> <span class='ocrx_word' id='word_1_422' title='bbox 1358 3064 1398 3124; x_wconf 94' lang='lat' dir='ltr'>ad</span> <span class='ocrx_word' id='word_1_423' title='bbox 1415 3063 1609 3140; x_wconf 79' lang='lat' dir='ltr'>praedictum</span> <span class='ocrx_word' id='word_1_424' title='bbox 1625 3079 1801 3124; x_wconf 90' lang='lat' dir='ltr'>numerum</span> <span class='ocrx_word' id='word_1_425' title='bbox 1811 3060 1924 3124; x_wconf 89' lang='lat' dir='ltr'>redacti</span> 
     </span>
    </p>
   </div>
   <div class='ocr_carea' id='block_1_14' title="bbox 1140 3145 1996 5760">
    <p class='ocr_par' dir='ltr' id='par_1_16' title="bbox 1142 3145 1996 4300">
     <span class='ocr_line' id='line_1_81' title="bbox 1143 3145 1996 3236; baseline -0.005 -15"><span class='ocrx_word' id='word_1_426' title='bbox 1143 3160 1276 3232; x_wconf 85' lang='lat' dir='ltr'>luerint,</span> <span class='ocrx_word' id='word_1_427' title='bbox 1308 3160 1419 3236; x_wconf 89' lang='lat' dir='ltr'>aliquo</span> <span class='ocrx_word' id='word_1_428' title='bbox 1448 3159 1627 3220; x_wconf 90' lang='lat' dir='ltr'>decedente</span> <span class='ocrx_word' id='word_1_429' title='bbox 1659 3159 1730 3220; x_wconf 87' lang='lat' dir='ltr'>sive</span> <span class='ocrx_word' id='word_1_430' title='bbox 1762 3159 1921 3226; x_wconf 88' lang='lat' dir='ltr'>canonico,</span> <span class='ocrx_word' id='word_1_431' title='bbox 1995 3145 1996 3232; x_wconf 50' lang='grc' dir='ltr'><strong>ᾗ</strong></span> 
     </span>
     <span class='ocr_line' id='line_1_82' title="bbox 1144 3241 1996 3335; baseline 0 -17"><span class='ocrx_word' id='word_1_432' title='bbox 1144 3259 1214 3320; x_wconf 86' lang='lat' dir='ltr'>sive</span> <span class='ocrx_word' id='word_1_433' title='bbox 1229 3257 1445 3335; x_wconf 91' lang='lat' dir='ltr'>portionario,</span> <span class='ocrx_word' id='word_1_434' title='bbox 1472 3257 1559 3318; x_wconf 89' lang='lat' dir='ltr'>alius</span> <span class='ocrx_word' id='word_1_435' title='bbox 1575 3257 1797 3318; x_wconf 88' lang='lat' dir='ltr'>substituatur</span> <span class='ocrx_word' id='word_1_436' title='bbox 1816 3256 1921 3324; x_wconf 89' lang='lat' dir='ltr'>eidem,</span> <span class='ocrx_word' id='word_1_437' title='bbox 1995 3241 1996 3318; x_wconf 58' lang='grc' dir='ltr'><strong>ἶ</strong></span> 
     </span>
     <span class='ocr_line' id='line_1_83' title="bbox 1143 3354 1996 3432; baseline -0.006 -17"><span class='ocrx_word' id='word_1_438' title='bbox 1143 3355 1188 3418; x_wconf 90' lang='lat' dir='ltr'>ita</span> <span class='ocrx_word' id='word_1_439' title='bbox 1216 3355 1301 3432; x_wconf 93' lang='lat' dir='ltr'>quod</span> <span class='ocrx_word' id='word_1_440' title='bbox 1328 3369 1486 3414; x_wconf 89' lang='lat' dir='ltr'>numerus</span> <span class='ocrx_word' id='word_1_441' title='bbox 1514 3355 1719 3430; x_wconf 85' lang='lat' dir='ltr'>praetaxatus</span> <span class='ocrx_word' id='word_1_442' title='bbox 1747 3354 1925 3415; x_wconf 88' lang='lat' dir='ltr'>nullatenus</span> <span class='ocrx_word' id='word_1_443' title='bbox 1995 3379 1996 3390; x_wconf 35' lang='grc' dir='ltr'>ι</span> 
     </span>
     <span class='ocr_line' id='line_1_84' title="bbox 1143 3448 1996 3538; baseline -0.006 -26"><span class='ocrx_word' id='word_1_444' title='bbox 1143 3451 1334 3513; x_wconf 85' lang='lat' dir='ltr'>excedatur.</span> <span class='ocrx_word' id='word_1_445' title='bbox 1357 3451 1407 3512; x_wconf 87' lang='lat' dir='ltr'>Ad</span> <span class='ocrx_word' id='word_1_446' title='bbox 1430 3451 1502 3511; x_wconf 74' lang='lat' dir='ltr'>haec</span> <span class='ocrx_word' id='word_1_447' title='bbox 1532 3451 1806 3527; x_wconf 89' lang='lat' dir='ltr'>quotiescumque</span> <span class='ocrx_word' id='word_1_448' title='bbox 1835 3448 1925 3512; x_wconf 90' lang='lat' dir='ltr'>alicui</span> <span class='ocrx_word' id='word_1_449' title='bbox 1995 3453 1996 3538; x_wconf 71' lang='lat'>3</span> 
     </span>
     <span class='ocr_line' id='line_1_85' title="bbox 1143 3543 1996 3625; baseline -0.006 -16"><span class='ocrx_word' id='word_1_450' title='bbox 1143 3548 1286 3611; x_wconf 88' lang='lat' dir='ltr'>utilitate</span> <span class='ocrx_word' id='word_1_451' title='bbox 1301 3547 1462 3619; x_wconf 83' lang='lat' dir='ltr'>ecclesiae,</span> <span class='ocrx_word' id='word_1_452' title='bbox 1478 3547 1533 3608; x_wconf 86' lang='lat' dir='ltr'>vel</span> <span class='ocrx_word' id='word_1_453' title='bbox 1547 3547 1675 3608; x_wconf 87' lang='lat' dir='ltr'>meritis</span> <span class='ocrx_word' id='word_1_454' title='bbox 1690 3547 1783 3607; x_wconf 91' lang='lat' dir='ltr'>illius</span> <span class='ocrx_word' id='word_1_455' title='bbox 1800 3547 1855 3625; x_wconf 91' lang='lat' dir='ltr'>qui</span> <span class='ocrx_word' id='word_1_456' title='bbox 1875 3561 1925 3606; x_wconf 89' lang='lat' dir='ltr'>re·</span> <span class='ocrx_word' id='word_1_457' title='bbox 1995 3543 1996 3604; x_wconf 70' lang='grc' dir='ltr'>ἰ</span> 
     </span>
     <span class='ocr_line' id='line_1_86' title="bbox 1143 3643 1996 3722; baseline -0.008 -15"><span class='ocrx_word' id='word_1_458' title='bbox 1143 3646 1265 3722; x_wconf 90' lang='lat' dir='ltr'>cipitur</span> <span class='ocrx_word' id='word_1_459' title='bbox 1279 3643 1499 3721; x_wconf 82' lang='lat' dir='ltr'>exigentibus,</span> <span class='ocrx_word' id='word_1_460' title='bbox 1522 3644 1630 3719; x_wconf 93' lang='lat' dir='ltr'>portio</span> <span class='ocrx_word' id='word_1_461' title='bbox 1645 3643 1846 3716; x_wconf 85' lang='lat' dir='ltr'>conteretur,</span> <span class='ocrx_word' id='word_1_462' title='bbox 1862 3657 1925 3704; x_wconf 90' lang='lat' dir='ltr'>cum</span> <span class='ocrx_word' id='word_1_463' title='bbox 1995 3651 1996 3700; x_wconf 75' lang='grc' dir='ltr'>ι</span> 
     </span>
     <span class='ocr_line' id='line_1_87' title="bbox 1142 3740 1996 3821; baseline -0.001 -18"><span class='ocrx_word' id='word_1_464' title='bbox 1142 3743 1215 3821; x_wconf 88' lang='lat' dir='ltr'>ipsa</span> <span class='ocrx_word' id='word_1_465' title='bbox 1230 3743 1382 3820; x_wconf 92' lang='lat' dir='ltr'>portione</span> <span class='ocrx_word' id='word_1_466' title='bbox 1396 3741 1431 3802; x_wconf 92' lang='lat' dir='ltr'>in</span> <span class='ocrx_word' id='word_1_467' title='bbox 1446 3741 1531 3812; x_wconf 89' lang='lat' dir='ltr'>loco,</span> <span class='ocrx_word' id='word_1_468' title='bbox 1543 3741 1596 3802; x_wconf 82' lang='lat' dir='ltr'>vel</span> <span class='ocrx_word' id='word_1_469' title='bbox 1608 3740 1771 3802; x_wconf 85' lang='lat' dir='ltr'>beneficio</span> <span class='ocrx_word' id='word_1_470' title='bbox 1784 3742 1858 3818; x_wconf 91' lang='lat' dir='ltr'>plus</span> <span class='ocrx_word' id='word_1_471' title='bbox 1871 3756 1924 3802; x_wconf 85' lang='lat' dir='ltr'>ra·</span> <span class='ocrx_word' id='word_1_472' title='bbox 1995 3771 1996 3780; x_wconf 31' lang='grc' dir='ltr'>ι</span> 
     </span>
     <span class='ocr_line' id='line_1_88' title="bbox 1142 3837 1996 3918; baseline -0.005 -17"><span class='ocrx_word' id='word_1_473' title='bbox 1142 3842 1234 3914; x_wconf 91' lang='lat' dir='ltr'>lenti,</span> <span class='ocrx_word' id='word_1_474' title='bbox 1247 3840 1365 3916; x_wconf 86' lang='lat' dir='ltr'>viginti</span> <span class='ocrx_word' id='word_1_475' title='bbox 1376 3837 1470 3900; x_wconf 90' lang='lat' dir='ltr'>aurei</span> <span class='ocrx_word' id='word_1_476' title='bbox 1484 3837 1698 3914; x_wconf 90' lang='lat' dir='ltr'>assignentur</span> <span class='ocrx_word' id='word_1_477' title='bbox 1706 3837 1825 3899; x_wconf 90' lang='lat' dir='ltr'>eidem.</span> <span class='ocrx_word' id='word_1_478' title='bbox 1834 3841 1926 3899; x_wconf 86' lang='lat' dir='ltr'>Gaete-</span> <span class='ocrx_word' id='word_1_479' title='bbox 1995 3839 1996 3918; x_wconf 61' lang='grc' dir='ltr'>ζ</span> 
     </span>
     <span class='ocr_line' id='line_1_89' title="bbox 1142 3931 1996 4028; baseline -0.008 -30"><span class='ocrx_word' id='word_1_480' title='bbox 1142 3953 1216 3998; x_wconf 90' lang='lat' dir='ltr'>rum</span> <span class='ocrx_word' id='word_1_481' title='bbox 1228 3935 1426 4011; x_wconf 89' lang='lat' dir='ltr'>utepiscopo</span> <span class='ocrx_word' id='word_1_482' title='bbox 1438 3933 1479 3995; x_wconf 92' lang='lat' dir='ltr'>de</span> <span class='ocrx_word' id='word_1_483' title='bbox 1490 3933 1798 4010; x_wconf 84' lang='lat' dir='ltr'>praedictonumero</span> <span class='ocrx_word' id='word_1_484' title='bbox 1811 3931 1926 4010; x_wconf 88' lang='lat' dir='ltr'>aliquid</span> <span class='ocrx_word' id='word_1_485' title='bbox 1995 3939 1996 4028; x_wconf 91' lang='lat'>3</span> 
     </span>
     <span class='ocr_line' id='line_1_90' title="bbox 1142 4029 1996 4110; baseline -0.007 -17"><span class='ocrx_word' id='word_1_486' title='bbox 1142 4031 1323 4102; x_wconf 89' lang='lat' dir='ltr'>minuendi,</span> <span class='ocrx_word' id='word_1_487' title='bbox 1341 4032 1374 4092; x_wconf 91' lang='lat' dir='ltr'>et</span> <span class='ocrx_word' id='word_1_488' title='bbox 1387 4031 1453 4103; x_wconf 91' lang='lat' dir='ltr'>his,</span> <span class='ocrx_word' id='word_1_489' title='bbox 1465 4030 1522 4107; x_wconf 92' lang='lat' dir='ltr'>qui</span> <span class='ocrx_word' id='word_1_490' title='bbox 1534 4029 1752 4106; x_wconf 90' lang='lat' dir='ltr'>recipiuntur,</span> <span class='ocrx_word' id='word_1_491' title='bbox 1765 4030 1926 4092; x_wconf 79' lang='lat' dir='ltr'>auferatur</span> <span class='ocrx_word' id='word_1_492' title='bbox 1995 4037 1996 4110; x_wconf 82' lang='lat'>3</span> 
     </span>
     <span class='ocr_line' id='line_1_91' title="bbox 1142 4117 1996 4204; baseline -0.007 -14"><span class='ocrx_word' id='word_1_493' title='bbox 1142 4129 1282 4190; x_wconf 89' lang='lat' dir='ltr'>materia</span> <span class='ocrx_word' id='word_1_494' title='bbox 1308 4126 1547 4200; x_wconf 90' lang='lat' dir='ltr'>murmurandi,</span> <span class='ocrx_word' id='word_1_495' title='bbox 1576 4127 1749 4188; x_wconf 89' lang='lat' dir='ltr'>statuendo</span> <span class='ocrx_word' id='word_1_496' title='bbox 1777 4125 1924 4204; x_wconf 87' lang='lat' dir='ltr'>praecipi·</span> <span class='ocrx_word' id='word_1_497' title='bbox 1995 4117 1996 4142; x_wconf 64' lang='lat'>³</span> 
     </span>
     <span class='ocr_line' id='line_1_92' title="bbox 1143 4221 1924 4300; baseline -0.008 -14"><span class='ocrx_word' id='word_1_498' title='bbox 1143 4241 1227 4298; x_wconf 90' lang='lat' dir='ltr'>mus,</span> <span class='ocrx_word' id='word_1_499' title='bbox 1242 4225 1279 4286; x_wconf 92' lang='lat' dir='ltr'>ut</span> <span class='ocrx_word' id='word_1_500' title='bbox 1291 4225 1489 4286; x_wconf 85' lang='lat' dir='ltr'>beneficium</span> <span class='ocrx_word' id='word_1_501' title='bbox 1501 4225 1621 4300; x_wconf 83' lang='lat' dir='ltr'>viginti</span> <span class='ocrx_word' id='word_1_502' title='bbox 1631 4240 1752 4286; x_wconf 88' lang='lat' dir='ltr'>aureos</span> <span class='ocrx_word' id='word_1_503' title='bbox 1764 4225 1879 4286; x_wconf 83' lang='lat' dir='ltr'>ualens</span> <span class='ocrx_word' id='word_1_504' title='bbox 1891 4221 1924 4283; x_wconf 91' lang='lat' dir='ltr'>ad</span> 
     </span>
    </p>

    <p class='ocr_par' dir='ltr' id='par_1_17' title="bbox 1140 4321 1996 4496">
     <span class='ocr_line' id='line_1_93' title="bbox 1143 4321 1996 4398; baseline -0.006 -15"><span class='ocrx_word' id='word_1_505' title='bbox 1143 4324 1253 4383; x_wconf 91' lang='lat' dir='ltr'>minus</span> <span class='ocrx_word' id='word_1_506' title='bbox 1269 4321 1457 4383; x_wconf 87' lang='lat' dir='ltr'>sitcuilibet</span> <span class='ocrx_word' id='word_1_507' title='bbox 1471 4322 1615 4398; x_wconf 90' lang='lat' dir='ltr'>portioni</span> <span class='ocrx_word' id='word_1_508' title='bbox 1627 4321 1805 4394; x_wconf 85' lang='lat' dir='ltr'>adnexum,</span> <span class='ocrx_word' id='word_1_509' title='bbox 1822 4323 1854 4384; x_wconf 92' lang='lat' dir='ltr'>et</span> <span class='ocrx_word' id='word_1_510' title='bbox 1865 4322 1925 4398; x_wconf 87' lang='lat' dir='ltr'>ipso</span> <span class='ocrx_word' id='word_1_511' title='bbox 1995 4367 1996 4390; x_wconf 73' lang='lat'>,</span> 
     </span>
     <span class='ocr_line' id='line_1_94' title="bbox 1140 4417 1926 4496; baseline -0.006 -16"><span class='ocrx_word' id='word_1_512' title='bbox 1140 4423 1216 4496; x_wconf 89' lang='lat' dir='ltr'>jure</span> <span class='ocrx_word' id='word_1_513' title='bbox 1231 4435 1304 4480; x_wconf 90' lang='lat' dir='ltr'>cum</span> <span class='ocrx_word' id='word_1_514' title='bbox 1319 4420 1470 4495; x_wconf 89' lang='lat' dir='ltr'>portione</span> <span class='ocrx_word' id='word_1_515' title='bbox 1482 4418 1524 4479; x_wconf 90' lang='lat' dir='ltr'>ad</span> <span class='ocrx_word' id='word_1_516' title='bbox 1537 4419 1781 4494; x_wconf 90' lang='lat' dir='ltr'>portionarium</span> <span class='ocrx_word' id='word_1_517' title='bbox 1794 4417 1926 4482; x_wconf 88' lang='lat' dir='ltr'>transle-</span> 
     </span>
    </p>

    <p class='ocr_par' dir='ltr' id='par_1_18' title="bbox 1142 4516 1996 5081">
     <span class='ocr_line' id='line_1_95' title="bbox 1142 4516 1996 4584; baseline -0.007 -7"><span class='ocrx_word' id='word_1_518' title='bbox 1142 4519 1247 4579; x_wconf 88' lang='lat' dir='ltr'>ratur.</span> <span class='ocrx_word' id='word_1_519' title='bbox 1275 4519 1340 4578; x_wconf 90' lang='lat' dir='ltr'>Per</span> <span class='ocrx_word' id='word_1_520' title='bbox 1366 4516 1429 4577; x_wconf 90' lang='lat' dir='ltr'>hoc</span> <span class='ocrx_word' id='word_1_521' title='bbox 1452 4517 1563 4578; x_wconf 89' lang='lat' dir='ltr'>autem</span> <span class='ocrx_word' id='word_1_522' title='bbox 1596 4516 1756 4577; x_wconf 88' lang='lat' dir='ltr'>statutum</span> <span class='ocrx_word' id='word_1_523' title='bbox 1783 4517 1925 4578; x_wconf 89' lang='lat' dir='ltr'>nolumus</span> <span class='ocrx_word' id='word_1_524' title='bbox 1995 4531 1996 4584; x_wconf 76' lang='lat'>3</span> 
     </span>
     <span class='ocr_line' id='line_1_96' title="bbox 1143 4603 1996 4691; baseline -0.007 -15"><span class='ocrx_word' id='word_1_525' title='bbox 1143 4613 1289 4691; x_wconf 88' lang='lat' dir='ltr'>episcopi</span> <span class='ocrx_word' id='word_1_526' title='bbox 1304 4613 1499 4690; x_wconf 90' lang='lat' dir='ltr'>potestatem</span> <span class='ocrx_word' id='word_1_527' title='bbox 1520 4613 1654 4684; x_wconf 89' lang='lat' dir='ltr'>arctari,</span> <span class='ocrx_word' id='word_1_528' title='bbox 1672 4613 1754 4689; x_wconf 92' lang='lat' dir='ltr'>quin</span> <span class='ocrx_word' id='word_1_529' title='bbox 1773 4614 1809 4674; x_wconf 92' lang='lat' dir='ltr'>in</span> <span class='ocrx_word' id='word_1_530' title='bbox 1829 4613 1924 4674; x_wconf 87' lang='lat' dir='ltr'>beno·</span> <span class='ocrx_word' id='word_1_531' title='bbox 1995 4603 1996 4690; x_wconf 50' lang='grc' dir='ltr'><strong>Ῠ</strong></span> 
     </span>
     <span class='ocr_line' id='line_1_97' title="bbox 1143 4708 1996 4787; baseline -0.006 -15"><span class='ocrx_word' id='word_1_532' title='bbox 1143 4711 1218 4772; x_wconf 88' lang='lat' dir='ltr'>licio</span> <span class='ocrx_word' id='word_1_533' title='bbox 1231 4710 1385 4787; x_wconf 89' lang='lat' dir='ltr'>ampliori</span> <span class='ocrx_word' id='word_1_534' title='bbox 1412 4711 1523 4772; x_wconf 89' lang='lat' dir='ltr'>valeat</span> <span class='ocrx_word' id='word_1_535' title='bbox 1544 4710 1751 4786; x_wconf 90' lang='lat' dir='ltr'>portionario</span> <span class='ocrx_word' id='word_1_536' title='bbox 1771 4711 1829 4787; x_wconf 90' lang='lat' dir='ltr'>qui</span> <span class='ocrx_word' id='word_1_537' title='bbox 1848 4708 1925 4770; x_wconf 88' lang='lat' dir='ltr'>reci·</span> <span class='ocrx_word' id='word_1_538' title='bbox 1995 4711 1996 4754; x_wconf 55' lang='grc' dir='ltr'>ι</span> 
     </span>
     <span class='ocr_line' id='line_1_98' title="bbox 1143 4805 1996 4886; baseline -0.008 -16"><span class='ocrx_word' id='word_1_539' title='bbox 1143 4809 1242 4886; x_wconf 88' lang='lat' dir='ltr'>pitur,</span> <span class='ocrx_word' id='word_1_540' title='bbox 1259 4808 1365 4884; x_wconf 89' lang='lat' dir='ltr'>ipsius</span> <span class='ocrx_word' id='word_1_541' title='bbox 1378 4807 1525 4884; x_wconf 90' lang='lat' dir='ltr'>pensatis</span> <span class='ocrx_word' id='word_1_542' title='bbox 1538 4808 1665 4869; x_wconf 89' lang='lat' dir='ltr'>meritis</span> <span class='ocrx_word' id='word_1_543' title='bbox 1681 4807 1867 4882; x_wconf 84' lang='lat' dir='ltr'>providere,</span> <span class='ocrx_word' id='word_1_544' title='bbox 1885 4805 1924 4865; x_wconf 85' lang='lat' dir='ltr'>ita</span> <span class='ocrx_word' id='word_1_545' title='bbox 1995 4813 1996 4884; x_wconf 27' lang='grc' dir='ltr'>ζ</span> 
     </span>
     <span class='ocr_line' id='line_1_99' title="bbox 1143 4903 1996 4984; baseline -0.004 -17"><span class='ocrx_word' id='word_1_546' title='bbox 1143 4905 1228 4984; x_wconf 93' lang='lat' dir='ltr'>quod</span> <span class='ocrx_word' id='word_1_547' title='bbox 1245 4905 1476 4980; x_wconf 89' lang='lat' dir='ltr'>argumentum</span> <span class='ocrx_word' id='word_1_548' title='bbox 1504 4919 1548 4966; x_wconf 85' lang='lat' dir='ltr'>ex</span> <span class='ocrx_word' id='word_1_549' title='bbox 1562 4903 1764 4966; x_wconf 85' lang='lat' dir='ltr'>liberalitate</span> <span class='ocrx_word' id='word_1_550' title='bbox 1779 4905 1924 4965; x_wconf 88' lang='lat' dir='ltr'>collatum</span> <span class='ocrx_word' id='word_1_551' title='bbox 1995 4953 1996 4964; x_wconf 70' lang='grc'>,</span> 
     </span>
     <span class='ocr_line' id='line_1_100' title="bbox 1143 5001 1925 5081; baseline -0.006 -17"><span class='ocrx_word' id='word_1_552' title='bbox 1143 5002 1287 5081; x_wconf 89' lang='lat' dir='ltr'>portioni</span> <span class='ocrx_word' id='word_1_553' title='bbox 1300 5001 1489 5063; x_wconf 90' lang='lat' dir='ltr'>nullatenus</span> <span class='ocrx_word' id='word_1_554' title='bbox 1512 5003 1555 5064; x_wconf 89' lang='lat' dir='ltr'>sit</span> <span class='ocrx_word' id='word_1_555' title='bbox 1568 5017 1747 5062; x_wconf 85' lang='lat' dir='ltr'>annexum.</span> <span class='ocrx_word' id='word_1_556' title='bbox 1765 5004 1812 5063; x_wconf 87' lang='lat' dir='ltr'>De</span> <span class='ocrx_word' id='word_1_557' title='bbox 1835 5015 1925 5078; x_wconf 81' lang='lat' dir='ltr'>pras·</span> 
     </span>
    </p>

    <p class='ocr_par' dir='ltr' id='par_1_19' title="bbox 1142 5098 1925 5176">
     <span class='ocr_line' id='line_1_101' title="bbox 1142 5098 1925 5176; baseline -0.008 -15"><span class='ocrx_word' id='word_1_558' title='bbox 1142 5100 1290 5162; x_wconf 90' lang='lat' dir='ltr'>timoniis</span> <span class='ocrx_word' id='word_1_559' title='bbox 1306 5099 1576 5176; x_wconf 86' lang='lat' dir='ltr'>veromajoribus</span> <span class='ocrx_word' id='word_1_560' title='bbox 1588 5098 1925 5174; x_wconf 86' lang='lat' dir='ltr'>canonicisassiguan·</span> 
     </span>
    </p>

    <p class='ocr_par' dir='ltr' id='par_1_20' title="bbox 1143 5190 1924 5273">
     <span class='ocr_line' id='line_1_102' title="bbox 1143 5190 1924 5273; baseline -0.012 -14"><span class='ocrx_word' id='word_1_561' title='bbox 1143 5199 1194 5259; x_wconf 87' lang='lat' dir='ltr'>dis</span> <span class='ocrx_word' id='word_1_562' title='bbox 1211 5198 1274 5257; x_wconf 87' lang='lat' dir='ltr'>hoc</span> <span class='ocrx_word' id='word_1_563' title='bbox 1290 5196 1493 5268; x_wconf 90' lang='lat' dir='ltr'>discretioni,</span> <span class='ocrx_word' id='word_1_564' title='bbox 1518 5197 1551 5258; x_wconf 88' lang='lat' dir='ltr'>et</span> <span class='ocrx_word' id='word_1_565' title='bbox 1572 5195 1768 5258; x_wconf 89' lang='lat' dir='ltr'>liberalitati</span> <span class='ocrx_word' id='word_1_566' title='bbox 1792 5190 1924 5273; x_wconf 88' lang='lat' dir='ltr'>episcopi</span> 
     </span>
    </p>

    <p class='ocr_par' dir='ltr' id='par_1_21' title="bbox 1142 5291 1996 5566">
     <span class='ocr_line' id='line_1_103' title="bbox 1143 5291 1996 5370; baseline -0.006 -15"><span class='ocrx_word' id='word_1_567' title='bbox 1143 5295 1298 5356; x_wconf 83' lang='lat' dir='ltr'>duximus</span> <span class='ocrx_word' id='word_1_568' title='bbox 1312 5291 1577 5369; x_wconf 88' lang='lat' dir='ltr'>relinquendum,</span> <span class='ocrx_word' id='word_1_569' title='bbox 1588 5293 1656 5369; x_wconf 92' lang='lat' dir='ltr'>qui,</span> <span class='ocrx_word' id='word_1_570' title='bbox 1668 5293 1818 5370; x_wconf 89' lang='lat' dir='ltr'>pensatis</span> <span class='ocrx_word' id='word_1_571' title='bbox 1831 5295 1924 5369; x_wconf 84' lang='lat' dir='ltr'>cujus·</span> <span class='ocrx_word' id='word_1_572' title='bbox 1995 5309 1996 5320; x_wconf 55' lang='lat'>¹</span> 
     </span>
     <span class='ocr_line' id='line_1_104' title="bbox 1142 5389 1996 5470; baseline -0.011 -16"><span class='ocrx_word' id='word_1_573' title='bbox 1142 5409 1207 5470; x_wconf 89' lang='lat' dir='ltr'>que</span> <span class='ocrx_word' id='word_1_574' title='bbox 1222 5390 1360 5461; x_wconf 89' lang='lat' dir='ltr'>meritis,</span> <span class='ocrx_word' id='word_1_575' title='bbox 1378 5405 1437 5466; x_wconf 89' lang='lat' dir='ltr'>pro</span> <span class='ocrx_word' id='word_1_576' title='bbox 1459 5389 1653 5452; x_wconf 87' lang='lat' dir='ltr'>meritorum</span> <span class='ocrx_word' id='word_1_577' title='bbox 1680 5391 1848 5466; x_wconf 83' lang='lat' dir='ltr'>exigentia</span> <span class='ocrx_word' id='word_1_578' title='bbox 1873 5389 1925 5448; x_wconf 88' lang='lat' dir='ltr'>ho·</span> <span class='ocrx_word' id='word_1_579' title='bbox 1995 5417 1996 5460; x_wconf 59' lang='grc' dir='ltr'>ι</span> 
     </span>
     <span class='ocr_line' id='line_1_105' title="bbox 1143 5487 1923 5566; baseline -0.012 -14"><span class='ocrx_word' id='word_1_580' title='bbox 1143 5492 1236 5553; x_wconf 89' lang='lat' dir='ltr'>neste</span> <span class='ocrx_word' id='word_1_581' title='bbox 1249 5488 1385 5551; x_wconf 88' lang='lat' dir='ltr'>cuilibet</span> <span class='ocrx_word' id='word_1_582' title='bbox 1398 5488 1595 5566; x_wconf 88' lang='lat' dir='ltr'>providebit,</span> <span class='ocrx_word' id='word_1_583' title='bbox 1619 5487 1801 5564; x_wconf 88' lang='lat' dir='ltr'>prudenter</span> <span class='ocrx_word' id='word_1_584' title='bbox 1824 5487 1923 5548; x_wconf 89' lang='lat' dir='ltr'>atten-</span> 
     </span>
    </p>

    <p class='ocr_par' dir='ltr' id='par_1_22' title="bbox 1143 5586 1924 5670">
     <span class='ocr_line' id='line_1_106' title="bbox 1143 5586 1924 5670; baseline -0.012 -22"><span class='ocrx_word' id='word_1_585' title='bbox 1143 5589 1236 5659; x_wconf 88' lang='lat' dir='ltr'>dens,</span> <span class='ocrx_word' id='word_1_586' title='bbox 1266 5601 1309 5648; x_wconf 90' lang='lat' dir='ltr'>ue</span> <span class='ocrx_word' id='word_1_587' title='bbox 1331 5587 1381 5670; x_wconf 86' lang='lat' dir='ltr'>tot</span> <span class='ocrx_word' id='word_1_588' title='bbox 1406 5587 1439 5648; x_wconf 89' lang='lat' dir='ltr'>et</span> <span class='ocrx_word' id='word_1_589' title='bbox 1455 5587 1549 5648; x_wconf 89' lang='lat' dir='ltr'>tanta</span> <span class='ocrx_word' id='word_1_590' title='bbox 1572 5586 1608 5647; x_wconf 91' lang='lat' dir='ltr'>in</span> <span class='ocrx_word' id='word_1_591' title='bbox 1635 5600 1735 5646; x_wconf 90' lang='lat' dir='ltr'>unam</span> <span class='ocrx_word' id='word_1_592' title='bbox 1761 5594 1924 5662; x_wconf 88' lang='lat' dir='ltr'>personam</span> 
     </span>
    </p>

    <p class='ocr_par' dir='ltr' id='par_1_23' title="bbox 1144 5677 1924 5760">
     <span class='ocr_line' id='line_1_107' title="bbox 1144 5677 1924 5760; baseline -0.018 -12"><span class='ocrx_word' id='word_1_593' title='bbox 1144 5683 1304 5760; x_wconf 87' lang='lat' dir='ltr'>congerat</span> <span class='ocrx_word' id='word_1_594' title='bbox 1334 5682 1506 5751; x_wconf 82' lang='lat' dir='ltr'>beneficia,</span> <span class='ocrx_word' id='word_1_595' title='bbox 1533 5680 1620 5742; x_wconf 91' lang='lat' dir='ltr'>unde</span> <span class='ocrx_word' id='word_1_596' title='bbox 1650 5680 1710 5742; x_wconf 90' lang='lat' dir='ltr'>alii</span> <span class='ocrx_word' id='word_1_597' title='bbox 1743 5677 1924 5758; x_wconf 88' lang='lat' dir='ltr'>scrupuloso</span> 
     </span>
    </p>
   </div>
   <div class='ocr_carea' id='block_1_15' title="bbox 0 0 2011 6340">
    <p class='ocr_par' dir='ltr' id='par_1_24' title="bbox 0 0 2011 6340">
     <span class='ocr_line' id='line_1_108' title="bbox 0 0 2011 6340; baseline 0 0"><span class='ocrx_word' id='word_1_598' title='bbox 0 0 2011 6340; x_wconf 95' lang='lat' dir='ltr'> </span> 
     </span>
    </p>
   </div>
  </div>
 </body>
</html>
