4108 6328
135 378 195 438 953

133 535 276 596 beantur
292 534 447 611 deinceps
468 552 585 597 manus
600 537 787 598 temerariae
808 537 928 600 formi-

135 632 213 692 dine
229 633 375 702 ultionis,
393 649 474 710 quos
494 635 553 693 Dei
570 634 621 694 vel
638 636 764 706 nostra,
782 651 841 696 seu
857 636 928 695 fra-

135 732 224 790 trum
240 730 427 791 nostrorum
447 731 634 791 reverentia
653 747 720 792 non
736 732 876 793 coercet.
896 732 930 792 Si

136 828 212 904 quis
237 843 317 889 vero
341 827 392 888 vel
417 843 546 904 perse,
572 829 625 890 vel
641 829 828 905 paralium,
844 829 931 906 quod

136 925 235 996 absit,
253 925 410 986 occiderit
429 925 643 998 cardinalem,
667 927 720 986 vel
745 927 931 988 evidentem

136 1021 265 1082 dederit
276 1038 409 1082 causam
420 1025 546 1094 mortis,
558 1024 750 1100 ultraquam
760 1025 931 1103 praemissa

135 1120 340 1187 contineant,
354 1121 401 1180 sic
413 1121 446 1180 in
460 1137 533 1180 eum
551 1123 695 1198 potestas
705 1122 931 1199 juridictionis

135 1216 300 1292 insurgat,
330 1218 378 1278 sic
404 1218 496 1292 rigor
519 1218 654 1279 ultionis
678 1219 817 1287 insiliat,
845 1218 931 1296 quod

136 1314 255 1375 contra
270 1315 346 1376 vitae
367 1314 550 1374 subsidium
572 1316 686 1377 mortis
702 1317 858 1378 solatium
873 1317 930 1377 in-

136 1411 250 1482 vocet,
275 1412 392 1472 vivens
413 1428 519 1487 poenae
543 1428 609 1473 non
635 1415 751 1490 culpae,
778 1414 931 1474 vindictae

137 1508 308 1584 speculum
321 1524 388 1570 non
405 1509 553 1570 offensae.

178 1609 277 1666 «Per
299 1606 370 1667 baec
389 1622 520 1683 quoque
544 1607 761 1669 saecularibus
786 1609 933 1685 potesta-

136 1701 226 1764 tibus
239 1719 305 1764 non
325 1703 500 1765 adimimus
514 1703 703 1766 facultatem
721 1705 834 1767 utendi
848 1706 934 1782 legi-

135 1800 198 1861 bus
224 1803 338 1862 contra
354 1802 448 1873 tales,
467 1819 549 1878 quas
564 1803 726 1864 adversus
751 1805 932 1879 sacrilegos

136 1898 298 1959 Catholici
320 1899 487 1976 principes
516 1899 700 1962 ediderunt.
732 1903 811 1973 Quis
844 1902 932 1962 enim

136 1995 231 2056 locus
260 1997 434 2071 regiminis
466 1997 587 2074 poterit
619 2013 692 2058 esse
723 1999 832 2060 tntusl
853 2001 932 2069 Quis

134 2095 249 2155 rector
257 2094 435 2155 securitate
445 2094 612 2169 gaudebit,
624 2096 652 2156 si
664 2099 757 2157 Rom.
772 2097 930 2169 Ecclesia,

137 2207 211 2266 quae
236 2193 383 2252 omnium
403 2193 632 2260 ecclesiarum,
654 2194 849 2270 disponente
868 2198 934 2255 Do-

138 2285 243 2360 mino,
259 2290 357 2365 caput
383 2289 433 2350 est
457 2290 488 2351 et
512 2290 683 2365 magistra,
705 2291 836 2352 casibus
860 2292 934 2352 istis

137 2385 335 2462 suinciturf
355 2387 389 2446 Si
404 2389 476 2462 ejus
490 2387 547 2446 filii
566 2388 934 2471 specialesbujusmodi

136 2484 297 2560 periculis
321 2486 549 2560 exponunturl
577 2487 678 2557 Quem
705 2487 861 2548 Ecclesiae
889 2487 932 2546 fr-

137 2581 232 2650 lium,
246 2597 342 2659 quem
354 2583 431 2643 fidet
441 2583 618 2644 zelatorem
630 2585 828 2646 contumelia
841 2585 934 2646 tanta

137 2694 206 2739 non
228 2681 390 2753 tangeret,
415 2681 447 2740 et
471 2679 620 2741 confusio
643 2682 710 2742 tam
733 2697 852 2758 aspera
869 2698 934 2741 non

137 2777 304 2837 moveret?
323 2779 427 2837 Porro
453 2778 508 2854 qui
531 2777 620 2838 filius
643 2780 704 2850 est,
727 2780 860 2850 dolebit,
879 2781 936 2855 qui

138 2873 936 2954 tidelis,matreiideilaesa,laedetur.Quapropter

139 2972 170 3031 si
190 2971 354 3048 princeps,
381 2973 525 3043 senator,
546 2973 674 3041 consul,
701 2975 857 3050 potestas,
883 2973 936 3035 vel

138 3067 227 3128 alius
243 3069 406 3142 dominus,
424 3085 483 3129 seu
499 3072 617 3142 rector,
642 3087 850 3148 quocumque
875 3088 936 3132 no-

139 3167 230 3226 mine
246 3169 434 3238 conseatur,
450 3168 563 3229 contra
580 3171 836 3246 praesumptores
851 3187 937 3246 prae-

140 3261 258 3333 dictos
295 3265 468 3340 praesentis
501 3265 752 3326 constitutionis
787 3266 936 3328 tenorem

140 3376 210 3420 non
232 3359 350 3422 fecerit
369 3361 551 3434 observari,
567 3364 635 3424 tam
656 3364 726 3440 ipse
745 3379 843 3440 quam
863 3364 938 3424 offi-

142 3457 246 3518 ciales
266 3457 371 3533 ipsius
393 3459 480 3520 infra
502 3476 661 3532 mensem,
686 3462 858 3538 postquam
883 3477 937 3522 res

141 3554 185 3616 ad
207 3557 358 3616 notitiam
384 3573 498 3617 eorum
523 3559 722 3634 pervenerit,
747 3575 939 3620 excommu-

143 3653 314 3714 nicatione
337 3656 478 3716 notetur.
506 3657 596 3726 Quod
624 3657 653 3715 si
677 3656 817 3732 populus
839 3657 939 3716 fuerit

142 3751 232 3811 circa
260 3751 322 3812 ista
348 3751 521 3822 remissus,
549 3753 642 3812 etad
666 3753 938 3814 satisfaciendum

141 3850 289 3909 rectores
312 3851 344 3909 et
366 3849 527 3909 officiales
550 3852 621 3926 ejus
651 3865 717 3909 non
744 3849 940 3926 compulerit

143 3947 238 4006 Rom.
257 3945 411 4006 Pontifex
426 3963 500 4007 cum
519 3947 588 4008 suis
605 3945 763 4009 fratribus
786 3947 938 4008 omnibus

143 4043 232 4104 infra
249 4059 397 4104 mensem
419 4046 527 4116 exeat,
552 4045 580 4105 si
605 4061 680 4105 eum
695 4045 817 4106 ibidem
832 4047 939 4106 conti-

142 4141 230 4218 gerit
257 4143 336 4202 tunc
360 4143 504 4216 morari3
531 4146 564 4204 et
590 4145 766 4219 antequam
790 4143 939 4220 plenarie

143 4239 287 4300 satisfiat
320 4239 456 4300 minime
490 4243 687 4314 revertatur,
723 4242 789 4302 nisi
823 4241 938 4302 forsan

144 4336 348 4398 inevitabilis
364 4337 520 4399 Ecclesiae
536 4339 717 4399 necessitas
738 4339 938 4407 immineret,

143 4435 279 4512 propter
300 4451 398 4510 quam
418 4436 526 4496 exitus
547 4439 618 4512 ejus
634 4437 666 4496 et
685 4435 825 4496 fratrum
849 4437 941 4513 peri-

146 4531 279 4592 culosus
306 4531 523 4609 proculdubio
544 4533 747 4593 redderetur.
775 4535 940 4594 Praeterea

146 4628 175 4688 si
197 4629 339 4705 populus
363 4629 525 4689 rectorem
548 4630 596 4690 sic
618 4629 940 4691 excommunicatum

145 4725 243 4786 tertio
277 4726 432 4796 monitus,
463 4725 549 4787 sicut
580 4726 701 4802 poterit
725 4727 938 4798 commoneri,

146 4837 167 4884 a
193 4823 355 4898 regimine
387 4839 542 4884 amovere
574 4824 829 4899 contempserit,
863 4825 942 4884 sub-

143 4919 282 4997 jiciatur
312 4920 430 4980 civitas
463 4921 641 4982 interdicto
665 4936 835 4998 usquequo
862 4937 942 4982 oon-

147 5033 230 5092 grue
251 5016 446 5078 satisfaciat.

188 5131 206 5174 t<
220 5116 337 5175 Datum
349 5115 463 5186 Reate,
478 5115 640 5176 kalendas
656 5116 851 5188 decembris,
866 5133 943 5193 pon-

148 5211 293 5273 tificatus
307 5213 411 5272 nostri
425 5228 512 5273 anno
529 5211 668 5275 decimo.
686 5231 704 5273 v

759 377 986 441 EPISTOLAE.
1011 377 1089 439 nte.
1113 377 1153 438 X.

1340 569 1428 656 LVI

986 725 1038 784 Ad
1050 723 1277 798 praepositum
1290 723 1322 782 et
1339 721 1527 794 capitutum
1544 723 1579 780 S.
1594 723 1784 784 Dovzutiani

1066 823 1270 896 Erupeusta
1289 821 1514 881 Tornuceasis
1534 822 1700 880 dtoecests.

1234 950 1269 1007 ΞΟ
1288 950 1421 1007 novemb.
1444 949 1523 1007 ttae.

1003 1075 1123 1138 [Regest.,
1144 1073 1188 1123 lib.
1202 1073 1235 1135 X,
1246 1073 1318 1137 epist.
1333 1073 1386 1121 ilfi.
1403 1075 1459 1122 llss.
1480 1071 1516 1122 La
1531 1075 1606 1122 Porta
1626 1074 1660 1122 du
1673 1073 1766 1137 Theti]

986 1199 1130 1256 anoteos
1145 1199 1338 1272 provisionem
1354 1213 1369 1254 a
1385 1199 1519 1272 pontifice
1531 1200 1559 1254 in
1576 1198 1703 1256 favorem
1719 1215 1779 1256 ma-

1022 1288 1105 1359 gistri
1125 1287 1240 1344 ltoberti
1254 1287 1360 1356 clerici,
1377 1285 1527 1358 praebenda
1549 1287 1578 1342 ln
1594 1287 1719 1360 ipsorum
1734 1303 1780 1344 ec-

1021 1377 1108 1433 clesia
1124 1373 1303 1450 providendi,
1319 1373 1423 1432 faciant
1439 1373 1559 1432 fideliter
1574 1375 1739 1433 observare.

1027 1513 1195 1574 Honorius
1206 1513 1393 1588 episcopus,
1402 1525 1518 1572 servus
1530 1527 1702 1574 servorum
1711 1513 1782 1582 Dei,

988 1609 1119 1672 dilectis
1134 1609 1251 1670 liliis...
1264 1609 1453 1686 praeposito,
1466 1611 1499 1668 et
1514 1609 1659 1684 capitulo
1668 1610 1782 1671 Sancti

987 1706 1164 1768 Donatiani
1178 1706 1369 1782 Brugensis,
1379 1705 1599 1768 Tornacensis
1612 1706 1779 1778 dioecesis,

988 1805 1128 1866 salutem
1143 1804 1176 1866 et
1189 1804 1413 1880 Apostolicam
1427 1803 1702 1865 benedictionem.
1814 1793 1821 1814 ‘

1028 1902 1174 1965 Dilectus
1185 1902 1273 1962 lilius
1288 1901 1447 1978 magister
1463 1901 1627 1963 Robertus
1638 1901 1792 1974 clericus¹

988 2000 1023 2061 in
1046 2001 1160 2062 nostra
1186 1998 1358 2076 proposuit
1377 1999 1555 2074 praesentia
1570 1997 1783 2069 constitutae,

988 2097 1166 2173 quodcum
1185 2099 1256 2174 ipse
1278 2097 1357 2159 olim
1381 2097 1422 2157 ad
1442 2113 1501 2158 vos
1526 2112 1546 2156 a
1566 2095 1661 2156 nobis
1678 2096 1786 2172 primo

988 2196 1196 2264 monitorias,
1210 2212 1249 2256 ao
1267 2194 1474 2270 postmodum
1495 2194 1705 2256 executorias
1724 2193 1785 2254 lit·

988 2296 1077 2355 teras
1093 2293 1313 2369 impetrasset,
1327 2293 1363 2354 ut
1382 2307 1456 2354 cum
1469 2291 1667 2367 recipientes
1682 2291 1715 2351 in
1730 2305 1788 2350 ec-

989 2391 1091 2452 clesia
1111 2393 1221 2452 vestra
1237 2391 1271 2450 in
1295 2389 1503 2460 canonicum,
1525 2391 1558 2449 et
1578 2390 1613 2448 in
1636 2389 1784 2460 fratrem,

989 2489 1208 2564 provideretis
1230 2488 1336 2548 eidem
1366 2502 1464 2563 quam
1488 2487 1553 2548 cito
1575 2501 1611 2546 se
1641 2484 1782 2548 facultas
1827 2489 1831 2502 '

990 2587 1125 2646 offerret
1149 2586 1186 2646 in
1220 2585 1382 2646 beneflcio
1409 2583 1624 2660 praebendali,
1655 2583 1786 2645 dilectis

990 2683 1120 2744 filiis...
1140 2683 1259 2746 abbate
1275 2683 1388 2743 Sancti
1404 2682 1541 2744 Martini
1557 2682 1598 2742 de
1618 2682 1784 2752 Gemellis,

990 2782 1023 2842 et
1055 2784 1127 2856 ejus
1161 2767 1299 2855 colle'gis
1333 2779 1440 2856 primo
1476 2779 1709 2850 monitoribus,
1747 2793 1787 2840 ac

991 2879 1109 2939 deinde
1125 2894 1226 2954 super
1242 2879 1305 2939 hoc
1319 2877 1381 2938 sibi
1396 2865 1630 2938 executoribus
1644 2877 1785 2963 deputa-

990 2977 1043 3046 tis,
1058 2992 1098 3036 ac
1115 2991 1174 3036 vos
1196 2974 1236 3036 ab
1260 2976 1309 3036 eis
1329 2975 1402 3051 post
1415 2975 1672 3050 disceptationes
1687 2989 1786 3050 quam

991 3074 1151 3150 plurimas
1186 3073 1227 3134 ad
1262 3073 1380 3134 Sedem
1408 3073 1632 3150 apostoticam
1667 3071 1786 3149 appel-
1843 3104 1847 3110 -

990 3171 1136 3231 lantes..
1151 3169 1262 3230 abbati
1283 3169 1394 3230 Sancti
1417 3169 1570 3239 Andreae,
1595 3172 1787 3230 Tornacan-

992 3268 1038 3328 sis
1054 3267 1218 3340 dioecesis,
1236 3269 1268 3328 et
1283 3266 1508 3343 condelegatis
1529 3267 1636 3342 ipsius
1651 3281 1786 3326 causam

992 3365 1226 3442 appellationis
1242 3365 1499 3426 obtinuissetisa
1513 3364 1608 3424 nobis
1622 3364 1682 3424 sub
1698 3363 1789 3424 certa

993 3463 1099 3524 forma
1127 3463 1298 3534 committi,
1316 3462 1448 3522 tandem
1478 3463 1635 3538 praedicto
1659 3463 1788 3536 magis-

992 3563 1056 3632 tro,
1072 3577 1112 3622 ac
1128 3562 1342 3636 procuratore
1363 3561 1498 3636 propter
1517 3559 1580 3619 troc
1608 3557 1695 3634 apud
1723 3560 1787 3619 Se-

993 3659 1067 3718 dem
1090 3659 1314 3734 Apostolicam
1349 3656 1588 3719 constitutis...
1620 3656 1724 3731 priori
1747 3655 1787 3715 de

993 3758 1113 3828 Eneca,
1124 3757 1157 3817 ot
1171 3759 1244 3831 ejus
1259 3755 1398 3829 collegis
1411 3753 1602 3830 hujusmodi
1617 3753 1787 3828 negotium

993 3853 1033 3914 de
1044 3852 1149 3928 ipsius
1165 3853 1316 3928 magistri
1331 3853 1363 3913 et
1378 3851 1479 3913 vestri
1492 3851 1718 3927 procuratoris
1731 3867 1789 3911 as-

993 3967 1094 4010 sensu
1122 3950 1182 4011 sub
1211 3952 1301 4012 certa
1326 3949 1431 4010 forma
1460 3949 1615 4010 nummus
1642 3948 1790 4010 commit·

994 4048 1138 4109 tendum.
1168 4050 1284 4108 Coram
1314 4047 1434 4124 quibus
1462 4063 1536 4108 cum
1559 4047 1679 4132 (nisset
1708 4047 1787 4110 hino

993 4145 1070 4206 inde
1099 4145 1293 4223 aliquandiu
1318 4145 1548 4221 disceptatum,
1577 4147 1626 4206 eis
1655 4145 1788 4206 tandem

994 4243 1217 4305 mediantibus
1229 4245 1396 4314 intervos,
1413 4245 1445 4304 et
1457 4244 1581 4304 dictum
1594 4244 1789 4318 magistrum

994 4342 1185 4420 hujusmodi
1200 4341 1395 4418 compositio
1409 4341 1598 4410 intervenit,
1613 4341 1649 4401 ut
1663 4340 1787 4400 videli-

995 4441 1047 4502 cet
1068 4439 1247 4502 secundam
1264 4439 1475 4515 praebendam
1499 4439 1605 4515 primo
1628 4438 1663 4498 in
1677 4437 1789 4498 vestra

995 4538 1136 4600 ecclesia
1148 4539 1343 4598 vacaturam
1359 4537 1534 4597 dummodo
1551 4535 1789 4612 presbyteralis

995 4652 1061 4696 non
1087 4637 1183 4706 osset,
1206 4635 1241 4696 tu
1267 4633 1325 4706 flli,
1351 4633 1538 4709 praeposite,
1568 4635 1665 4710 prout
1693 4633 1734 4694 ad
1758 4633 1791 4693 te

995 4733 1138 4809 pertinet
1164 4729 1333 4792 conferres
1362 4731 1481 4801 eidem,
1512 4733 1545 4792 et
1583 4731 1624 4792 ad
1652 4731 1790 4807 majoris

996 4831 1073 4890 fidei
1086 4829 1277 4889 firmitatem
1294 4827 1503 4905 praebendam
1526 4829 1631 4905 ipsam
1646 4829 1680 4889 in
1695 4832 1789 4906 ejus-

996 4927 1069 4988 dem
1090 4925 1221 5002 prioris,
1239 4927 1272 4986 et
1295 4926 1498 5000 collegarum
1521 4941 1658 4987 suorum
1678 4926 1789 4986 mani-

996 5026 1058 5086 bus
1073 5024 1215 5100 posuisti
1228 5039 1301 5083 eam
1318 5023 1357 5083 ab
1372 5023 1453 5098 ipsis
1470 5025 1652 5084 memorato
1664 5023 1790 5098 magis-

997 5125 1048 5184 tro
1078 5138 1152 5182 cum
1183 5136 1304 5184 vacare
1329 5121 1507 5196 contigerit
1539 5119 1785 5180 conferendam.

998 5219 1061 5292 Qui
1085 5218 1197 5279 audito
1222 5216 1428 5299 postmodum
1449 5217 1534 5293 qnod
1554 5216 1650 5278 bonae
1664 5232 1791 5278 memo-

997 5318 1057 5378 riae
1076 5317 1234 5391 magister
1257 5317 1285 5376 J.
1303 5316 1342 5374 de
1359 5315 1493 5376 civitate
1512 5315 1625 5375 Antiu.
1650 5315 1793 5390 scriptor

998 5415 1122 5484 noster,
1154 5414 1398 5475 concanonicus
1423 5412 1543 5484 vester,
1561 5411 1706 5473 debitum
1734 5414 1793 5473 hu·

998 5511 1167 5573 manitatls
1197 5511 1387 5572 exsolverat
1415 5511 1566 5572 eumdem
1596 5511 1791 5586 magistrum

999 5609 1102 5686 recipi
1126 5608 1310 5670 fecerunta
1326 5607 1420 5671 vobis
1434 5608 1469 5668 in
1486 5607 1692 5678 canonicum,
1710 5608 1791 5669 etin

929 5779 933 5784 Ι
1000 5707 1146 5778 fratrem,
1163 5709 1197 5769 et
1210 5707 1241 5768 ei
1257 5706 1392 5769 stallum
1409 5706 1570 5778 lucdono,
1585 5705 1739 5767 stlocum
1756 5705 1790 5766 in
