3948 6328
643 373 870 438 hrlsuotm.
887 375 971 440 ΗΒ.
995 376 1081 438 vnr.

425 545 461 633 V

198 703 259 761 Ad
272 699 523 761 monasterium
535 701 678 761 Sbobcn.

313 832 330 891 7
347 830 461 906 angusti
476 830 553 888 lata.

209 954 222 1018 [
223 953 345 1016 sabatae,
360 954 426 1006 Anu.
440 953 559 1013 Pedere..
572 954 593 1015 Ι,
603 953 671 1018 m]

37 1075 103 1136 lllud
123 1079 343 1135 monasterium
367 1076 419 1134 sub
438 1091 489 1136 sua
511 1075 686 1149 protectione
707 1075 835 1148 suscipit,

69 1165 152 1238 cique
169 1165 331 1225 confirmet
349 1165 486 1224 ccclesias
502 1164 538 1222 de
553 1163 731 1224 lmnrinchus
752 1171 782 1222 et
802 1163 837 1222 de

70 1252 257 1311 Godcslcim.

74 1379 451 1456 Honoriusepiscopus,
460 1393 576 1440 servus
585 1392 755 1440 servorum
764 1376 835 1445 Dei,

38 1477 165 1537 dilectis
191 1477 280 1537 tiliis
309 1477 485 1554 praeposito
511 1478 544 1538 et
569 1473 747 1537 conventui
765 1489 838 1535 mo·

40 1573 176 1634 nasterii
205 1573 358 1646 Skaken,
391 1573 530 1635 salutem
559 1574 591 1636 et
614 1571 836 1650 apostolicam

39 1670 320 1732 benedictionem.

79 1770 307 1831 sacrosancta
322 1771 471 1832 Romana
485 1769 633 1832 Ecclesia
654 1768 789 1832 devotos
804 1767 838 1830 et

42 1865 180 1927 humiles
209 1865 302 1928 tilios
328 1882 371 1928 ex
398 1869 541 1928 assuetae
569 1867 701 1944 pietatis
726 1865 835 1927 othcio

42 1966 240 2040 propensius
256 1964 397 2041 diligere
412 1965 595 2032 consuevit,
607 1965 640 2026 et
658 1980 701 2025 ne
714 1979 837 2041 pravo-

42 2075 108 2120 mm
122 2061 304 2123 hominum
319 2061 481 2124 molestiis
496 2063 673 2150 agitentur,
689 2077 745 2123 eos
760 2061 836 2123 tan-

44 2160 208 2235 quampia
229 2158 835 2236 matersuaeprotectionismunimine

43 2254 203 2318 confovet.
220 2259 418 2335 Eapropter,
432 2257 544 2318 dilecti
559 2257 594 2317 in
608 2256 747 2317 Domino
760 2255 833 2328 tilii,

44 2354 158 2414 restris
173 2353 283 2430 justis
296 2353 575 2431 postulationibus
589 2354 684 2430 grato
699 2367 835 2414 concur·

44 2449 146 2510 rantes
162 2465 322 2522 assensu,
339 2466 501 2528 personas
519 2451 649 2512 vestras
670 2452 704 2513 et
725 2451 834 2513 locum

46 2546 76 2604 in
103 2563 168 2623 quo
201 2548 321 2609 divino
344 2547 424 2609 estis
451 2547 609 2624 obsequio
640 2549 831 2626 mancipati,

46 2657 109 2702 cum
129 2645 291 2706 omnibus
309 2643 405 2706 bonis
427 2644 555 2721 quaein
579 2647 834 2722 praesentiarum

46 2739 288 2804 rationabiliter
302 2741 458 2819 possidet,
476 2743 533 2804 aut
551 2741 586 2802 in
602 2742 748 2805 futurum
759 2746 835 2820 jus-

46 2833 82 2894 tis
104 2839 211 2898 modis
236 2840 419 2916 praestente
444 2839 584 2900 Domino
610 2841 732 2915 poterit
761 2841 833 2901 adi-

48 2931 131 3005 pisci,
149 2936 212 2996 sub
227 2935 320 2997 beati
340 2936 432 2999 Petri
449 2937 482 2998 et
500 2939 613 2997 nostra
629 2938 833 3013 protectione

48 3030 256 3108 suscipimus3
283 3033 474 3110 specialiter
501 3035 612 3094 autem
633 3033 673 3094 de
692 3033 831 3094 Immin-

49 3125 129 3199 chus,
144 3129 176 3190 et
191 3129 234 3190 de
256 3129 445 3192 Godesleim
460 3130 620 3192 ecclesias
636 3147 710 3192 cum
725 3130 834 3192 omni-

48 3219 100 3282 bus
117 3227 362 3300 pertinentibus
377 3227 461 3299 suis,
478 3227 565 3312 sicut
584 3243 642 3290 eas
657 3229 757 3306 juste,
774 3243 834 3290 ca-

49 3321 154 3382 nonice
178 3325 213 3386 et
235 3325 374 3401 pacifice
393 3325 581 3402 possidetis,
600 3326 694 3388 vobis
718 3327 752 3388 et
774 3342 833 3404 per

48 3431 98 3476 ros
120 3421 324 3485 monasterio
347 3423 458 3484 restro
478 3423 676 3486 auctoritate
696 3426 834 3502 Aposto-

51 3511 104 3575 lica
126 3518 363 3580 confirmamus
382 3522 416 3581 et
438 3521 613 3598 praesentis
637 3523 752 3600 scripti
772 3539 833 3600 pa-

51 3609 178 3676 trocinio
204 3619 459 3679 communimus.
475 3618 569 3680 Nulli
593 3634 672 3682 vero
696 3621 831 3682 omnino

53 3705 209 3774 hominum
224 3713 328 3776 liceat
341 3716 429 3778 hanc
445 3717 600 3794 paginam
615 3717 739 3779 nostrae
753 3733 833 3793 pro-

53 3803 191 3870 tectionis
214 3812 249 3873 et
272 3813 534 3875 confirmationis
557 3814 753 3890 intringere,
778 3814 832 3876 vel

54 3899 79 3958 ei
91 3917 167 3966 ausu
180 3907 362 3971 temerario
379 3910 557 3972 contraire.
576 3912 612 3972 Si
629 3911 703 3988 quis
720 3914 831 3973 autem

54 3993 107 4058 hoc
142 4005 308 4068 attentare
344 4008 604 4083 praesumpserit,
632 4008 833 4085 indignatio-

54 4106 117 4154 nem
131 4101 366 4178 omnipotentis
386 4105 446 4164 Dei
461 4105 494 4165 et
504 4104 677 4167 beatorum
693 4106 784 4168 Petri
799 4107 833 4168 et

55 4188 135 4252 Pauli
147 4198 381 4274 Apostolorum
392 4202 463 4277 ejus
480 4216 516 4262 se
531 4203 661 4264 noverit
675 4203 832 4265 incursu-

56 4297 126 4348 rum.
138 4293 255 4357 Datum
270 4296 405 4374 Signiae,
421 4299 481 4360 Vll
496 4298 570 4360 idus
585 4301 729 4376 augusti,
746 4316 832 4378 pon-

56 4379 179 4450 tificatus
194 4393 300 4454 nostri
314 4409 402 4456 anno
418 4395 547 4458 octavo.

407 4653 464 4740 VI

195 4805 247 4864 Ad
264 4805 399 4865 Gorsiae
410 4807 668 4867 Otiadtsotoam.

315 4933 332 4991 9
348 4935 463 5006 augusti
476 4934 555 4992 leta.

178 5051 323 5120 [haynaldb
339 5058 405 5108 llnn.
416 5057 449 5108 ad
459 5071 518 5108 ann.
534 5057 602 5118 1223,
616 5055 688 5124 tot]

64 5163 327 5265 Ghoiadundisalvo
347 5182 486 5256 magistro
504 5183 612 5242 militiis
632 5184 708 5242 beati
729 5185 828 5244 iacobi

91 5271 191 5334 ususque
216 5267 349 5327 tratribus
373 5272 522 5345 privilegia
542 5281 572 5330 et
598 5273 672 5332 bona
699 5269 828 5347 ejusdem

91 5347 183 5410 militia
197 5358 347 5416 confirmat
361 5359 530 5433 subditque:

97 5468 138 5532 su
162 5477 268 5544 temen
300 5485 454 5546 omnibus
492 5487 660 5563 praecipua
686 5503 765 5550 cura
795 5490 828 5550 et

69 5567 172 5634 cautela
189 5581 355 5653 continua,
377 5583 485 5660 utqui
505 5585 694 5662 conjugium
718 5586 825 5648 sortiti

69 5653 175 5744 luerint,
201 5679 437 5742 continentiam
457 5681 646 5744 custodiant
665 5685 826 5760 conjuga·

1623 378 1685 441 406

890 535 967 610 lem,
982 535 1016 598 et
1035 535 1179 614 quisine
1196 538 1351 616 conjugio
1372 553 1507 602 manere
1525 535 1685 605 decrero-

891 633 970 704 rtnt,
1000 633 1192 695 inviolatam
1224 635 1360 698 teneant
1395 635 1591 707 castitatem,
1619 636 1683 698 etc.
1780 681 1783 686 -

931 730 1051 793 Datum
1090 731 1225 806 Signiae,
1267 747 1327 809 per
1364 747 1499 794 menum
1531 730 1684 807 magistri

892 827 1053 889 cuidonis
1067 830 1106 889 Ι).
1122 843 1217 905 papae
1228 829 1404 906 capellani,
1418 831 1447 892 V
1459 829 1504 890 id.
1522 843 1610 905 eug„
1628 828 1685 889 in·

891 923 1035 987 dictione
1049 926 1106 996 Xl,
1126 925 1370 988 incarnationis
1394 926 1574 990 Dominicae
1595 937 1683 988 anno

890 1023 1094 1093 MCCXXlll,
1110 1022 1321 1097 pontificatus
1335 1037 1416 1086 vero
1432 1023 1557 1085 domini
1571 1024 1684 1084 Hono·

889 1118 933 1180 rii
947 1134 1041 1196 papae
1056 1120 1102 1182 lll
1114 1135 1203 1181 anno
1217 1120 1369 1198 septimo.

1246 1449 1325 1538 VII

924 1600 975 1660 Ad
987 1601 1276 1674 poposceram...
1292 1603 1334 1664 dc
1347 1601 1474 1666 Sancta
1489 1603 1600 1664 cruca
1616 1602 1651 1664 et

957 1698 992 1758 s.
1014 1699 1162 1760 Andreas
1175 1700 1320 1760 decanos
1332 1702 1616 1762 Hhcesemeases.

1154 1828 1188 1885 li
1205 1826 1319 1901 augusti
1337 1827 1415 1886 laha.

921 1948 1107 2014 [lappenberg.
1120 1949 1257 2014 liamburg.
1272 1950 1396 2010 Urkund,
1405 1951 1425 2009 l,
1438 1966 1463 2016 p.
1476 1950 1532 2012 toi,
1545 1965 1570 2002 n.
1583 1951 1652 2016 tid]

888 2070 1004 2130 Mandat
1028 2079 1060 2130 ut
1086 2073 1297 2130 accusationem
1318 2073 1435 2146 capituli
1454 2073 1683 2148 hamburgensis
1753 2114 1754 2118 ,

906 2167 1004 2217 contra
1018 2159 1264 2234 archiepiscopum
1280 2163 1462 2220 brenensem
1475 2161 1661 2236 investigent.

929 2295 1680 2374 Honoriusepiscopus,servusservorumDei,

888 2390 1143 2454 dilectisliliis...
1165 2392 1379 2471 praeposito...
1394 2393 1434 2453 de
1446 2393 1566 2454 Sancta
1577 2395 1683 2472 cruce

888 2489 921 2552 ct
932 2489 1045 2551 Sancti
1055 2490 1196 2551 Andreae
1211 2489 1348 2550 decanis
1362 2489 1680 2564 Hildesemensibus,

888 2585 1071 2648 salutemet
1082 2586 1304 2663 apostolicam
1315 2585 1592 2649 benedictionem.

927 2683 1047 2745 Dilecti
1090 2682 1151 2744 tilii
1200 2683 1381 2760 capitulum
1430 2682 1682 2759 hamburgense

886 2778 1084 2841 transmissa
1116 2778 1212 2841 nobis
1247 2780 1406 2857 petitione
1440 2781 1680 2854 monstrarunt,

887 2875 984 2953 quod,
999 2893 1099 2953 quum
1113 2877 1199 2938 inter
1212 2877 1302 2954 ipsos
1315 2893 1359 2938 θιι
1372 2877 1466 2954 parte
1485 2891 1552 2938 una
1572 2878 1606 2940 et
1617 2894 1679 2940 ca-

886 2973 1025 3033 nonicos
1052 2975 1248 3035 Bremenses
1277 2989 1320 3035 ex
1347 2975 1464 3047 altera,
1485 2989 1585 3052 super
1602 2977 1679 3052 jure

886 3068 1681 3148 eligendiarcbiepiscopumetrebusaliiscoram

882 3165 1050 3241 judicibus
1066 3166 1225 3244 delegatis
1244 3184 1264 3229 a
1285 3168 1392 3240 nobis,
1409 3170 1547 3245 quaestio
1570 3169 1683 3231 verte-

885 3264 988 3336 retur,
998 3265 1201 3326 renerabilis
1214 3265 1316 3327 trater
1326 3267 1477 3328 noster...
1488 3265 1680 3328 Bremensis

886 3361 1158 3438 archiepiscopus
1178 3362 1258 3425 tunc
1284 3363 1419 3434 electus,
1443 3363 1576 3436 timens,
1593 3363 1679 3442 quod

885 3473 945 3534 per
966 3456 1173 3529 electionem,
1197 3474 1270 3535 quae
1293 3459 1490 3536 contemptis
1509 3458 1678 3536 praedictis

885 3553 1202 3630 Hambnrgensibus,
1218 3556 1275 3632 qui
1289 3556 1459 3617 commode
1473 3557 1627 3633 poterant
1646 3557 1681 3618 et

886 3649 1048 3711 debebant
1062 3650 1102 3712 de
1117 3653 1195 3727 iure
1217 3651 1343 3724 vocari,
1361 3652 1401 3713 de
1422 3652 1495 3730 ipso
1513 3651 1681 3714 celebrata

886 3745 1005 3819 tuerat,
1019 3747 1083 3808 sibi
1098 3763 1164 3808 non
1175 3749 1329 3825 potuerat
1336 3752 1391 3825 Jus
1400 3749 1540 3826 acquiri,
1549 3749 1590 3809 de
1603 3764 1679 3809 con-

885 3843 961 3904 silio
976 3844 1209 3920 praedictorum
1219 3845 1370 3923 judicum
1385 3843 1560 3924 quamdam
1585 3861 1679 3907 corn-

885 3941 1062 4018 positionis
1088 3941 1227 4004 sormam
1255 3959 1330 4004 cum
1361 3943 1485 4004 eisdem
1513 3943 1680 4004 Hambur-

884 4037 1044 4114 gensibus
1084 4037 1170 4111 iniit,
1204 4038 1352 4117 praestito
1388 4039 1597 4118 juramento,
1644 4040 1680 4102 ut

885 4133 1040 4198 videlicet
1060 4135 1096 4196 in
1117 4133 1189 4212 pari
1210 4135 1336 4198 honore
1362 4152 1401 4198 ac
1423 4137 1583 4214 dignitate
1607 4152 1680 4198 scr-

884 4235 979 4295 uaret
998 4231 1282 4308 Hamburgensem
1306 4231 1481 4296 ecclesiam
1498 4251 1572 4296 cum
1593 4235 1679 4295 Bre-

885 4328 1001 4400 mensi,
1027 4328 1202 4391 scribendo
1224 4344 1260 4390 se
1291 4329 1418 4392 tamin
1448 4329 1559 4408 sigillo
1581 4344 1680 4407 quam

884 4425 1005 4488 litteris
1039 4425 1327 4504 archiepiscopum
1361 4427 1543 4503 utriusque,
1582 4424 1681 4503 prout

883 4524 983 4585 etiam
1002 4523 1095 4599 prius
1111 4524 1252 4587 lucrata
1280 4524 1579 4600 praedecessoribus
1608 4524 1678 4586 suis

883 4619 1018 4682 lactum.
1054 4621 1266 4683 Postmodum
1298 4635 1378 4683 vero
1418 4619 1679 4698 praenominatus

883 4715 1008 4776 electus
1023 4715 1101 4776 ad...
1118 4714 1331 4790 praepositum
1355 4717 1486 4777 Sanctae
1501 4717 1616 4778 Mariae
1636 4715 1679 4777 ad

882 4813 1005 4887 gradus
1018 4812 1226 4872 coloniensis
1240 4810 1273 4873 et
1291 4813 1364 4890 ejus
1386 4813 1531 4890 collegas
1546 4813 1679 4876 nostras

883 4910 1010 4972 litteras
1025 4910 1220 4985 impetrans,
1235 4923 1270 4969 se
1285 4924 1344 4984 per
1360 4925 1417 4971 eos
1431 4911 1473 4973 ab
1488 4911 1678 4996 hujusmodi

862 5031 865 5037 ·
878 5009 1068 5084 juramento
1094 5005 1223 5067 absolvi
1249 5007 1282 5066 et
1308 5009 1579 5084 compositionem
1596 5008 1678 5070 irri-

882 5105 947 5164 tari
962 5103 1164 5179 praedictam,
1177 5103 1373 5180 contemptis
1390 5105 1555 5181 praedictis
1570 5107 1674 5165 Ham·
1788 5143 1792 5150 -

881 5201 1113 5276 burgensibus,
1136 5201 1338 5277 procurarit.
1361 5203 1433 5263 Lite
1450 5217 1578 5278 quoque
1595 5217 1675 5278 pen·

882 5299 979 5360 dente
1006 5297 1093 5359 inter
1110 5299 1266 5374 praelatas
1294 5297 1453 5359 ecclesias
1490 5313 1590 5375 super
1621 5315 1672 5372 eo,

882 5394 968 5471 quod
986 5397 1126 5472 utraque
1141 5411 1176 5455 se
1198 5395 1270 5457 lore
1293 5395 1414 5456 asserit
1437 5395 1673 5472 cathedralem,
1736 5469 1741 5476 ¹

881 5492 968 5552 idem
981 5493 1106 5554 electus
1119 5491 1179 5552 suh
1196 5493 1331 5554 nomine
1346 5493 1474 5555 tantum
1486 5495 1676 5556 Bremensis

881 5589 1030 5650 ecclesiae
1046 5589 1183 5665 pallium
1208 5591 1337 5651 anobis
1358 5605 1418 5668 per
1440 5592 1575 5653 nuntios
1596 5607 1674 5653 suos

881 5684 1034 5752 obtinuit,
1051 5685 1177 5746 nullam
1191 5685 1231 5747 de
1247 5687 1428 5764 praemissis
1440 5687 1565 5750 faciens
1582 5704 1678 5750 meu·
