4104 6330
285 353 344 419 aas
900 347 1077 412 uouoarr
1099 349 1145 410 ιιι
1166 348 1315 444 orsas.
1871 348 1935 410 aaa
2041 314 2042 324 ‘

327 511 456 592 Quanto
491 512 702 578 numerosior
738 509 940 588 aggregatur
970 508 1081 572 homi·
1134 507 1311 572 ecclesiam
1329 505 1419 574 beati
1438 505 1529 570 Petri
1544 505 1667 570 Montis
1682 505 1799 570 sereni
1818 505 1853 570 in
1876 505 1935 570 die

286 628 368 676 num
391 609 575 682 multitudo,
591 609 683 673 tanto
707 608 817 670 minus
843 607 929 672 solet
949 605 1081 668 ratione
1135 605 1355 668 dedicationis
1374 605 1533 682 ejusdem,
1549 603 1742 668 salutemet
1761 603 1935 682 Apostoli-

288 707 464 786 compesci,
481 707 559 768 dum
578 706 700 782 singuli
721 705 890 782 proprium
905 704 1080 781 sequentes
1136 719 1209 765 cam
1223 702 1499 766 benedictionem.

289 806 454 876 affectum,
486 819 551 865 non
577 803 663 881 quod
689 803 777 875 licet,
807 802 865 864 sed
888 799 1078 880 quodlibet,
1177 800 1339 874 Quoniam
1363 799 1405 862 ad
1432 800 1578 862 futuram
1606 799 1759 876 gloriam,
1789 815 1862 876 quaa
1890 799 1932 860 in

287 903 439 968 ambiunt
452 901 649 972 inconsulte,
666 901 700 963 et
711 900 918 962 effrenantur
932 897 1032 960 iacile
1045 898 1081 958 in
1135 897 1232 960 nobis
1245 897 1461 971 revelabitur,
1476 913 1542 958 non
1553 897 1631 958 sunt
1645 895 1820 974 condignae
1830 895 1936 974 hujus

286 1001 475 1070 tumultum,
485 999 551 1060 nisi
564 1013 678 1062 eorum
688 997 790 1060 luerit
803 995 969 1060 desiderio
981 1010 1083 1072 quan·
1136 994 1295 1072 temporis
1320 994 1494 1073 passiones
1525 996 1560 1058 et
1583 992 1720 1072 propria
1747 993 1868 1056 merita
1887 993 1936 1056 ad

286 1101 499 1176 tumoumque
508 1095 733 1158 irrationabili
745 1094 963 1157 satisfactum.
973 1096 1082 1166 Quare
1136 1092 1285 1156 eamdem
1298 1107 1365 1154 non
1374 1090 1547 1168 suldciunt
1562 1089 1786 1162 obtinendam,
1798 1089 1937 1168 expedit

285 1211 355 1263 noo
382 1194 548 1256 immerito
581 1193 803 1256 adhibendum
826 1191 877 1253 est
898 1189 1081 1254 remedium
1135 1190 1236 1268 hujus
1251 1190 1368 1254 saeculi
1387 1189 1480 1261 filiis,
1499 1188 1555 1266 qui
1571 1203 1659 1266 saepe
1672 1203 1712 1250 ac
1723 1187 1862 1250 multum
1877 1188 1937 1250 sui

287 1292 484 1370 disciplinae,
501 1291 755 1370 quaafervorem
770 1289 928 1352 cohibens
946 1287 1081 1350 animo·
1136 1287 1308 1350 offendunt
1330 1286 1445 1350 oculos
1471 1285 1669 1359 conditoris,
1695 1285 1732 1348 ut
1758 1285 1819 1346 tilii
1845 1285 1936 1348 lucis

288 1407 375 1464 rum,
391 1388 559 1454 refrenata
587 1386 813 1464 improborum
835 1384 988 1456 audacia,
1004 1383 1083 1446 uni·-
1136 1401 1196 1462 per
1220 1384 1351 1447 labores
1371 1384 1521 1462 corporis
1540 1384 1574 1446 et
1594 1399 1696 1462 opera
1717 1382 1850 1461 pietatis
1867 1381 1936 1446 sibi

288 1503 388 1552 versa
399 1485 644 1552 rationabiliter
664 1483 865 1548 moderatur.
883 1483 990 1554 Quum
1011 1479 1081 1558 igi·
1135 1481 1262 1546 iaciant
1277 1481 1373 1560 quasi
1386 1481 1427 1544 de
1443 1495 1630 1542 mammona
1644 1479 1832 1558 iniquitatis
1845 1481 1938 1542 ami-

287 1585 353 1658 tur,
371 1584 458 1650 siout
477 1581 738 1660 accepimussed
751 1595 818 1644 non
833 1579 948 1656 utique
962 1593 1082 1656 accep-
1137 1595 1204 1652 cos,
1222 1579 1290 1656 qui,
1303 1595 1405 1656 quum
1416 1577 1607 1650 defecerint,
1619 1577 1654 1638 in
1673 1578 1798 1640 aeterna
1815 1575 1937 1640 taber·-

286 1683 408 1755 tamus,
443 1681 478 1746 iu
515 1695 618 1756 regno
656 1677 836 1758 hungariae
870 1677 1003 1742 noviter
1039 1675 1083 1738 sit
1137 1675 1258 1738 nacula
1284 1690 1341 1740 eos
1362 1673 1538 1754 recipiant,
1561 1674 1724 1752 quatenus
1745 1673 1830 1751 quod
1851 1689 1937 1752 pos-

288 1781 458 1854 statutum,
473 1779 509 1841 ut
531 1792 646 1840 omnes
671 1775 785 1856 populi
807 1773 1010 1838 conveniant
1030 1771 1081 1834 his
1136 1773 1280 1836 sihilitas
1298 1773 1447 1850 ipsorum
1470 1787 1539 1834 non
1565 1771 1703 1844 obtinet,
1723 1771 1856 1832 illorum
1879 1771 1934 1833 eis
2041 1847 2042 1852 Ἰ

285 1877 322 1940 in
345 1892 445 1948 auno,
468 1875 525 1940 uhi
546 1875 647 1942 etiam
670 1873 864 1936 carissimus
888 1871 926 1934 in
950 1869 1081 1932 christo
1134 1870 1376 1934 intercessione
1389 1869 1523 1942 donent,
1533 1869 1590 1947 qui
1602 1869 1752 1930 viventes
1767 1869 1803 1928 in
1816 1883 1933 1942 carne,

287 1975 377 2039 filius
407 1973 557 2038 noster...
580 1987 642 2036 rex
671 1973 907 2046 Hungarorum
937 1968 1081 2030 illustris
1136 1965 1932 2044 praevenientegratia,merueruntdliiDeifleri,
2041 1993 2042 2032 3

286 2071 507 2151 personaliter
538 2069 700 2132 interesse
734 2067 882 2138 tenetur,
924 2067 958 2128 et
989 2065 1081 2128 tanta
1135 2066 1169 2126 et
1203 2065 1272 2125 illis
1303 2064 1467 2125 arruilium
1502 2064 1683 2140 implorare
1717 2063 1851 2124 coeleste
1872 2064 1935 2142 qui

286 2165 628 2244 multitudinisturba‚
645 2164 777 2229 turbata
793 2164 957 2226 modestia
971 2163 1080 2224 ratio-
1144 2159 1262 2224 devote
1290 2161 1442 2222 nituntur
1466 2161 1601 2236 assequi
1627 2159 1849 2237 patrocinium
1871 2174 1936 2221 eo-

286 2266 352 2338 nis,
366 2265 408 2326 ah
430 2265 545 2326 eodem
564 2278 642 2338 rege
655 2262 807 2324 diflicilia
827 2265 861 2322 et
880 2260 1006 2338 inJusta
1020 2275 1080 2321 so·
1135 2258 1296 2319 rumdam.
1323 2259 1429 2330 Quum
1445 2257 1549 2334 igitur
1564 2257 1704 2318 ecclesia
1724 2257 1846 2318 Montis
1868 2259 1935 2318 Se-

286 2363 378 2429 leant
400 2361 592 2439 postulari:
613 2359 770 2424 videlicet
792 2359 829 2421 ut
851 2357 1022 2434 magnates
1048 2356 1083 2418 et
1135 2355 1209 2416 reni
1244 2355 1280 2416 in
1312 2355 1438 2416 honore
1463 2354 1551 2416 beati
1580 2355 1670 2417 Petri
1697 2353 1934 2431 Apostolorum

287 2459 416 2524 nobiles
451 2458 558 2536 regni,
586 2471 669 2535 quos
697 2455 823 2518 habent
846 2469 979 2526 exosos,
1009 2453 1080 2514 sois
1135 2453 1296 2531 principis
1314 2452 1357 2514 sit
1372 2453 1561 2514 constructa
1574 2452 1606 2514 et
1619 2452 1655 2512 in
1670 2451 1752 2513 festo
1767 2452 1931 2528 eJusdem,

287 2554 504 2634 dignitatibus
514 2557 548 2618 et
561 2553 743 2616 honoribus
756 2552 889 2630 spoliati
903 2549 1081 2614 excludan-
1135 2551 1221 2629 quod
1237 2550 1279 2610 ad
1293 2549 1434 2614 Vincula
1450 2550 1582 2618 dicitur,
1595 2550 1635 2610 ad
1651 2548 1711 2611 Dei
1723 2549 1882 2610 honorem
1896 2551 1934 2610 et

286 2654 343 2718 tur
354 2670 375 2716 a
388 2668 502 2730 regno,
518 2653 678 2715 eteorum
693 2651 824 2712 bonain
841 2648 973 2726 populis
988 2647 1080 2710 divi·
1135 2649 1277 2726 gloriam
1298 2647 1462 2720 dedicata,
1478 2650 1514 2708 ut
1531 2647 1636 2724 ipsius
1656 2647 1852 2708 mereamini
1867 2661 1935 2723 pa-

286 2753 425 2816 dantur:
440 2755 549 2824 Quare
561 2749 650 2835 idern
660 2744 1078 2824 redditurrexperplexus,
1134 2745 1315 2807 trocinium
1336 2745 1423 2822 apud
1450 2747 1565 2817 Deum,
1591 2745 1715 2821 quiex
1740 2745 1933 2806 constantia

286 2865 326 2913 eo
346 2848 433 2927 quod
454 2849 484 2909 ai
497 2846 698 2910 turbulentis
718 2843 907 2923 hujusmodi
927 2842 1079 2920 postula·-
1134 2844 1167 2904 et
1191 2857 1280 2904 verae
1301 2842 1380 2902 fidei
1400 2842 1610 2904 consessione
1635 2842 1818 2918 promeruit
1841 2841 1935 2903 inter

286 2947 433 3012 tionibus
456 2946 658 3024 acquiescat,
672 2943 764 3006 laedit
782 2941 960 3020 justitiam,
974 2939 1081 3002 offen·
1133 2938 1308 3016 Apostolos
1330 2940 1565 3018 principatum,
1585 2939 1618 3002 et
1637 2939 1776 3016 ligatum
1796 2953 1871 3000 esse
1894 2939 1933 3000 in

286 3045 335 3108 dit
348 3060 475 3122 pacem,
492 3046 525 3104 et
538 3041 659 3104 exinde
674 3041 767 3117 regia
777 3039 924 3118 potentia
939 3052 1081 3102 enerva·
1135 3038 1227 3098 coelis
1248 3037 1332 3115 quod
1354 3037 1396 3098 ah
1420 3053 1459 3098 eo
1479 3037 1603 3113 ligatur
1616 3037 1652 3097 in
1667 3018 1777 3109 terris,
1794 3037 1827 3098 et
1840 3035 1932 3114 quod

285 3147 360 3222 tur3
391 3147 425 3208 ot
448 3146 570 3208 iterum
591 3145 621 3206 si
634 3143 724 3220 juste
739 3143 838 3217 neget
853 3139 988 3216 injusta,
1010 3154 1079 3200 suae
1135 3135 1168 3194 in
1186 3134 1310 3196 eisdem
1329 3135 1416 3196 esset
1428 3134 1626 3206 absolutum,
1644 3133 1775 3211 abipso
1793 3132 1877 3195 soret
1893 3135 1932 3194 in
2041 3163 2042 3166 π

286 3259 489 3320 suorumque
516 3241 611 3304 timet
632 3239 818 3316 periculum
846 3252 1077 3314 personarum.
1135 3233 1227 3293 coelis
1249 3232 1350 3294 etiam
1365 3231 1565 3304 absolutum,
1588 3230 1838 3294 universitatem
1850 3247 1933 3293 ves-

286 3341 355 3402 Nos
376 3339 525 3402 volentes
540 3352 639 3414 super
658 3337 721 3400 hoc
745 3333 877 3396 salubre
896 3333 1079 3396 remedium
1134 3331 1219 3390 tram
1230 3341 1402 3400 monemus
1414 3330 1446 3390 et
1458 3330 1675 3390 exhortamur
1687 3329 1812 3390 attente
1825 3328 1933 3390 inre-

284 3436 454 3507 adhihere‚
471 3433 665 3498 discretioni
675 3433 796 3496 vestrae
817 3445 876 3507 per
889 3429 1078 3506 Apostolica
1133 3427 1327 3488 missionem
1341 3427 1436 3490 vohis
1453 3427 1683 3504 peccaminum
1702 3425 1929 3503 injungentes,

285 3534 409 3610 scripta
442 3531 649 3603 mandamus,
686 3530 851 3607 quatenus
887 3525 1079 3604 hujusmodi
1133 3526 1289 3602 quatinus
1300 3527 1516 3585 memoratam
1531 3523 1707 3585 ecclesiam
1720 3524 1756 3584 in
1768 3523 1931 3585 iestode-

283 3629 538 3700 multitudinem,
551 3627 733 3706 utjustiiiae
748 3626 901 3690 contenta
916 3623 1077 3688 limitibus
1134 3623 1310 3685 dicationis
1322 3621 1533 3700 ejusdemdie
1545 3619 1697 3694 solemni,
1707 3619 1846 3683 nobisin
1856 3621 1931 3682 vir-

284 3729 333 3791 nil
358 3729 474 3806 contra
497 3741 610 3802 regem
631 3725 686 3788 vel
712 3739 869 3788 coronam
892 3721 1009 3800 ipsius,
1023 3721 1077 3783 vel
1131 3722 1238 3783 tutum
1257 3719 1642 3796 confrequentationibus
1668 3719 1856 3786 constituti,
1876 3719 1929 3781 sic

284 3827 401 3890 contra
422 3839 581 3903 personas
594 3823 780 3902 principum
798 3821 855 3884 aut
875 3820 963 3882 hona
986 3819 1078 3896 ipso·
1132 3817 1389 3894 devotopietatis
1397 3815 1506 3877 studio
1517 3815 1766 3892 visitatisquod
1775 3815 1929 3892 ejusdem

283 3939 374 3994 rum,
409 3921 632 4002 praetermisso
665 3920 754 3998 juris
791 3918 917 3991 ordine,
957 3916 1078 3980 audeat
1130 3913 1363 3991 Apostolorum
1374 3913 1535 3990 principis
1546 3911 1733 3998 patrocinio
1743 3913 1817 3988 post
1826 3911 1932 3989 hujus

282 4021 407 4084 temere
419 4019 595 4090 stentare,
609 4016 772 4080 moneatis
784 4015 942 4078 attentius
956 4015 989 4078 et
1003 4015 1038 4076 el
1059 4045 1077 4060 ·
1130 4011 1207 4074 vitae
1225 4011 1400 4072 decursum
1414 4011 1454 4072 ad
1470 4025 1574 4071 cornu
1589 4011 1793 4087 perveniatis
1808 4007 1928 4071 altaris

283 4115 594 4180 caclterinducatis.
611 4113 889 4186 contradictores,
907 4113 969 4175 etc.
984 4111 1076 4184 Quod
1131 4109 1172 4170 ad
1199 4109 1432 4184 cognitionem,
1456 4107 1613 4170 videlicet
1640 4107 1774 4170 deitatis
1797 4107 1834 4168 in
1860 4123 1928 4184 qua

282 4215 313 4276 si
325 4229 392 4276 non
402 4228 527 4284 omnes,
536 4213 598 4274 etc.
611 4211 729 4276 Datum
738 4211 1003 4282 Laterani,XVll
1013 4209 1077 4273 ka·
1130 4208 1198 4268 vita
1226 4207 1353 4268 aeterna
1379 4205 1540 4278 consistit,
1569 4188 1788 4282 Rede'mptore
1810 4207 1926 4267 nostro

281 4310 398 4374 lendas
422 4309 583 4388 januarii,
613 4306 825 4387 ponunoatus
856 4307 963 4368 nostri
986 4321 1075 4370 anno
1130 4305 1270 4376 dicente,
1283 4305 1346 4364 hoo
1362 4319 1436 4370 esse
1451 4303 1553 4366 vitam
1569 4305 1728 4366 aeternam
1745 4305 1849 4364 Deum
1865 4318 1927 4380 pa-

282 4418 433 4496 septimo,
1129 4401 1214 4463 trem
1229 4402 1271 4474 et,
1285 4416 1381 4478 quem
1397 4402 1468 4478 ipse
1481 4399 1582 4471 misit,
1596 4415 1796 4478 cognoscere
1810 4403 1830 4463 J
1831 4415 1926 4462 esum

1129 4499 1307 4562 Christum.
1323 4500 1365 4562 Ut
1382 4500 1503 4572 autem,
1520 4499 1643 4576 praeter
1654 4497 1805 4576 praedicti
1816 4503 1928 4575 Apos-

1128 4597 1272 4659 tolorum
1287 4595 1448 4675 principis
1466 4595 1688 4673 patrocinium
1703 4596 1736 4658 et
1750 4596 1925 4672 praemiunr

593 4663 762 4754 XXXIII
1129 4695 1224 4770 regni
1245 4694 1401 4766 coelestis,
1422 4693 1595 4769 praelatam
1619 4692 1795 4754 ecclesiam
1814 4693 1851 4752 in
1870 4692 1925 4753 die

413 4819 465 4879 Aa
479 4820 661 4878 „nmmos
675 4816 803 4878 emti
817 4815 943 4887 fideles,
1129 4791 1287 4869 praedicto
1319 4790 1497 4853 visitantes
1526 4790 1644 4852 devote
1681 4788 1717 4850 in
1755 4789 1855 4850 terris
1888 4803 1925 4850 se

541 4947 574 5004 ll
586 4943 706 5003 decemb
735 4945 803 5002 liii
1128 4888 1293 4964 gaudeant
1313 4903 1433 4950 munus
1450 4887 1568 4964 gratiae
1583 4887 1784 4964 reportasse,
1798 4901 1871 4958 nos,
1884 4885 1924 4947 de

710 4987 717 5001 ⁰
807 4987 814 5002 '
1128 4985 1357 5047 misericordia
1372 4985 1433 5046 Dei
1457 5001 1498 5048 ac
1526 4983 1674 5062 ejusdem
1688 4983 1924 5060 Apostolorum

405 5071 447 5136 [st
459 5067 561 5130 ⁸⁰¹¹¹⁰¹·
575 5069 624 5120 ⁰⁸⁸
639 5068 750 5127 ¹¹⁰³¹⁰fr
762 5072 781 5120 ²·
795 5067 814 5126 ¹·
828 5081 885 5132 Μ·
896 5067 948 5132 ⁸¹]
1127 5082 1288 5159 principis
1301 5081 1335 5144 et
1341 5082 1523 5159 coapostoli
1533 5084 1605 5159 ejus
1616 5080 1712 5142 Pauli
1725 5079 1925 5142 auctoritate

281 5187 428 5249 Universis
442 5182 687 5245 christifidelibus
703 5181 903 5241 accedentibus
921 5182 957 5240 ad
978 5183 1070 5240 eccle·
1127 5180 1254 5251 contisi,
1280 5179 1443 5250 omnihus
1471 5179 1526 5256 qui
1552 5178 1670 5240 devote
1693 5191 1733 5238 ac
1756 5177 1812 5254 pie
1831 5179 1925 5238 eam-

314 5279 388 5336 num
398 5275 473 5336 beati
488 5275 564 5334 Petri
578 5273 683 5334 honus
697 5273 796 5330 sereni
811 5272 840 5330 ln
854 5271 900 5328 die
914 5269 1069 5331 dedicatio·
1126 5277 1200 5338 dem
1217 5277 1392 5338 ecclesiam
1419 5275 1473 5337 die
1494 5275 1707 5338 visitaverint
1724 5275 1922 5351 praetaxato,

314 5363 519 5469 ntsnejueuem
555 5360 763 5434 indulgentiam
793 5360 829 5420 2⁰
856 5359 967 5419 ereum
1001 5375 1069 5418 aen·
1126 5374 1246 5450 viginti
1273 5375 1343 5435 mes
1368 5374 1408 5435 ue
1437 5373 1597 5451 injunctis
1629 5371 1694 5433 sius
1719 5372 1923 5448 penitentis

314 5453 399 5512 ὓθὼῑ·
1126 5471 1388 5534 misericorditer
1397 5471 1600 5536 relaxamus
1617 5470 1736 5532 Datum
1751 5469 1922 5538 Laterani,

318 5571 486 5634 Honorius
497 5569 681 5646 episcopus,
694 5581 811 5630 servus
820 5564 1069 5635 servorumbei,
1125 5571 1198 5630 XVI
1227 5567 1358 5630 kalend.
1381 5567 1542 5646 januarii,
1571 5565 1785 5644 pontificatus
1811 5566 1920 5628 nostri

281 5669 446 5731 universis
462 5666 583 5728 Christi
605 5665 756 5732 fidelihus
780 5662 1013 5728 accedentibus
1028 5662 1069 5724 ad
1125 5679 1213 5730 enno
1226 5667 1295 5726 Vll.
