4108 6328
311 301 372 362 863
929 290 1105 353 HONORII
1127 293 1172 354 III
1194 293 1342 355 OPERA.
1897 299 1955 360 864

312 460 361 522 uti
381 455 570 535 hujusmodi
594 455 714 518 litteris
735 450 977 522 diderentibus,
998 450 1105 514 dictus
1161 453 1248 529 quod
1272 469 1329 514 eos
1352 451 1392 514 da
1414 455 1492 530 jure
1519 469 1585 515 non
1609 456 1761 532 poterant
1790 456 1831 518 aa
1856 470 1954 518 suum

312 557 414 620 abbas
429 555 552 616 etsdem
568 553 735 631 judicibus
751 568 770 612 a
786 549 881 612 nobis
901 565 962 627 per
977 549 1106 610 litteras
1160 567 1282 612 vocare
1305 551 1490 628 judicium;
1519 569 1619 630 quarm
1644 553 1676 613 id
1702 571 1744 614 ex
1767 555 1955 618 litterarum

312 655 443 716 nostras
465 653 538 714 dari
562 650 704 712 obtinuit
729 652 764 711 in
791 648 977 726 praeceptis,
1006 648 1041 708 ut
1072 647 1106 706 in
1161 649 1308 726 Ipsarum
1338 650 1499 712 beneflcio
1533 667 1598 711 non
1631 651 1802 713 haberent.
1831 657 1953 716 Verum

311 769 413 815 cansa
429 753 501 828 ipsa
516 749 732 827 procederent
743 749 839 824 juxta
860 746 1007 824 priorum
1023 761 1106 805 con·
1161 763 1260 823 parram
1287 749 1468 824 prosper-te
1494 748 1635 810 adversa
1662 750 1795 826 quidam
1819 767 1955 829 compa-

310 850 484 913 tinentIam
514 848 719 916 litterarum,
750 845 790 905 de
823 859 862 904 eo
899 858 971 919 quae
1005 857 1105 902 causa
1161 843 1295 917 ruisset,
1312 848 1344 906 et
1361 845 1402 906 ad
1417 847 1660 922 impetrandum
1676 850 1708 909 et
1722 849 1954 911 contradicen-

311 947 420 1009 fuerat
441 947 482 1006 ad
508 961 567 1006 nos
589 945 763 1014 instructa,
787 941 983 1004 transmissa
999 941 1031 1000 et
1050 955 1106 999 re-
1161 930 1237 1002 dum
1266 944 1496 1020 proponendas
1523 945 1774 1018 excusationes,
1798 947 1840 1008 ecl
1866 949 1954 1008 reci.

311 1047 483 1121 missaper
496 1042 732 1118 negligentiam
746 1043 817 1118 ejus
829 1039 869 1100 ad
880 1038 1012 1115 judices
1028 1053 1104 1097 suos

311 1143 499 1220 praedictos,
519 1156 557 1202 ac
573 1139 613 1199 de
628 1137 748 1199 litteris
768 1153 869 1212 super
883 1137 946 1196 boc
962 1135 1001 1195 ab
1022 1135 1104 1211 ipsis

311 1238 469 1302 fratribus
490 1236 675 1314 impetratis
698 1251 762 1296 non
787 1234 900 1294 habita
920 1233 1102 1304 mentione;

311 1353 476 1416 quumque
489 1336 554 1411 ipsi
570 1334 688 1396 fratres
702 1332 890 1410 huJusmodi
906 1331 1102 1400 litterarum,

310 1437 508 1498 auctoritate
532 1433 624 1494 citati
647 1432 870 1508 proponerent
884 1445 996 1489 coram
1013 1443 1102 1504 prae-

310 1533 386 1595 fatis
418 1530 601 1609 jndicibus,
639 1529 725 1607 quod
758 1544 873 1589 earum
907 1526 1102 1587 auctoritate

300 1631 490 1715 rprocedere
514 1646 580 1690 non
605 1627 781 1698 debebant,
809 1641 868 1702 pro
893 1641 932 1686 eo
957 1622 1043 1700 qnod
1068 1623 1102 1682 in

309 1731 357 1792 eis
377 1730 501 1790 mentio
527 1727 568 1788 do
590 1726 757 1803 praedirtis
782 1724 893 1800 aliqua
908 1738 974 1782 non
991 1721 1100 1791 flebat,

308 1828 374 1906 ipsi
384 1827 515 1904 judices
526 1825 742 1886 nihilominus
759 1823 831 1899 post
845 1819 1101 1898 appellationem

308 1925 349 1986 ad
374 1941 435 1986 nos
463 1924 610 1999 legitime
636 1920 881 1998 interpositam,
910 1918 944 1978 in
968 1917 1102 1992 negotio

308 2039 483 2101 perperam
505 2021 732 2097 procedentes,
759 2017 963 2078 definitivam
985 2016 1101 2075 contra

310 2137 366 2180 eos
376 2135 476 2195 supra
486 2117 661 2194 principali
673 2115 869 2176 sententiam
882 2113 1099 2189 protulerunt,

309 2217 341 2277 et
351 2215 547 2276 auctoritate
558 2215 744 2274 litterarum
755 2228 813 2288 pro
826 2212 918 2286 parte
927 2208 1101 2286 hospitalis

307 2312 569 2389 impetratorum,
586 2310 620 2370 in
637 2308 768 2385 negotio
796 2307 974 2386 procedere
1001 2307 1103 2366 dene-

308 2413 440 2486 garunt,
469 2425 568 2485 super
597 2410 667 2483 jam
696 2407 792 2468 dictis
827 2405 984 2481 expensis
1017 2404 1101 2464 nibil

308 2508 440 2584 penitus
452 2505 669 2567 decernendo.
682 2507 786 2575 Quum
797 2507 907 2565 autem
919 2501 1100 2562 venerabili

309 2605 405 2667 fratri
422 2605 534 2666 nostro
549 2604 703 2680 episcopo
718 2601 873 2676 Agriensi
888 2603 921 2661 et
936 2601 1005 2659 suis
1021 2615 1102 2660 con-

308 2702 477 2780 judicibus
498 2703 532 2762 in
557 2701 722 2762 communi
749 2699 854 2759 forma
879 2697 1102 2758 commisisse-

306 2818 380 2864 mus
391 2799 580 2879 bujusmodi
591 2797 817 2875 quaestionem,
831 2795 986 2872 praefatus
998 2794 1099 2854 abbas

306 2898 596 2974 adapostolicam
627 2895 743 2956 sedem
777 2893 951 2964 accedens,
988 2907 1100 2952 coram

306 2997 490 3056 venerabili
505 2995 606 3056 fratre
617 2996 728 3054 nostro
740 2991 920 3051 Albanensi
932 2991 1097 3066 episcop0,

307 3093 370 3154 sibi
395 3110 415 3154 a
436 3092 531 3153 nobis
556 3092 706 3152 auditore
730 3105 905 3159 concesso,
928 3089 1100 3164 proposuit

307 3189 393 3266 quod
409 3190 488 3249 olim
506 3189 576 3264 ipse
592 3203 651 3263 pro
667 3203 702 3246 se
723 3189 755 3247 et
776 3188 940 3246 conventu
955 3201 1015 3245 suo
1031 3186 1100 3245 liti-

307 3289 416 3364 gante,
440 3286 554 3354 contra
577 3286 696 3344 fratros
718 3283 849 3342 eosdem
866 3298 977 3342 coram
994 3282 1098 3342 felicis

306 3383 562 3445 reminiscentiae
579 3385 603 3442 Ι.
622 3397 704 3458 papa
714 3381 957 3457 praedecessore
974 3381 1096 3450 nostro,

1160 1041 1315 1117 piendum
1330 1043 1507 1102 terminum
1531 1058 1590 1118 per
1614 1043 1735 1119 prioris
1760 1047 1792 1107 et
1813 1044 1953 1106 fratrum

1159 1139 1264 1214 ipsius
1290 1138 1463 1215 hospitabs
1490 1140 1617 1201 litteras
1650 1143 1863 1218 procurator,
1899 1145 1953 1204 cui

1160 1236 1278 1296 festum
1303 1238 1568 1298 ResurrectionIs
1595 1240 1775 1300 Dominicae
1801 1242 1953 1316 proxime

1160 1333 1362 1408 praeteritum
1388 1334 1551 1396 terminus
1587 1335 1667 1408 fuit,
1704 1353 1769 1414 quo
1805 1339 1951 1414 priorem

1159 1430 1332 1506 hospitalis
1356 1435 1531 1494 venturum
1562 1434 1720 1507 asseruit,
1749 1437 1950 1511 assignatus,

1158 1530 1191 1590 et
1203 1544 1265 1589 nec
1278 1531 1312 1589 in
1329 1532 1487 1606 praedicto
1497 1533 1650 1604 termino,
1666 1547 1727 1592 nec
1743 1535 1816 1609 post
1829 1535 1948 1610 ipsum,

1157 1630 1949 1710 exspectatusaliquamdiu,comparuerItaliquis

1158 1726 1948 1806 propraedictohospitalilegitimusresponsalis

1157 1823 1288 1901 petebat
1308 1825 1393 1886 idem
1418 1825 1533 1896 abbas,
1557 1827 1593 1886 ut
1614 1825 1805 1901 predictam
1827 1827 1951 1888 confir-

1158 1935 1322 1981 maremus
1347 1922 1559 1992 sententiam,
1582 1925 1615 1982 et
1638 1922 1827 1983 executioni
1853 1939 1949 1984 man·

1157 2018 1236 2078 dare
1249 2017 1431 2079 faceremus
1442 2018 1601 2090 eamdem,
1616 2019 1811 2082 mandantes
1822 2023 1949 2097 partem

1157 2117 1330 2177 adversam
1342 2116 1382 2176 ad
1395 2117 1636 2178 restitutionem
1657 2117 1823 2179 fructuum
1840 2118 1949 2179 medio

1156 2215 1304 2289 tempore
1323 2217 1563 2290 perceptorum,
1581 2215 1670 2276 etad
1688 2215 1948 2278 satisfactionem

1157 2328 1387 2389 expensarum,
1413 2328 1495 2388 qrras
1520 2316 1655 2388 propter
1676 2313 1738 2374 boc
1762 2314 1850 2374 idem
1873 2331 1947 2374 rno-

1157 2411 1337 2470 nasterium
1353 2411 1519 2480 sustinuit,
1534 2411 1758 2472 condemnari.
1774 2412 1857 2482 Quia
1869 2428 1947 2472 vero

1157 2509 1356 2569 memoratus
1383 2508 1580 2569 albanensis
1617 2511 1751 2585 propter
1785 2507 1948 2570 defectum

1157 2606 1382 2680 procuratoris
1394 2605 1580 2683 hospitalis
1592 2607 1780 2668 mandatum
1795 2607 1837 2666 ad
1850 2623 1949 2682 agen·

1156 2703 1232 2762 dum
1256 2703 1424 2763 sufficiens
1449 2719 1514 2764 non
1538 2703 1704 2774 babentia,
1726 2705 1761 2764 in
1783 2704 1871 2766 dioto
1888 2719 1949 2765 ne-

1155 2801 1244 2876 gotio
1259 2816 1334 2861 non
1358 2803 1502 2878 potuerit
1517 2801 1640 2862 babere
1656 2817 1857 2878 processum,
1879 2803 1948 2862 dis-

1156 2899 1357 2960 cretionibus
1372 2899 1503 2970 vestris,
1527 2899 1567 2959 de
1587 2899 1715 2961 abbatis
1735 2901 1768 2960 et
1787 2915 1948 2976 procura-

1154 2999 1236 3059 toris
1273 2997 1461 3058 eorumdem
1496 3012 1637 3057 assensu
1673 3013 1732 3074 per
1757 2998 1946 3073 Apostolica

1155 3096 1277 3171 scrtpta
1301 3095 1508 3165 mandamus
1543 3098 1705 3170 quatenus
1734 3093 1775 3156 de
1798 3095 1947 3170 appella-

1154 3194 1243 3254 tione
1260 3193 1405 3266 legitime
1424 3195 1672 3266 cognoscentes,
1695 3193 1728 3252 et
1749 3193 1946 3253 senteutiam

1154 3291 1387 3352 confirmantes
1396 3289 1446 3349 vel
1459 3289 1678 3360 infirmantes,
1691 3291 1851 3360 eamdem,
1861 3291 1947 3352 sicut

1154 3389 1194 3448 de
1205 3391 1281 3465 jure
1296 3388 1405 3458 fuerit,
1422 3387 1643 3462 appellatione
1659 3387 1851 3464 postposita,
1878 3389 1948 3448 sta-

306 3498 407 3559 super
421 3481 569 3551 decimis,
586 3481 627 3540 de
642 3479 793 3550 omnibus
811 3478 900 3538 villis
916 3479 948 3538 et
962 3494 1097 3553 posses·
1153 3487 1211 3548 tim
1240 3485 1409 3556 facientes,
1424 3485 1508 3560 quod
1535 3483 1679 3555 dehetis,
1706 3501 1765 3560 per
1788 3501 1945 3546 censuras

306 3580 466 3650 sionibus,
489 3595 571 3655 quas
596 3579 630 3638 in
657 3577 815 3638 comitatu
842 3576 976 3652 Simeglt
1001 3575 1099 3636 habet
1153 3582 1943 3652 ecclesiasticasfirmiterobservari.Testesetc.

305 3679 470 3754 hospitale
486 3678 690 3754 pradictum,
708 3679 740 3736 et
757 3677 814 3736 lite
830 3691 941 3736 coram
955 3691 993 3736 eo
1010 3675 1097 3750 legi·
1154 3681 1288 3753 Quodsi
1303 3697 1380 3752 non,
1395 3681 1457 3741 ete.
1475 3681 1592 3741 Datum
1604 3679 1736 3751 Tibure,
1747 3683 1775 3742 V
1787 3679 1944 3740 kalendas

304 3778 384 3838 time
400 3777 593 3846 contestata,
611 3776 741 3835 denurm
757 3777 831 3851 post
843 3775 1003 3844 diversas,
1020 3774 1097 3833 hinc
1148 3780 1248 3854 junii,
1266 3794 1354 3839 anno
1368 3793 1466 3838 nono.

304 3875 381 3935 inde
396 3875 646 3935 commissiones
662 3874 823 3944 obtentas
841 3872 1019 3948 superbos
1037 3871 1099 3932 fuit

305 3987 325 4032 a
348 3971 443 4032 nobis
458 3971 545 4032 dieto
561 3971 811 4047 archiepiscopo
834 3973 865 4032 et
888 3971 958 4030 suis
980 3972 1099 4046 conju·

305 4067 434 4128 dicibus
450 4083 550 4128 causa
572 4069 758 4139 commissa,
774 4069 829 4145 qui
850 4083 949 4144 quum
972 4067 1013 4127 ad
1036 4084 1098 4128 nos

304 4165 512 4226 remisissent
531 4166 690 4236 eamdem,
711 4182 772 4226 nec
798 4167 838 4226 do
867 4167 972 4241 ipsius
1001 4164 1097 4225 nobis

304 4264 432 4324 meritis
448 4265 601 4324 constare
617 4263 780 4338 potuisset
801 4263 841 4322 ad
867 4263 1010 4339 plenum.
1028 4264 1097 4322 Nos

304 4362 353 4423 eis
369 4363 541 4438 postquam
565 4360 627 4422 fuit
649 4375 760 4421 coram
785 4359 879 4420 nobis
903 4360 1098 4436 aliquandiu

304 4459 516 4537 disputatum,
545 4459 694 4520 dedimus
721 4459 841 4519 iterum
870 4457 904 4518 in
932 4458 1097 4518 mandatis

1454 4019 1651 4106 CLXVIII

1152 4177 1204 4235 Ad
1217 4177 1411 4249 episcopum
1426 4176 1669 4244 Pentelensem,
1679 4177 1718 4234 A.
1730 4176 1766 4235 s.
1782 4173 1942 4250 tapetum.

1184 4305 1302 4369 illapsi„
1315 4304 1360 4354 lib.
1372 4304 1415 4362 IX,
1425 4303 1498 4367 epist.
1509 4303 1564 4352 338.
1577 4305 1635 4354 tiss.
1646 4305 1682 4354 Lu
1693 4305 1769 4354 Porta
1778 4303 1812 4354 du
1822 4303 1911 4366 Tacit]

1439 4421 1473 4476 28
1493 4419 1560 4476 maii
1581 4419 1660 4476 liis.

304 4559 340 4618 ut
364 4559 471 4633 ipsum
493 4559 591 4633 Juxta
616 4557 754 4618 formam
782 4557 814 4616 in
841 4554 1006 4632 prioribus
1033 4555 1098 4616 sibi
1152 4545 1267 4604 Mandat
1291 4547 1317 4603 ei
1338 4553 1369 4604 ut
1393 4545 1563 4602 sententiam
1579 4544 1719 4601 interdicti
1735 4551 1763 4601 et
1778 4559 1940 4602 excommu·
2031 4547 2032 4560 *

302 4654 459 4715 traditam
474 4654 594 4716 litteris
616 4655 845 4716 terminarent·
871 4657 1041 4729 Qfflfflque
1056 4651 1096 4714 ab
1188 4635 1349 4702 nicationis,
1366 4648 1452 4706 quam
1471 4632 1498 4688 in
1516 4633 1682 4705 episcopum
1701 4634 1861 4690 Tullensom
1873 4633 1942 4690 tulo·

304 4751 353 4811 eis
371 4751 538 4827 praedictis
555 4751 673 4814 fratres
690 4751 897 4814 frustratorie
914 4767 1096 4828 provocas·
1189 4731 1241 4794 [δι’
1258 4725 1375 4781 mmm·

304 4850 388 4920 sent,
405 4848 505 4908 iidem
524 4850 654 4925 judiees
676 4850 892 4926 appellationi
917 4865 983 4910 non
1006 4849 1063 4910 del
1080 4882 1098 4895 -
1192 4851 1371 4920 Honorius
1390 4849 1464 4919 etc,
1486 4847 1669 4910 venerabili
1685 4847 1778 4910 fratri
1782 4891 1843 4908 .....
1855 4850 1943 4924 epis-

302 4947 414 5007 rentes
436 4961 565 5016 eorum,
592 4963 690 5022 qrram
713 4947 865 5008 frivolam
887 4946 1095 5022 reputabant.
1152 4965 1234 5024 copo
1262 4947 1449 5019 Portuensi,
1478 4946 1675 5024 Apostobce
1702 4947 1796 5007 Sedis
1823 4946 1939 5022 legato,

303 5043 508 5105 definitivam
524 5058 584 5120 pro
606 5044 720 5104 eodem
744 5045 862 5106 abbate
878 5061 917 5104 ac
932 5046 1096 5105 conuentu
1153 5046 1294 5106 salutem
1309 5049 1343 5107 et
1356 5043 1579 5121 apostolicam
1594 5043 1867 5106 benedictionem.

304 5142 502 5204 senteutiam
517 5141 673 5216 exigente
686 5142 817 5217 justitia
833 5133 1094 5218 promulgarunt.
1192 5143 1362 5204 intellecto
1378 5159 1438 5218 per
1452 5143 1579 5204 litteras
1603 5144 1689 5212 tuas,
1706 5141 1848 5218 qualiter
1865 5157 1942 5202 con-

303 5242 426 5301 Verum
459 5239 589 5316 prelati
617 5240 737 5300 fratres
764 5240 920 5316 prachcto
943 5240 1097 5316 Agricnsi
1150 5243 1201 5302 tra
1207 5283 1266 5300 .....
1294 5241 1481 5301 Tulleusem
1515 5241 1706 5316 episcopum
1739 5237 1938 5316 processisti,

303 5337 469 5415 episcope,
483 5338 516 5397 ot
527 5341 600 5416 ejus
613 5337 750 5413 collegis
763 5353 863 5415 snper
874 5338 1096 5415 appellatione
1152 5339 1381 5415 suspensionis
1398 5339 1515 5414 primo,
1536 5353 1576 5398 ao
1600 5337 1807 5414 postmodum
1823 5338 1940 5397 ineunt

304 5449 364 5494 sua
387 5434 514 5496 litteras
533 5435 747 5496 obtinuerunt
762 5437 969 5512 Apostolicas
989 5435 1095 5497 desti·
1151 5436 1503 5498 excommunicationis
1514 5436 1695 5498 sententias
1706 5431 1939 5511 promulgando

303 5531 389 5603 nari,
405 5531 461 5608 qni
482 5533 568 5596 ultra
588 5533 671 5594 duas
695 5533 811 5596 diaetas
827 5550 846 5594 a
862 5533 1096 5610 praedictorum
1150 5549 1212 5594 nos
1233 5533 1382 5594 volentes
1402 5533 1511 5610 potius
1533 5533 1569 5593 in
1592 5531 1830 5602 misericordia,
1846 5545 1939 5607 quarn

304 5628 954 5702 abbatisetconventusdistabatditione,
963 5633 1096 5708 propter
1146 5631 1285 5707 judicio,
1315 5632 1402 5690 etin
1429 5630 1683 5692 mansuetudine
1708 5646 1806 5706 quarn
1833 5629 1939 5702 rigore

2024 6191 2026 6325 l
