4002 6326
259 329 318 390 aee
872 329 1046 394 nononu
1069 333 1113 394 ur
1135 331 1282 396 ornan.
1830 333 1879 396 roo
1979 306 1980 351 ³

138 475 149 494 '
260 487 424 557 babuerit,
452 489 485 552 et
505 505 545 552 ea
565 489 668 565 gratis
688 492 722 552 et
739 487 863 568 absque
887 490 1049 568 pravitate
1103 491 1231 555 dilectis
1244 493 1323 554 illlis
1337 491 1473 565 decano,
1490 493 1618 556 cantori
1632 489 1666 556 'et
1681 493 1719 562 P.
1730 493 1880 556 canonico
1978 457 1979 460 Ἴ

259 585 372 662 aliqua
402 585 496 648 vobis
526 587 670 649 voluerit
695 586 864 649 exhibere.
894 589 1048 666 Alioquin
1104 591 1137 649 S.
1156 589 1335 652 audomari
1350 591 1550 652 Morinensis
1570 590 1732 663 diaecesis,
1752 591 1879 654 salutern

259 683 359 744 liceat
382 684 475 744 vobis
491 700 727 762 quemcumque
751 685 936 748 malueritis
955 686 1048 746 adire
1102 687 1135 748 et
1149 688 1370 763 apostolicam
1387 688 1663 750 benedictionem.

258 781 452 852 antistitem,
489 782 546 858 qui
578 784 692 843 nostra
723 782 824 844 tultus
851 784 1048 845 auctoritate
1143 784 1493 847 Dilectitlliidecauus
1509 785 1881 862 etcapitulumecclesiae

258 878 342 954 quod
357 880 733 956 postulaturindulgeat.
749 881 958 958 sepulturam
972 896 1049 957 quo·
1104 882 1215 943 Sancti
1238 883 1412 944 Donatiaui
1429 884 1609 958 Brugensis
1622 885 1817 945 transmissa
1827 899 1881 944 uo-

257 992 322 1052 que
337 975 442 1052 ipslus
459 977 534 1048 loci,
557 977 632 1049 etc,
648 993 755 1051 usquc
769 978 881 1038 nullus
896 977 1046 1050 obsistat,
1102 976 1152 1038 bis
1180 979 1339 1054 petitione
1362 981 1598 1052 monstrarunt,
1629 981 1715 1056 quod
1739 974 1880 1042 omnibuis

258 1072 351 1135 salva
362 1076 472 1134 tamen
480 1074 612 1150 justitia
624 1073 772 1135 matricis
783 1074 949 1136 Ecclesiae.
962 1078 1050 1135 Prae·
1102 1075 1151 1135 eis
1175 1090 1195 1136 a
1218 1077 1301 1136 Sede
1321 1076 1508 1154 apostolica
1530 1077 1573 1138 sit
1598 1077 1775 1149 indultum,
1802 1079 1835 1137 ut
1856 1077 1881 1138 si

257 1173 350 1232 terea
367 1171 467 1233 liceat
480 1171 574 1232 vobis
588 1172 622 1232 in
637 1173 788 1234 ecclesiis
803 1173 923 1234 vestris
936 1187 1049 1232 sacer·
1102 1173 1234 1248 quando
1248 1173 1361 1235 cleriei
1367 1175 1493 1252 jugiter
1507 1176 1688 1236 servientes
1703 1176 1739 1237 in
1752 1175 1881 1236 ecclesia

257 1268 351 1330 dotes
366 1269 502 1345 eligere,
517 1270 1047 1346 etelectusdioecesauoepiscopo
1102 1267 1174 1344 ipsa
1206 1268 1416 1344 deliquerint,
1450 1270 1689 1331 correctionem
1728 1270 1882 1345 recipiant

258 1367 473 1444 praesentare,
488 1367 618 1444 quibus,
635 1368 665 1428 si
684 1367 794 1429 idonei
810 1368 943 1439 luerint,
958 1367 1049 1444 epis·
1102 1364 1190 1426 inira
1215 1365 1408 1438 claustrum,
1440 1367 1508 1428 nisi
1535 1365 1647 1428 lorsan
1675 1381 1779 1443 usque
1808 1367 1881 1432 adeo

257 1478 360 1540 copus
384 1479 498 1524 curarn
522 1465 708 1526 animarum
733 1466 915 1526 committat
940 1467 973 1526 et
998 1463 1046 1526 eis
1103 1461 1226 1524 luerint
1240 1463 1882 1540 graveseorumexcessus,quodmerito

255 1560 297 1622 de
312 1561 553 1638 spiritualibus,
574 1562 668 1623 vobis
690 1563 800 1624 autem
820 1563 861 1624 de
879 1563 1048 1639 tempora·
1102 1558 1243 1622 debeant
1265 1561 1305 1623 ad
1337 1560 1454 1621 Sedem
1482 1562 1705 1637 apostolicam
1726 1560 1881 1622 laborare.

254 1659 342 1720 libus
368 1659 510 1720 debeant
532 1659 743 1736 respondere.
769 1659 861 1721 Nulli
885 1661 1046 1736 praeteraa
1102 1657 1216 1734 Nuper
1224 1656 1426 1719 venerabilis
1437 1657 1660 1720 fraternoster
1672 1659 1883 1720 Tornacensis

254 1755 394 1818 lbetrum
416 1756 516 1818 liceat
536 1759 651 1818 contra
675 1757 784 1834 ipsum
808 1757 970 1828 abbatam,
993 1755 1047 1817 vel
1102 1755 1276 1831 episcopus
1290 1753 1356 1816 loci
1374 1753 1677 1817 dioecesanusduos
1691 1771 1807 1817 eorum
1819 1771 1884 1816 con·
1978 1799 1979 1802 ,

255 1854 370 1915 contra
389 1854 518 1930 priores
539 1853 580 1914 ob
600 1869 640 1916 ea
660 1853 903 1915 rationabiliter
923 1851 1048 1915 cousti—
1101 1851 1279 1914 canonicos
1304 1851 1544 1928 delinquentes,
1570 1853 1627 1929 qui
1655 1854 1755 1929 juxta
1777 1853 1882 1913 indul-

254 1950 546 2026 tutos-insurgere,
564 1952 597 2012 et
617 1951 782 2012 mandatis
801 1967 841 2011 ac
860 1949 1046 2026 disciplinis
1101 1948 1287 2024 genitarum
1309 1949 1456 2027 ipsarum
1484 1951 1632 2014 tenorem
1654 1951 1883 2012 correctionem

252 2047 357 2118 illius,
372 2064 444 2125 quae
457 2047 498 2108 ad
512 2048 699 2108 animarum
714 2047 855 2109 salutem
868 2048 1044 2124 pertinent,
1102 2045 1190 2106 intra
1212 2055 1326 2107 eorum
1353 2046 1534 2109 claustrum
1558 2048 1729 2123 suscipere
1747 2049 1821 2107 sunt
1833 2063 1885 2123 pa·
1978 2083 1979 2086 =

253 2145 432 2206 contraire.
455 2145 558 2206 Justis
576 2160 706 2221 quoque
729 2143 993 2206 ordinationibus
1014 2145 1047 2206 et
1101 2145 1178 2215 rati,
1203 2144 1320 2206 citavit
1340 2145 1427 2221 apud
1449 2148 1692 2206 Tornacensem
1717 2144 1883 2206 ecclesiam

252 2240 596 2302 administrationibus
611 2241 717 2317 ipsius
733 2241 768 2301 in
782 2241 893 2318 aliquo
912 2241 1045 2302 detrac—
1101 2241 1325 2318 corrigendos,
1349 2242 1383 2301 in
1402 2242 1650 2316 derogationem
1673 2242 1886 2318 indulgentia·

251 2341 336 2410 tare,
353 2338 405 2400 vel
419 2340 481 2415 ipsi
495 2338 689 2400 inobediens
704 2338 737 2400 et
752 2339 886 2400 rebellis
901 2339 1045 2400 existere
1100 2354 1174 2402 rum
1189 2341 1335 2416 ipsarum
1350 2341 1383 2400 et
1406 2339 1598 2401 eorumdem
1617 2339 1736 2401 decani
1748 2341 1782 2402 et
1802 2340 1884 2414 capi·

252 2436 366 2497 nullus
389 2451 503 2497 eorum
526 2438 717 2512 praesumat.
741 2437 889 2499 Obeunte
911 2451 993 2498 vero
1013 2437 1046 2498 te
1100 2437 1162 2498 tuli
1177 2435 1883 2514 prejudiciumetgravaman3pr0pterqu0a

254 2549 344 2595 nunc
359 2535 507 2611 ejusdem
522 2533 588 2595 loci
602 2533 731 2606 abbate,
746 2534 799 2595 vel
814 2537 947 2596 tuorum
962 2549 1047 2610 quo·
1101 2534 1165 2610 ipsi
1186 2534 1227 2595 ad
1260 2538 1408 2596 nostram
1436 2534 1641 2596 audientiam
1671 2533 1882 2610 appellarunt

254 2631 335 2693 libet
354 2646 594 2703 successorum,
614 2631 726 2692 nullus
744 2629 792 2691 ibi
807 2629 953 2708 qualibet
968 2629 1047 2692 sub-
1101 2633 1209 2704 Quare
1230 2631 1325 2694 nobis
1347 2647 1390 2692 ex
1411 2633 1505 2708 parte
1520 2631 1715 2693 dilectorum
1733 2631 1886 2693 decantet

255 2729 418 2806 reptionis
428 2729 562 2800 astutia,
575 2744 635 2789 seu
649 2727 807 2790 violentia
821 2731 1044 2807 praeponatur,
1101 2729 1238 2805 capituli
1256 2729 1319 2790 brit
1333 2729 1512 2790 ‘humiliter
1533 2729 1767 2806 supplicatum,
1795 2729 1839 2801 ut,
1860 2729 1885 2788 si

254 2827 321 2888 nisi
341 2842 439 2904 quem
459 2825 578 2889 iratres
602 2827 771 2888 communi
790 2841 965 2898 consensu,
992 2826 1045 2888 vel
1102 2827 1179 2905 quid
1212 2825 1325 2888 forsan
1354 2826 1389 2887 iu
1420 2841 1536 2890 eorum
1565 2827 1797 2904 praeJ‘udicium
1821 2827 1885 2903 post

253 2923 394 2987 fratrum
422 2940 501 3001 pars
534 2924 666 2985 consilii
694 2925 849 2998 sanioris,
866 2924 1047 2986 secundum
1101 2923 1289 3001 hujusmodi
1313 2923 1569 3001 appellationem
1584 2925 1675 2987 esset
1696 2925 1823 2985 temera
1841 2925 1886 2984 at-

253 3021 356 3084 Deum
372 3023 405 3083 et
419 3021 507 3084 beati
519 3021 690 3084 Benedicti
705 3022 866 3098 regulam,
880 3022 921 3082 de
935 3023 1046 3083 vestro
1100 3022 1278 3094 tentatum,
1304 3020 1336 3082 in
1360 3023 1481 3083 statum
1501 3020 1649 3084 debitum
1672 3020 1834 3092 revocari,
1858 3021 1886 3080 et

253 3120 395 3196 collegio
421 3119 578 3184 duxerint
598 3118 798 3194 eligendum.
814 3117 863 3181 Ad
887 3118 1046 3180 indicium
1101 3119 1251 3180 eumdem
1282 3118 1474 3196 episcopum
1504 3117 1545 3180 ab
1569 3133 1683 3180 eorum
1705 3135 1808 3195 super
1830 3117 1884 3177 boc

255 3220 377 3289 autern,
395 3217 480 3294 quod
494 3216 581 3278 idam
601 3217 837 3279 monasterium
858 3215 1048 3294 specialiter
1100 3216 1293 3292 gravamine
1323 3217 1483 3278 desistere
1511 3216 1707 3278 laceremus.
1733 3215 1884 3289 Quocirca

254 3314 344 3376 beati
370 3315 462 3377 Petri
483 3315 572 3392 juris
597 3313 717 3386 exstat,
741 3312 923 3374 bisantium
945 3328 1047 3374 unum
1101 3314 1294 3376 discretioni
1315 3315 1437 3376 vestrae
1465 3329 1525 3392 per
1554 3312 1745 3390 Apostolica
1772 3313 1884 3389 scripta

254 3412 352 3474 nobis
371 3413 560 3488 nostrisque
581 3409 830 3474 successoribus
851 3409 948 3472 anuis
972 3409 1046 3470 sin·
1101 3411 1480 3488 mandemusquatenus,
1497 3411 1527 3472 si
1541 3411 1594 3472 est
1609 3410 1667 3482 ita,
1689 3409 1884 3496 revocatqin

254 3510 343 3586 gulis
363 3509 568 3587 persolvetis.
589 3508 805 3570 Decernimus
820 3508 949 3584 argout
963 3506 1047 3568 nulli
1101 3511 1224 3570 statum
1247 3507 1392 3570 debitum
1419 3507 1577 3585 quidquid
1603 3509 1719 3570 contra
1745 3509 1884 3571 tenorem

255 3608 391 3670 omnino
411 3607 582 3669 homiuum
602 3606 701 3669 licoat
720 3604 893 3683 praelatum
909 3619 1047 3667 monas·
1101 3605 1382 3682 indulgentiamm
1397 3605 1545 3682 ipsarum
1561 3607 1686 3668 temere
1697 3604 1884 3668 inveneritis

253 3705 514 3768 teriumtemere
528 3703 734 3782 perturbare,
752 3703 827 3777 etc,
848 3691 955 3778 usque
969 3716 1047 3779 pro-
1102 3704 1308 3776 attentatum,
1336 3702 1479 3765 audiatis
1505 3703 1533 3764 si
1562 3703 1641 3780 qnid
1662 3701 1767 3766 luerit
1787 3717 1885 3781 quaes-

255 3804 380 3876 lutura,
397 3803 489 3865 salva
510 3802 605 3864 Sedis
619 3801 819 3879 spostolicae
835 3800 1045 3871 auctoritate,
1102 3801 1215 3868 tionis,
1227 3801 1260 3862 et
1274 3801 1497 3878 appellatione
1511 3801 1638 3861 remota
1651 3800 1717 3862 tine
1733 3799 1884 3863 canonico

255 3903 289 3965 et
301 3903 336 3962 in
350 3901 515 3978 praedictis
529 3899 666 3976 capellis
682 3899 945 3962 dioecesanomm
958 3898 1049 3974 epis·
1102 3897 1277 3971 decidatis,
1304 3898 1464 3960 iacientes
1479 3898 1565 3975 quod
1582 3898 1798 3961 decreveritis
1819 3911 1885 3958 auc·

255 4014 414 4076 coporum
437 3998 601 4059 canonica
628 3997 770 4074 justitia.
799 3997 834 4058 Si
857 4013 923 4074 qua
947 3996 1049 4073 igitur
1101 3995 1236 4058 toritate
1257 3997 1371 4057 nostra
1387 3995 1527 4057 tirmiter
1542 3995 1728 4070 observari3
1745 3992 1883 4070 alioquin

255 4096 464 4167 infuturum,
481 4096 543 4157 etc.
560 4093 693 4156 Cunctis
708 4095 830 4166 autam,
848 4095 925 4166 etc,
941 4105 1048 4167 usquc
1102 4093 1270 4169 negotium
1282 4092 1324 4154 ad
1337 4092 1489 4154 eumdem
1498 4093 1689 4170 episcopum
1701 4091 1880 4161 remittatis,

257 4193 417 4256 inveniat.
433 4195 549 4253 Amen.
559 4192 677 4252 Datum
693 4191 827 4267 Signiae,
842 4207 901 4269 per
914 4205 1047 4253 manum
1102 4189 1308 4267 appellantes
1329 4188 1364 4249 in
1392 4190 1549 4267 expensis
1565 4188 1724 4266 legitimis
1744 4189 1884 4251 condem

256 4290 411 4369 magistri
431 4288 592 4351 auidonls
613 4285 738 4348 domini
757 4303 852 4364 papae
870 4287 1046 4364 capellani,
1102 4289 1230 4350 nantas.
1248 4285 1339 4359 Quod
1352 4287 1381 4346 sl
1394 4301 1461 4348 non
1476 4285 1654 4348 omneshis
1672 4283 1884 4364 exsequendis

193 4377 201 4397 ’
255 4391 316 4454 vn
340 4388 408 4450 kal.
431 4386 574 4462 augusti,
599 4383 781 4446 indictione
800 4385 857 4458 XI,
883 4385 1047 4446 lucarna—
1103 4382 1276 4461 potueritis
1293 4383 1466 4456 interesse,
1489 4383 1554 4445 duo
1568 4383 1715 4446 vestrum
1738 4399 1779 4446 ea
1796 4380 1886 4443 nibil·

257 4487 359 4550 donis
392 4481 1048 4558 Dominicaeaun01223,poutiiicatus
1103 4481 1233 4546 ominus
1245 4481 1480 4565 exsequantur.
1495 4482 1612 4543 Datum
1622 4480 1757 4557 Signiae,
1770 4481 1814 4542 Ili
1823 4475 1883 4539 kal.
1980 4463 1981 4528 i

255 4600 336 4650 vero
349 4579 728 4658 dominiHonoriipapae
739 4579 785 4643 111
797 4580 1044 4656 annoseptimo.
1103 4579 1246 4658 augusti,
1263 4577 1474 4656 pontificatus
1494 4578 1599 4639 nostri
1620 4593 1709 4642 auno
1723 4579 1848 4642 octavo.

576 4759 728 4848 CLXXI
1020 4825 1027 4838 ·
1413 4801 1585 4890 eumn

256 4899 310 4960 Ad
334 4899 512 4965 decultum,
537 4893 715 4956 cantorem
734 4895 768 4956 ct
784 4897 826 4955 P.
847 4896 1048 4956 canonicum

327 4988 363 5048 s.
377 4985 567 5047 Avtdomcrt
587 4985 743 5044 dioecesis
757 4985 977 5046 Mutinensis.
1242 4949 1294 5008 Ad
1307 4949 1343 5009 Ν
1342 4947 1523 5008 mrtem
1534 4947 1733 5020 ‘'altimum-

553 5093 658 5167 tljdii
674 5095 751 5153 laia.
1390 5066 1425 5124 25
1435 5065 1500 5139 julii
1514 5065 1592 5123 ΜΒ.

381 5203 501 5270 illitam,
518 5201 599 5265 Opera
611 5199 674 5264 dipl.
689 5206 714 5251 at
725 5201 796 5262 hist,
809 5201 839 5260 ll,
853 5200 920 5264 989]
1187 5182 1315 5247 [Historia
1325 5185 1388 5246 patr.
1402 5193 1517 5230 monum.
1529 5179 1616 5230 chart.
1627 5178 1648 5238 l,
1660 5179 1708 5229 col.
1722 5179 1803 5244 litt]

256 5299 372 5362 Mandat
385 5307 416 5356 ut
431 5299 575 5370 inquirant
586 5303 615 5352 at
629 5295 665 5353 de
675 5295 722 5353 lite
735 5297 926 5370 pronuntient,
943 5296 967 5353 si
982 5295 1049 5369 quid
1102 5289 1286 5350 Novaniensis
1299 5288 1414 5361 capituli
1430 5293 1532 5344 statuta
1543 5287 1584 5343 sic
1596 5293 1746 5358 temperat,
1760 5293 1790 5343 ut
1803 5297 1879 5372 cano·
1980 5279 1981 5308 ¹

293 5380 472 5451 abepiscopo
487 5376 659 5434 lomacensi
674 5373 777 5433 iactum
793 5378 830 5433 sit
847 5381 945 5432 contra
961 5377 1046 5447 privi-
1139 5373 1194 5428 uici
1219 5377 1283 5427 cota
1304 5369 1348 5424 val
1375 5381 1445 5439 capa
1466 5365 1548 5438 nigra
1569 5372 1598 5422 et
1617 5366 1713 5422 clausa
1736 5371 1881 5423 utanturrn
1980 5375 1981 5400 ι

290 5459 370 5532 legia¹
388 5473 403 5514 a
421 5455 493 5514 Sede
512 5457 674 5529 apostolica
690 5455 819 5514 ecclesiae
848 5457 876 5512 s.
899 5455 1047 5512 Donatiant
1138 5450 1284 5508 matutinis
1294 5456 1323 5506 et
1334 5447 1429 5504 missis
1440 5453 1469 5502 et
1480 5443 1603 5502 sufficiat
1615 5445 1746 5502 aesarius
1759 5454 1882 5502 uumerus

292 5537 448 5611 Brugensis
458 5549 605 5593 consume.
1136 5528 1315 5587 sacerdotum
1331 5524 1583 5599 archipresbytero.

296 5645 656 5721 Honoriusepiscopus,
667 5659 783 5706 servus
794 5657 967 5705 servorum
976 5644 1045 5715 Dei,
1142 5644 1309 5707 Honorius
1318 5643 1502 5721 episcopus,
1515 5655 1808 5705 servasservorum
1817 5637 1878 5704 Dei,
1980 5619 1981 5708 i
