4102 6322
295 368 334 444 10
920 363 1098 434 nouauit
1119 371 1165 433 111
1186 367 1336 433 OPERA.
1895 371 1948 432 20

295 521 477 608 pellatione
497 531 679 610 postposita
701 531 950 610 compescendo.
971 534 1091 594 mium
1145 535 1294 596 mentum
1308 532 1616 613 donationis,⁸quod
1634 532 1837 595 Credindens
1857 531 1947 594 Gre—
2029 480 2032 640 ἱ

298 629 465 704 Laterani,
481 632 526 694 vi
541 631 608 692 kal.
624 630 813 692 novembris
831 645 920 692 anno
935 632 1041 693 sexto.
1146 631 1257 694 dindei
1274 630 1322 712 (1)
1347 632 1499 694 dominus
1518 631 1683 704 Theatin„
1698 631 1817 694 timore
1834 629 1942 693 laturi

1142 731 1274 806 judicii,
1290 731 1379 794 dicto
1394 731 1595 792 monasterio
1609 729 1879 801 irrevocabiliter,
1893 729 1941 788 de

632 837 759 926 XXIV
825 815 829 843 ⁸
1145 829 1217 890 suis
1252 829 1396 908 propriis
1428 829 1524 890 bonis
1560 828 1759 890 condonavit
1792 828 1939 889 castrum

1148 941 1255 1000 suum,
1272 926 1358 1005 quod
1378 927 1500 988 dicitur
1519 927 1604 988 Fare
1623 925 1734 987 Sancti
1749 925 1881 986 Martini
1893 925 1938 985 de

299 981 351 1041 Ad
368 982 555 1044 3⁰3⁰er
577 984 865 1058 Vesfflmoemem
885 983 1090 1058 ‘'²’sspr
1147 1025 1242 1087 Valle
1256 1041 1332 1087 curn
1344 1025 1440 1086 bonis
1451 1023 1624 1087 stabilibus
1636 1024 1741 1101 ipsius
1754 1023 1934 1094 districtus,

547 1105 582 1164 ro
593 1105 757 1163 novembris
769 1106 848 1164 litt.

397 1219 528 1286 [Tbeinen
541 1221 655 1272 bionum.
666 1219 811 1284 Sangario,
820 1221 841 1280 l,
853 1219 893 1279 dil,
905 1234 930 1270 n.
939 1219 993 1284 aa]

350 1326 493 1400 Episcopo
512 1327 716 1400 vesprimiensi
733 1325 860 1384 redditus
877 1339 927 1400 per
946 1327 1040 1400 ipsum

447 1417 596 1474 canonicis
607 1416 772 1490 assignatos
785 1415 946 1474 contlrmat.

338 1533 505 1595 Honorius
521 1533 706 1612 episcopus,
728 1536 803 1608 etc,
825 1532 1010 1595 venerabili
1025 1531 1095 1594 lra-

294 1629 391 1692 trl....
408 1633 649 1709 vesprimiensi
673 1631 840 1709 episcopo,
861 1630 1012 1703 salutem,
1030 1632 1091 1692 etc.

339 1731 427 1790 Sane
442 1742 516 1790 eum
537 1730 628 1802 olim,
649 1729 681 1792 te
703 1729 799 1791 nobis
821 1729 993 1790 humiliter
1007 1743 1090 1806 sup·
1113 1779 1115 1786 .

298 1823 453 1901 plicante,
469 1829 505 1888 ut
517 1827 729 1903 providendis
745 1827 895 1889 ecelesiae
907 1829 973 1889 tuae
989 1840 1094 1888 cano-

299 1923 397 1996 nicis,
414 1924 582 2002 quierant
604 1925 798 2002 paupertate
821 1925 962 2000 gravati,
979 1923 1019 1984 de
1034 1939 1096 2000 pa-

296 2019 502 2082 rochialibus
521 2019 673 2082 ecclesiis
696 2023 763 2083 tuae
787 2021 956 2090 dioecesis,
979 2020 1031 2083 vel
1054 2019 1094 2080 de

298 2117 483 2178 redditibus
494 2117 737 2196 episcopalibus
748 2117 1009 2180 tibilacultatem
1021 2132 1095 2179 con-

299 2212 418 2274 cedere
436 2214 660 2290 dignaremur,
678 2231 739 2276 nos
756 2214 816 2276 tibi
839 2216 962 2276 nostris
978 2215 1093 2276 dedis-

301 2325 412 2371 semus
428 2311 547 2374 liiteris
563 2313 598 2372 in
612 2311 787 2386 mandatis,
803 2313 839 2375 ut
851 2329 951 2390 super
962 2311 1054 2374 hocs
1074 2344 1094 2357 -

299 2423 406 2481 ceres,
428 2411 514 2486 quod
542 2411 722 2472 seeundum
747 2413 851 2472 Deum
874 2414 907 2474 et
928 2409 1094 2488 generalis

300 2505 423 2568 statuta
439 2507 579 2568 Concilii
599 2520 754 2571 nosceres
777 2508 962 2570 iaciendum
980 2507 1096 2572 :tude

300 2605 368 2666 tuis
383 2603 565 2668 redditibus
581 2605 622 2666 ad
634 2607 908 2669 sustentationem
921 2608 1097 2668 canonico·

302 2715 376 2762 rum
404 2702 555 2779 ipsorum
582 2705 714 2765 centum
747 2719 936 2765 marcarum
967 2718 1095 2765 annuos

300 2799 450 2861 redditus
477 2801 668 2876 assignasti,
693 2803 792 2879 prout
817 2802 852 2863 in
885 2803 952 2864 tuis
975 2802 1095 2863 litteris

298 2897 419 2958 exinde
435 2899 593 2984 coniectis
609 2900 821 2977 perperimus
836 2900 965 2977 plenius
982 2901 1094 2962 conti-

299 2995 383 3056 neri.
413 2997 481 3058 Nos
510 2999 629 3075 itaque·
647 2998 714 3061 tuis
741 2998 897 3078 precibus
931 2999 1093 3071 inclinati,

300 3092 387 3168 quod
409 3109 467 3168 per
487 3095 520 3154 te
537 3110 638 3170 super
661 3095 713 3156 his
733 3096 871 3172 provide
895 3098 1004 3158 actum
1029 3099 1093 3167 est,

300 3189 499 3250 auctoritate
510 3191 698 3266 apostolica
710 3193 956 3264 confirmamus
971 3193 1004 3254 et
1017 3210 1097 3268 prae-

301 3285 405 3346 sentis
421 3285 536 3362 scripti
546 3287 729 3362 patrocinio
739 3289 990 3349 communimus.
1005 3289 1096 3349 Nulli

303 3397 394 3458 ergo,
407 3383 483 3454 eta,
497 3385 617 3444 nostrae
629 3383 891 3446 confirmationis
901 3384 1094 3461 intringere.

302 3479 338 3539 si
353 3479 426 3556 quis
439 3481 564 3552 autem,
577 3481 640 3541 etc.
649 3481 767 3542 Datum
783 3482 950 3555 Laterani,
964 3485 1007 3544 IV
1021 3483 1096 3544 idus

291 3576 501 3656 novembris,
518 3577 729 3654 pontificatus
744 3579 850 3640 nostri
865 3595 953 3641 auno
967 3583 1074 3642 sexto.

644 3775 751 3862 XXV

339 3918 392 3978 Ad
405 3917 560 3978 abbatem
577 3917 611 3978 et
625 3919 833 3980 convectum
850 3920 1056 3982 mortuaest

470 4005 589 4066 Sancti
602 4007 751 4066 Marti-ret
765 4009 806 4066 de
825 4009 924 4068 Valle.

543 4123 577 4182 l0
591 4125 756 4184 novembris
772 4127 852 4184 ital.

555 4237 831 4304 [aurivomos]

300 4347 428 4407 abbatie
450 4347 546 4406 Sancti
569 4347 683 4404 biartlui
705 4346 741 4403 de
755 4347 836 4406 Valle
855 4346 1096 4407 lustimtionema

335 4438 492 4498 Credindeo
505 4435 543 4510 (l)
559 4433 988 4506 iaetamcondrma13ecclesles
1003 4438 1096 4495 eidem

335 4527 510 4584 monasterio
526 4524 670 4599 subjectas
692 4532 840 4581 enumerat
846 4539 856 4596 3
878 4524 965 4594 bona,
983 4540 1018 4583 ac
1032 4527 1097 4598 iura

335 4621 439 4674 tuetur.

339 4734 506 4794 Honorius
518 4733 703 4812 episcopus,
714 4733 792 4804 etc,
803 4731 934 4794 dilectis
949 4729 1101 4793 tiliisab-

1146 1126 1244 1200 cujus
1259 1121 1406 1184 contines
1425 1123 1509 1184 tales
1523 1119 1788 1184 inscribebantur
1808 1119 1937 1181 :Vallis
2035 1146 2036 1227 p

1144 1221 1249 1297 Cape,
1281 1221 1381 1298 Sylva
1411 1220 1631 1290 Montanaria,
1659 1219 1767 1280 Peirae
1790 1217 1938 1279 Fraeidae

1148 1318 1299 1390 aimoni,
1319 1318 1505 1388 Pesculum,
1529 1317 1689 1388 Pandam,
1706 1315 1882 1377 Pesculum
1897 1314 1939 1374 de

1149 1415 1285 1494 apoleri
1298 1416 1340 1478 de
1355 1416 1488 1478 Recoha
1503 1415 1677 1487 Judicella,
1691 1413 1836 1475 Portelle
1849 1411 1942 1472 iron-

1148 1513 1282 1590 desque,
1300 1515 1395 1574 Mons
1418 1513 1537 1585 Malus,
1558 1514 1659 1573 Serra
1682 1510 1723 1572 de
1742 1511 1857 1580 Ponto,
1875 1511 1939 1569 Ee-

1148 1611 1238 1672 mina
1261 1612 1380 1683 Morta,
1398 1610 1545 1683 Sulcum,
1562 1611 1661 1672 Serra
1675 1607 1830 1681 Orientis,
1844 1609 1941 1668 Serra
2038 1646 2039 1650 =

1149 1707 1254 1770 Vallis
1269 1711 1381 1782 Bonae,
1399 1709 1603 1785 seregetum,
1625 1709 1743 1779 Furea,
1761 1708 1861 1767 Serra
1875 1705 1944 1765 llo-

1148 1807 1234 1878 taro,
1244 1807 1346 1869 Collis
1358 1809 1529 1874 Sermone,
1541 1808 1637 1867 Mons
1647 1805 1785 1875 Giraldi,
1799 1801 1944 1864 Portelle

1150 1905 1297 1975 Ferucae,
1312 1906 1399 1966 Fons
1415 1904 1598 1975 Renaliosi,
1610 1907 1676 1964 Ara
1688 1900 1850 1972 Casnleri,
1863 1901 1943 1960 Cere

1150 2003 1277 2074 Piconi,
1304 2005 1394 2063 Pena
1415 2003 1532 2074 Cerva,
1556 2017 1631 2062 cum
1653 1999 1803 2061 aediliciis
1824 1998 1861 2058 in
1880 1997 1945 2057 ilu-

1149 2100 1238 2160 mine
1254 2099 1354 2161 viridi
1371 2102 1587 2177 perLongon,
1602 2101 1697 2175 eujus
1715 2097 1755 2158 de
1772 2096 1872 2158 terris
1892 2109 1945 2156 se-

1147 2197 1318 2258 minativis
1347 2198 1562 2259 ducentorum
1591 2195 1788 2256 modiorum.
1807 2196 1942 2264 Verum,

1150 2295 1250 2356 etiem
1268 2295 1354 2371 quod
1370 2294 1503 2371 quidam
1526 2292 1654 2355 nobiles
1670 2291 1865 2352 ¹christicoli
1880 2289 1945 2368 ipsi

1150 2393 1353 2454 monasterio
1366 2393 1525 2454 ecclesias
1541 2407 1600 2468 per
1610 2405 1667 2452 eos
1680 2389 1809 2451 domtas
1824 2387 1866 2449 ad
1882 2387 1946 2449 ool-

1151 2490 1308 2551 lationem
1330 2491 1613 2555 condonaverunt,
1635 2503 1718 2565 quas
1740 2487 1782 2548 iis
1799 2483 1944 2564 propriis

1151 2588 1340 2649 nominibus
1369 2589 1581 2665 appellarunt
1597 2608 1604 2646 :
1622 2585 1803 2648 Ecclesiam
1832 2583 1945 2644 Sancti

1152 2686 1325 2762 sylvestri,
1337 2686 1512 2748 ecelesiam
1531 2684 1643 2747 Sancti
1655 2683 1756 2755 Petri,
1768 2681 1945 2744 ecclesiam

1152 2783 1266 2846 Sancti
1294 2783 1427 2860 angeli,
1456 2783 1631 2844 eeclesiam
1663 2781 1775 2842 Sancti
1804 2777 1943 2848 Clerici,

1151 2881 1328 2944 ecclesiam
1353 2881 1466 2943 Sancti
1494 2881 1591 2942 Pauli
1612 2880 1652 2940 de
1681 2879 1771 2940 Colle
1794 2877 1947 2938 Muciae·-

1151 2997 1236 3052 rum,
1255 2979 1430 3040 ecclesiam
1447 2979 1576 3040 Sanctae
1592 2977 1718 3048 Mariae,
1734 2976 1863 3038 Sanctae
1879 2976 1949 3034 Lu-

1151 3079 1225 3150 ciee,
1255 3078 1368 3139 Sancti
1392 3076 1552 3154 sylvestri
1576 3075 1617 3136 de
1645 3074 1759 3136 Castro
1780 3075 1945 3147 Larome;

1152 3175 1312 3236 ecclesias
1333 3176 1445 3236 Sancti
1464 3173 1594 3250 angeli,
1613 3171 1724 3234 Sancti
1749 3169 1888 3232 Fabiani
1908 3168 1947 3229 in

1152 3275 1262 3334 castro
1285 3272 1495 3343 Palumbani,
1511 3270 1670 3333 ecclesias
1686 3270 1799 3331 Sancti
1811 3267 1946 3341 Justini,

1152 3373 1185 3431 et
1200 3370 1330 3430 Sanctae
1352 3369 1467 3430 Mariae
1492 3370 1526 3430 in
1551 3370 1660 3430 castro
1680 3366 1852 3428 civitellae.
1877 3365 1948 3425 Nos

1151 3467 1300 3528 volentes
1311 3481 1353 3527 ne
1363 3467 1398 3526 in
1409 3469 1576 3543 posterum
1587 3479 1765 3543 pravorum
1775 3463 1947 3525 hominum

1152 3564 1315 3625 molestiis
1334 3563 1422 3625 idern
1442 3563 1681 3625 monasterium
1700 3562 1854 3638 agitetur,
1870 3575 1949 3620 ves-

1151 3660 1212 3721 tris
1225 3660 1290 3738 piis
1305 3661 1584 3737 postulationibus
1597 3663 1694 3736 grato
1709 3657 1947 3722 concurrentes

1152 3775 1305 3832 assensu,
1321 3774 1494 3836 personae,
1512 3758 1545 3819 et
1558 3757 1808 3829 monasterium,
1829 3755 1863 3814 in
1880 3769 1946 3831 quo

1152 3857 1231 3920 estis
1253 3857 1366 3919 divino
1387 3856 1546 3934 obsequio
1570 3855 1761 3931 mancipati,
1785 3869 1859 3915 cum
1874 3867 1949 3913 om-

1151 3954 1248 4015 nibus
1264 3953 1498 4025 oblationibus,
1519 3951 1840 4030 incorporationibus
1858 3964 1948 4026 prae-

1152 4053 1407 4124 nominatorum,
1425 4067 1498 4128 quae
1513 4051 1548 4111 in
1563 4051 1818 4128 praesentiarum
1841 4047 1948 4110 ratio-

1151 4150 1310 4211 nabiliter
1331 4149 1419 4210 idem
1441 4148 1679 4209 monasterium
1704 4143 1860 4224 possidet,
1887 4143 1947 4205 aut

1153 4247 1187 4307 in
1208 4245 1354 4308 futurum
1372 4246 1462 4322 juste
1489 4245 1684 4320 possidebit,
1712 4243 1890 4311 sancimus,
1912 4241 1947 4303 et

1152 4343 1356 4405 auctoritate·
1374 4340 1564 4418 apostolica
1590 4341 1797 4404 roboramus.
1825 4342 1947 4401 Decer-

1153 4441 1264 4501 nimus
1277 4455 1357 4515 ergo
1370 4442 1408 4501 ut
1420 4439 1503 4500 nulli
1517 4441 1650 4501 omnino
1661 4439 1831 4516 hominum
1846 4435 1946 4498 liceat

1153 4536 1379 4615 supradictum
1401 4538 1640 4598 monasterium
1659 4537 1864 4614 perturbare,
1888 4533 1946 4594 aut

1153 4637 1226 4713 ejus
1242 4635 1471 4713 possessiones
1488 4634 1631 4706 auterre,
1647 4634 1700 4696 vel
1716 4634 1843 4695 ablatas
1864 4631 1945 4693 reti-

1153 4749 1245 4804 nere,
1261 4733 1314 4794 vel
1332 4733 1520 4794 temerariis
1534 4730 1768 4794 vexationibus
1786 4731 1943 4807 latigare;

299 4827 379 4901 bati,
393 4829 425 4890 et
436 4829 613 4890 conventui
624 4829 818 4890 monasterii
835 4828 947 4890 Sancti
961 4829 1097 4889 Martini
1153 4829 1211 4892 sed
1227 4831 1338 4892 omnia
1362 4829 1493 4906 integra
1516 4830 1739 4901 asserventur,
1757 4845 1870 4890 eorum
1885 4842 1944 4904 pro

300 4925 341 4987 de
355 4925 461 4998 Valle,
477 4925 629 4987 Theatin.
646 4925 812 4996 dioecesis,
829 4925 982 4998 salutem,
1004 4927 1066 4987 etc.
1154 4943 1293 5005 quorum
1306 4927 1557 4998 sustentatione,
1571 4929 1603 4989 et
1614 4927 1853 5003 gubernatione
1866 4939 1947 4987 con-

341 5025 561 5085 Sacrosancta
574 5025 724 5083 Romana
740 5020 889 5083 Ecclesia
903 5021 1051 5094 devotos,
1066 5023 1099 5084 et
1153 5041 1258 5098 cessa,
1281 5023 1396 5106 usibus
1417 5025 1614 5086 omnimodis
1634 5023 1817 5101 protutura.
1842 5027 1945 5085 Porro

296 5121 444 5185 humiles
473 5119 560 5182 tilios
586 5135 629 5181 ex
652 5119 795 5180 assuetae
824 5119 958 5195 pietatis
987 5119 1097 5182 officio
1153 5122 1194 5184 ad
1215 5123 1408 5185 memoriam
1432 5123 1465 5183 et
1483 5121 1644 5182 indicium
1663 5122 1763 5198 hujus
1783 5122 1946 5199 perceptae

301 5220 499 5300 propensius
513 5217 661 5293 diligere
683 5215 866 5286 consuevit,
888 5219 921 5277 et
939 5217 1097 5294 tanquam
1153 5235 1172 5281 a
1189 5223 1337 5281 Romana
1351 5217 1498 5280 Ecclesia
1511 5219 1771 5290 constitutionis,
1781 5219 1815 5279 et
1829 5233 1946 5296 accep-

301 5319 357 5396 pia
378 5307 485 5378 mater
499 5331 559 5376 sua
579 5312 794 5393 protectionis
814 5309 997 5374 munimine
1013 5329 1096 5374 con·
1150 5317 1300 5390 tationis,
1310 5332 1370 5394 pro
1384 5315 1535 5377 liberiori
1550 5317 1741 5394 gratia,per
1755 5332 1860 5378 annos
1876 5315 1947 5376 sin-

301 5415 424 5478 tovere.
450 5413 543 5476 Unde
566 5413 653 5474 sicut
673 5411 862 5488 accepimus
888 5426 948 5487 per
971 5409 1098 5470 instra·
1153 5413 1248 5490 gulos
1264 5415 1346 5475 duos
1360 5413 1484 5475 solidos
1497 5414 1715 5474 Lateranensi
1729 5414 1859 5477 Palatio
1871 5428 1947 5491 per-

332 5575 367 5636 (l)
383 5570 583 5633 droa-eabae,
604 5583 698 5620 nomen
715 5567 774 5626 viri,
792 5572 838 5617 aut
856 5581 949 5617 nomen
969 5573 1050 5618 terrm.
1069 5566 1097 5616 ln
1153 5569 1238 5620 minus
1250 5569 1377 5626 Theatin„
1391 5571 1481 5622 timore
1493 5568 1590 5634 judieii,
1606 5569 1674 5620 dieto
1689 5570 1841 5622 monasterio
1852 5569 1946 5621 irrevo-

301 5644 393 5693 ultimo
402 5657 469 5699 casu,
479 5641 558 5692 eritin
566 5639 721 5690 summario:
770 5637 959 5688 institutionem
969 5651 984 5686 a
993 5635 1098 5696 domiuo
1154 5637 1372 5696 rabiliter,desuis
1380 5639 1555 5705 propriis...ln
1566 5639 1647 5703 primo
1655 5654 1723 5698 casu,
1731 5639 1795 5690 nillil
1803 5641 1946 5691 addendum

301 5714 437 5769 Credendci
452 5713 555 5772 laetam,
567 5711 671 5762 -etin
684 5709 774 5775 epist:
829 5708 898 5774 quod
909 5707 1040 5761 Credindei
1051 5709 1097 5759 do·
1153 5710 1178 5761 iu
1190 5707 1339 5758 summario.
1347 5709 1389 5752 sort
1399 5709 1425 5760 in
1436 5711 1509 5776 epist.
1520 5709 1691 5762 :audinaeus
1702 5709 1945 5764 dominusrneerin.
