4006 6346
65 375 120 434 ota

66 532 154 592 detur
167 529 355 598 famulatus,
375 528 665 591 domumvestram
687 529 722 590 in
743 529 848 606 ipsius

67 627 204 702 Virginis
219 627 345 689 honore
360 627 594 697 constructam,
608 625 710 687 debiti
725 625 849 686 favoris

66 725 278 802 prerogativa
297 723 421 794 rovere,
438 738 477 784 ac
491 722 533 783 de
546 723 659 784 nostro
676 723 770 784 vobis
789 721 849 784 ad-

62 823 159 900 jicere
179 821 321 898 gratiam
342 821 532 898 specialem,
556 835 650 896 aquae
676 819 846 891 molinum,

66 923 96 980 et
114 919 325 981 tenimentum
347 917 484 995 praelata
500 933 575 978 oum
587 917 739 978 omnibus
757 916 849 978 utili·

65 1016 179 1077 talibus
195 1016 265 1076 suis
279 1015 384 1086 vobis
399 1015 433 1076 et
446 1013 554 1075 eidem
564 1014 714 1076 ecclesiae
729 1015 847 1075 vestrae

64 1114 115 1189 pia
133 1112 329 1174 liberalitate
348 1110 568 1182 concedimus,
585 1111 618 1172 et
636 1111 797 1172 donamus
812 1110 846 1170 in

65 1212 250 1286 perpetuum
280 1208 489 1286 possidenda.
523 1207 616 1268 Nulli
648 1223 743 1284 ergo,
771 1208 846 1279 etc,

65 1305 292 1378 concessionis,
308 1307 369 1368 etc.
388 1304 522 1382 siquis,
539 1307 601 1366 etc.
616 1306 733 1366 Datum
746 1305 846 1366 Late-

65 1403 145 1474 rani,
161 1404 204 1464 lv
215 1402 290 1464 idus
300 1401 402 1480 junii,
417 1417 505 1464 anno
519 1403 647 1464 octavo.

380 1704 527 1791 CCXLI

101 1857 149 1916 Ad
167 1856 321 1916 abbatem
335 1856 370 1916 et
383 1855 588 1916 concentum
605 1853 808 1915 monasterti

154 1953 272 2014 Sancti
285 1952 388 2014 Petri
402 1955 443 2014 de
457 1954 632 2026 stipatore
646 1952 734 2012 Alto.

344 2082 379 2139 lo
393 2082 467 2154 junii
487 2081 566 2140 latr.

202 2205 381 2270 [llonumenta
393 2204 478 2261 boica,
490 2209 508 2253 t.
521 2203 578 2267 llll,
590 2218 615 2268 p.
632 2203 698 2270 lbi]

65 2303 260 2378 'llonastarium
283 2319 312 2378 S.
337 2319 412 2377 Petri
437 2317 473 2376 de
494 2317 633 2390 superiori
651 2319 715 2376 Alta
729 2318 783 2396 sub
797 2315 848 2377 sua

182 2413 212 2464 et
225 2407 302 2464 beati
316 2407 392 2465 Petri
405 2407 582 2479 protectione
596 2407 724 2480 suscipit.

99 2517 263 2595 Honorius
274 2533 460 2611 episcopus,
469 2547 585 2596 servus
596 2548 766 2595 servorum
775 2513 847 2606 Dei,

65 2629 183 2716 dilectis
198 2631 290 2703 liliis,
302 2630 412 2693 abbati
424 2633 457 2691 et
467 2631 643 2692 conventui
655 2630 848 2692 monasterii

67 2728 94 2786 S.
108 2729 192 2789 Petri
207 2729 247 2790 de
262 2727 426 2804 superiori
439 2728 525 2799 Alta,
541 2727 681 2789 salutem
697 2727 730 2789 et
743 2730 849 2805 Apos-

65 2824 187 2886 tolicam
201 2825 477 2909 benedictionem.

99 2923 173 2982 Cum
195 2939 215 2984 a
236 2922 334 2984 nobis
354 2922 476 2999 petitur
495 2921 581 2998 quod
593 2922 719 2998 justum
741 2924 791 2982 est
816 2904 849 2983 ei

65 3015 229 3080 honestum
251 3022 320 3081 tam
342 3017 437 3094 vigor
460 3017 626 3094 aequitatis
648 3033 747 3094 quam
767 3018 848 3078 ordo

64 3115 157 3190 exigit
170 3115 321 3188 rationis,
339 3115 376 3176 ut
391 3114 422 3174 id
444 3129 504 3191 par
518 3113 777 3176 sollicitudinem
792 3113 847 3175 ol*-

64 3207 123 3270 flcii
136 3213 238 3274 nostri
251 3212 295 3274 ad
308 3211 453 3272 debltum
468 3211 667 3288 perducatur
680 3211 846 3274 effectum.

66 3307 244 3386 Eapropter,
270 3305 383 3369 dilecti
409 3309 444 3368 in
470 3309 608 3369 Domino
635 3307 708 3380 lilii,
726 3309 848 3370 vestris

62 3403 149 3476 justis
179 3404 458 3482 postulationibus
486 3406 579 3480 grato
612 3405 848 3466 concurrentes

65 3512 202 3574 assensu,
222 3517 383 3579 personas
399 3501 432 3562 et
446 3501 683 3564 monasterium
705 3505 848 3564 vestrum

65 3609 130 3656 cum
147 3599 298 3660 omnibus
316 3597 414 3660 bonis
434 3613 508 3675 quaa
531 3599 567 3658 in
594 3599 848 3674 presentiarum

64 3694 293 3757 rationabiliter
320 3695 512 3771 possidetis,
539 3695 659 3755 autin
688 3695 845 3766 futurum,

65 3793 229 3864 praestante
244 3792 395 3864 Domino,
407 3791 508 3869 justis
524 3790 628 3852 modis
641 3792 762 3868 poterit
774 3793 848 3852 adi-

65 3886 146 3961 pisci,
167 3890 226 3950 snb
245 3889 336 3950 beati
352 3889 444 3950 Petri
462 3891 496 3950 et
514 3889 627 3949 nostra
644 3889 847 3964 protectione

64 3985 845 4063 suscipimus.Specialiterantemdebiterbouen,

64 4076 98 4138 de
116 4084 221 4146 monte
244 4083 375 4144 Sanotm
398 4081 514 4142 Mariae
536 4081 576 4142 de
594 4081 846 4156 Gbrizzenchir-

65 4173 148 4250 oben,
169 4181 201 4242 et
219 4179 259 4240 de
279 4179 463 4241 blitterrels
478 4179 637 4240 ecclesias
650 4195 725 4240 cum
740 4179 847 4256 parti-

65 4275 174 4336 nentiis
194 4279 277 4346 suis,
300 4291 449 4338 necnon
474 4277 702 4353 possessiones
726 4279 759 4340 et
779 4277 847 4337 alia

65 4364 142 4432 bona
151 4375 272 4446 vestra,
287 4374 374 4435 sicut
389 4389 428 4434 ea
442 4373 553 4434 omnia
571 4376 670 4450 juste,
687 4375 862 4435 canonice.

65 4476 98 4525 ac
109 4469 239 4543 pacifice
251 4471 439 4548 possidetis,
451 4468 545 4530 vobis
555 4472 589 4533 et
599 4486 658 4547 per
668 4485 727 4532 vos
740 4471 847 4532 eidem

67 4568 255 4629 monasterio
287 4568 398 4629 vestro
431 4567 630 4629 auctoritate
657 4569 846 4644 apostolica

67 4661 297 4734 confirmamus,
307 4666 339 4727 et
350 4665 524 4742 prae'sentIs
535 4662 650 4742 scripti
661 4665 846 4742 patrocinio

67 4757 305 4823 communimus.
322 4761 416 4823 Nulli
431 4777 510 4837 ergo
521 4763 659 4822 ‚omnino
674 4762 846 4824 hominum

67 4847 248 4920 liceathanc
262 4858 418 4936 paginam
440 4855 563 4920 nostrae
585 4859 846 4921 confirmationis

67 4947 95 5008 et
106 4955 312 5026 protectionis
327 4955 520 5031 intringere,
535 4955 588 5016 vel
603 4956 634 5016 ei
647 4971 732 5017 ausu
746 4953 845 5018 teme

68 5047 145 5110 rario
158 5052 332 5114 contraire.
346 5051 381 5113 Si
392 5054 466 5129 quis
481 5052 591 5113 autern
604 5053 667 5114 hoc
682 5051 845 5116 attentare

68 5150 312 5226 praesumpserit,
328 5149 591 5225 indignationem
610 5150 844 5227 omnipotentis

68 5236 117 5298 Dei
130 5246 159 5305 et
171 5243 342 5309 beatorum
357 5247 448 5308 Petri
462 5247 494 5309 et
509 5246 604 5308 Pauli
618 5249 844 5323 apostolorum

67 5336 128 5408 ejus
148 5356 181 5402 se
202 5345 333 5405 noverit
353 5345 577 5405 incursurum.
601 5346 719 5406 Datum
742 5347 843 5408 Late-

66 5433 139 5590 raltlai,
154 5439 195 5498 lV
208 5439 283 5501 idus
294 5441 394 5518 junii,
410 5442 621 5517 pontificatus
638 5443 742 5504 nostri
755 5459 844 5505 anno

67 5539 99 5586 oc
129 5549 177 5594 ro.

205 5832 317 5877 samon.
339 5807 482 5879 romili.

655 367 886 432 EPISTOLAE.
911 370 989 430 LIB.
1013 369 1098 430 VIII.

1215 535 1384 625 GCXLII

963 689 1014 750 Ad
1032 689 1337 762 orobieplscopum,
1358 687 1636 749 archidiaconum

1061 783 1094 845 et
1113 785 1294 858 effictorem
1311 785 1535 844 raroccmes.

1193 905 1225 961 ll
1241 903 1314 975 junii
1335 903 1413 961 ital.

919 1009 1037 1074 [liegest.,
1052 1010 1096 1062 llb.
1110 1009 1177 1069 vul,
1186 1009 1258 1074 epist.
1270 1009 1324 1061 los.
1337 1012 1394 1060 llss.
1408 1011 1444 1060 La
1453 1011 1527 1060 Porta
1538 1010 1571 1064 du
1587 1009 1680 1076 Theil]

903 1116 1018 1174 Mandat
1038 1124 1068 1175 ut
1088 1131 1205 1175 causam
1228 1116 1301 1174 inter
1324 1114 1456 1174 abbatem
1483 1123 1511 1174 et
1539 1115 1697 1176 monachos

938 1206 1075 1262 Dotenses
1089 1219 1124 1262 ex
1139 1213 1218 1278 parte
1232 1218 1300 1274 una,
1312 1213 1340 1262 et
1353 1207 1526 1275 capellanos,
1540 1204 1631 1278 quide
1647 1219 1697 1278 pa·

937 1299 1050 1350 tronalu
1070 1291 1237 1350 monasterii
1253 1294 1384 1354 bolensis
1397 1294 1530 1364 existunt,
1546 1309 1581 1351 ex
1596 1292 1696 1364 altera,

939 1381 1124 1439 amicabiliter
1139 1386 1301 1443 terminent.

942 1489 1120 1559 Honorius,
1144 1493 1219 1566 eto„
1245 1492 1428 1556 venerabili
1448 1491 1542 1554 tratri
1560 1493 1696 1556 archia*

902 1585 1047 1663 piscopo,
1078 1587 1207 1650 dilectis
1225 1587 1373 1669 [tiliis]...
1401 1589 1638 1652 archidiacono
1664 1593 1698 1652 et

902 1679 1038 1742 officiali
1052 1685 1313 1746 'turonensibus

943 1780 1157 1842 Attendentes
1172 1782 1279 1859 qualis
1294 1784 1387 1861 pacis
1402 1784 1551 1861 qualisve
1568 1784 1697 1846 discor-

903 1877 967 1938 diae
976 1877 1103 1941 tructus
1114 1879 1247 1966 existat,
1257 1896 1383 1942 cumex
1393 1897 1458 1942 uno
1469 1881 1653 1958 spiritualis
1664 1882 1697 1944 et

902 1974 1094 2051 temporalis
1114 1977 1252 2048 utilitas,
1270 1993 1313 2039 ex
1329 1978 1457 2056 reliquo
1469 1993 1548 2040 vero
1572 1979 1697 2039 animaa

902 2086 975 2132 rum
990 2071 1023 2134 et
1036 2087 1149 2133 rerum
1167 2074 1340 2150 proveniat
1355 2073 1599 2143 detrimentum,
1616 2090 1696 2136 con·
1824 2115 1827 2122 ,

901 2168 1110 2242 troversiam,
1125 2173 1219 2248 cilius
1233 2173 1390 2248 estlonga
1399 2173 1489 2233 retro
1500 2173 1615 2244 series,
1629 2174 1697 2248 agi*
1784 2187 1786 2192 ·

902 2265 1005 2328 tatam
1020 2267 1142 2329 dudum
1157 2269 1282 2330 inter...
1298 2269 1451 2332 abbatem
1468 2271 1500 2332 et
1517 2270 1697 2332 monachos

903 2363 1017 2424 Dolen.
1039 2378 1082 2426 ex
1105 2367 1199 2442 parte
1218 2382 1297 2434 una,
1319 2368 1352 2429 et
1373 2367 1573 2443 capellanos,
1589 2367 1645 2444 qui
1656 2367 1696 2429 de

903 2463 1081 2536 patronatu
1093 2464 1287 2528 monasterii
1297 2465 1411 2526 Dolen.
1424 2464 1581 2536 existunt,
1594 2479 1696 2542 super

903 2557 1696 2637 provisioneipsumexaltera,nonsinegravibus

903 2655 1074 2733 utriusque
1087 2659 1193 2736 partis
1205 2657 1385 2731 laboribus,
1400 2660 1432 2720 et
1444 2659 1599 2735 expensis
1611 2659 1698 2720 ami-

902 2752 1055 2816 cabiliter
1074 2755 1225 2831 cupimus
1240 2756 1424 2818 termInari.
1446 2757 1607 2828 Quocirca
1627 2755 1697 2816 dis-

900 2849 1045 2918 orationi
1058 2854 1177 2913 vestrae
1192 2867 1251 2928 per
1263 2853 1452 2929 ApostolIoa
1465 2853 1587 2928 scripta
1607 2869 1698 2914 man*

902 2946 1031 3018 damus,
1048 2948 1209 3024 quatenus
1232 2945 1273 3008 ad
1291 2949 1499 3014 formandum
1514 2949 1601 3010 inter
1615 2965 1698 3026 prae-

902 3043 1007 3104 dictos
1041 3044 1252 3106 concordiam
1294 3045 1514 3124 interponatis
1550 3047 1695 3108 sollicite

902 3141 1013 3217 partes
1024 3144 1167 3218 vestram
1180 3142 1403 3204 venerabilem
1415 3159 1545 3221 quoque
1559 3143 1695 3205 tratrem

903 3239 1050 3299 nostrum
1071 3239 1208 3302 Biturio.
1225 3237 1511 3318 archiepiscopum
1533 3243 1696 3304 moneatis

902 3336 1036 3409 attente,
1060 3335 1098 3398 ut
1119 3336 1273 3399 laborare
1295 3337 1413 3400 debeat
1431 3339 1471 3400 ad
1492 3339 1556 3401 hoc
1575 3340 1694 3417 ipsum:

902 3433 942 3493 Et
964 3448 1038 3493 oum
1057 3434 1144 3494 inter
1157 3433 1265 3511 ipsum
1287 3436 1573 3512 archiepiscopum
1589 3436 1621 3497 et
1635 3450 1706 3498 cae·

903 3529 1062 3605 pallanos,
1086 3531 1119 3592 et
1137 3533 1271 3593 eosdem
1295 3532 1441 3605 abbates,
1461 3533 1493 3594 et
1517 3533 1697 3595 monachos

902 3626 1042 3687 diversae
1060 3629 1131 3704 jam
1148 3629 1291 3704 querelae
1311 3631 1377 3691 sint
1403 3631 1510 3701 motae,
1535 3629 1697 3690 amicabi³

902 3721 978 3784 liter
991 3738 1048 3784 eas
1069 3725 1179 3800 sopire
1194 3725 1327 3796 curetis,
1344 3726 1534 3788 relaxantes
1552 3727 1593 3787 ad
1610 3743 1694 3788 caua

901 3819 1002 3880 telam
1015 3821 1196 3882 sententias
1210 3821 1408 3884 auctoritate
1418 3824 1607 3900 Apostolica
1618 3823 1698 3885 bino

902 3915 978 3978 inde
996 3917 1154 3994 prolatas,
1172 3918 1388 3997 eumdemque
1410 3920 1697 3998 archiepiscopum

902 4013 1079 4086 inducatis
1103 4016 1139 4076 ut
1152 4015 1346 4077 sententias
1369 4032 1451 4094 quas
1471 4017 1619 4094 qualibet
1641 4035 1700 4080 oo-

902 4111 1037 4172 casione
1061 4114 1176 4175 contra
1192 4113 1282 4190 ipsos
1302 4115 1482 4176 monachos
1501 4117 1698 4178 auctoritate

902 4209 1037 4285 propria
1062 4209 1298 4287 promulgavit,
1320 4211 1393 4273 sine
1417 4227 1478 4273 suo
1500 4213 1533 4274 et
1553 4197 1697 4290 partium

902 4305 1097 4383 praejudicio
1116 4305 1233 4369 debeat
1249 4308 1416 4371 relaxare.
1433 4309 1586 4371 Partibus
1598 4311 1698 4372 etiam

901 4401 1096 4480 injungatis,
1108 4406 1175 4465 uta
1191 4406 1313 4468 mutuis
1325 4406 1470 4482 inJuriIs,
1488 4408 1521 4467 et
1535 4406 1696 4468 molestiIs

902 4497 1149 4575 conpulescant.
1172 4500 1263 4571 Quod
1287 4501 1316 4561 si
1338 4500 1607 4577 archiepiscopus
1625 4501 1698 4578 ipse

902 4595 1048 4673 prolatas
1086 4597 1283 4659 auctoritate
1318 4613 1378 4658 sua
1413 4598 1594 4659 sententias
1629 4616 1695 4664 non

901 4692 1116 4762 relaxaverit,
1127 4693 1159 4754 et
1168 4709 1225 4754 vos
1241 4693 1281 4754 ad
1297 4693 1538 4757 relaxationem
1553 4693 1695 4758 aliarum

901 4790 1141 4851 sententiarum
1157 4789 1348 4852 nullatenus
1359 4793 1556 4868 procedatis.
1571 4795 1605 4856 Si
1616 4811 1695 4858 vero

901 4887 1078 4949 concordla
1098 4888 1275 4964 provenire
1297 4897 1364 4949 non
1386 4892 1516 4966 poterit,
1538 4893 1695 4971 adquam

900 4983 1531 5060 tamen,sicutpoteritis‚laboretis,vos
1542 4991 1694 5066 proximo

900 5083 1076 5142 venturum
1091 5080 1210 5143 testum
1222 5082 1415 5144 Natiuitatis
1436 5087 1612 5148 bominicaa
1626 5075 1699 5148 tam'

901 5178 1151 5255 archiepiscopo
1175 5179 1208 5240 et
1228 5180 1444 5256 cappellanis,
1468 5198 1566 5259 quam
1584 5182 1695 5246 abbati

900 5275 933 5335 et
952 5275 1135 5345 monacbis,
1150 5274 1329 5337 terminum
1347 5277 1537 5354 praeligatis,
1555 5295 1619 5356 quo
1637 5297 1696 5358 per

901 5387 948 5439 se,
959 5371 1012 5432 vol
1023 5374 1255 5448 procuratores
1271 5371 1408 5435 idoneos
1424 5378 1538 5436 nostro
1554 5391 1590 5438 se
1602 5394 1696 5440 cons·

900 5467 1011 5544 pectui
1029 5470 1278 5546 repraesentent,
1296 5471 1580 5548 compositorem,
1598 5476 1627 5536 sl
1642 5477 1697 5538 de-

899 5581 998 5642 super
1013 5564 1125 5626 datum
1138 5564 1249 5637 tuerit,
1260 5567 1312 5628 vel
1325 5567 1486 5644 judicium
1499 5586 1599 5648 super
1609 5589 1696 5650 prm-

898 5661 1010 5722 missis
1030 5662 1195 5736 omnibus,
1212 5665 1390 5744 recepturi.
1407 5667 1569 5732 Caeterum
1585 5686 1697 5748 supar-

1524 5827 1559 5886 ΞΕ
