4108 6328
703 316 932 380 EPISTOLAE.
956 315 1034 378 nie.
1057 318 1097 378 X.

414 487 540 574 XXXI

84 637 137 695 Ad
158 635 370 708 episcopum,
392 630 602 706 nzaqistrum
624 630 815 689 iohannem
836 631 877 690 dc

123 730 692 792 MonteMtrabttiarchidiaconum
704 726 738 787 et
755 729 878 786 Wiltel-

121 844 221 890 mrem
234 831 543 895 Arvernaoensem,
559 826 762 885 canonicum
776 825 878 884 Part-

122 930 284 987 metuam.

339 1002 374 1059 10
387 997 526 1072 septemb.
544 999 624 1057 tiro.

143 1127 263 1190 [Regest.,
273 1124 318 1174 lib.
326 1125 359 1186 X,
371 1139 412 1188 ep.
424 1124 463 1174 tii.
479 1123 536 1174 blss.
545 1123 581 1172 La
593 1123 667 1172 Porta
682 1121 717 1172 du
729 1120 823 1186 rhein]

78 1255 139 1309 Dat
162 1251 205 1308 eis
229 1249 404 1323 provinciam
434 1246 588 1306 accedendi
612 1245 648 1304 ad
673 1245 878 1304 monasterinm

121 1341 235 1398 sancta
249 1337 392 1396 columba
405 1337 579 1396 senonensis
593 1342 622 1392 et
640 1349 776 1394 excessus
790 1333 877 1394 abba·

116 1429 156 1485 tis
168 1425 297 1500 ejusdem
311 1425 476 1484 monasterii
492 1422 665 1498 corrigendi.

123 1552 305 1624 Honorius,
322 1551 397 1624 etc,
411 1550 596 1613 venerabili
611 1549 718 1622 tratri,
787 1548 879 1626 epis-

76 1666 178 1727 copo,
193 1650 226 1712 et
240 1648 409 1726 magistris
422 1647 568 1711 iohanni
590 1647 630 1710 de
648 1646 760 1709 Monte
775 1645 881 1708 Mira-

74 1747 142 1808 bili
157 1746 394 1808 archidiacono
408 1747 441 1808 et
452 1745 623 1807 Willelmo
634 1743 879 1808 Arvernacensi

77 1845 248 1906 canonico
261 1843 456 1916 parisiensi,
475 1843 625 1915 salutem,
643 1843 706 1904 etc.

121 1942 173 2004 Ad
195 1942 397 2004 audientiam
424 1942 572 2002 nostram
595 1940 716 2002 dilecto
739 1938 808 2001 tilio
831 1941 878 2011 S„

76 2039 199 2118 priora
218 2039 413 2101 monasterii
438 2039 567 2100 sanctae
589 2037 755 2100 columna
776 2039 882 2098 Seno-

77 2137 183 2198 nensi
207 2135 382 2197 intimante
407 2135 570 2214 pervenit,
597 2135 682 2213 quod
709 2151 783 2196 cum
805 2134 880 2195 dic-

76 2237 155 2296 tum
171 2233 410 2295 monasterium
425 2233 515 2293 inter
528 2233 595 2293 alia
613 2231 676 2292 sibi
691 2233 801 2293 vicina
817 2231 882 2307 spi·

75 2331 269 2402 ritualium,
282 2332 315 2392 et
324 2330 556 2407 temporalium
569 2329 780 2392 consueverit
788 2328 882 2390 uber-

76 2431 151 2491 tate
167 2427 300 2498 dorere,
324 2443 413 2489 nunc
430 2443 489 2506 per
510 2425 640 2488 abbatis
657 2427 762 2504 ipsius
784 2426 882 2488 incu-

77 2527 171 2588 riam
187 2526 240 2588 est
255 2524 436 2604 collapsum
460 2525 542 2586 adeo
563 2525 598 2585 in
617 2524 776 2601 utrisque,
794 2523 879 2601 quod

7 2613 22 2638 ⁸
77 2623 243 2698 degentes
259 2621 294 2682 iu
312 2623 397 2700 ipso,
413 2622 471 2683 vix
490 2621 628 2699 possunt
648 2621 687 2682 de
707 2621 814 2698 ipsius
829 2619 882 2680 ia-

77 2719 265 2782 cultatibus
301 2733 361 2796 per
391 2719 471 2780 anni
505 2718 677 2780 dimidium
711 2717 880 2778 commode

77 2815 279 2882 sustentari,
295 2831 356 2878 nec
370 2816 420 2878 est
437 2815 536 2876 etiam
552 2815 608 2892 qui
624 2829 783 2876 excessus
800 2830 878 2875 cor-

69 2895 174 2991 ‘rigat
188 2913 389 2975 eorumdem.
411 2913 496 2976 Nam
518 2911 625 2973 dictus
647 2911 751 2972 abbas
766 2913 882 2989 periu-

76 3012 149 3084 rio,
166 3009 308 3087 aliisque
331 3009 480 3073 irretitus
502 3003 698 3072 criminibus
716 3023 776 3086 pro
798 3007 882 3070 iilia·

78 3108 148 3170 bus
162 3107 308 3186 propriis
327 3107 524 3169 maritandis
543 3106 630 3168 bona
645 3105 793 3182 ejusdem
808 3121 882 3166 mo·

79 3205 227 3268 nestorii
254 3204 442 3284 dilapidans
463 3203 655 3276 enormiter,
672 3205 704 3266 et
724 3218 881 3264 consum-

78 3320 192 3374 mans,
211 3318 248 3364 se
261 3317 282 3363 a
297 3317 376 3379 rege
393 3304 597 3366 Francorum
613 3300 758 3364 asseruit
770 3301 880 3376 impe-

78 3403 204 3470 trasse,
220 3401 256 3462 ut
267 3399 446 3476 poneretur
460 3399 495 3460 in
510 3398 665 3470 vinculis,
682 3397 739 3475 qui
752 3397 793 3459 ab
807 3397 880 3474 ipso

81 3499 123 3560 ad
143 3497 263 3558 Sedem
275 3496 499 3574 Apostolieam
520 3496 728 3574 provocaret,
745 3511 881 3556 excom-

80 3594 287 3656 municando
303 3593 521 3655 nibilominus
542 3592 746 3669 generaliter
762 3591 879 3670 appel-

80 3693 205 3764 lantes,
230 3707 290 3752 seu
309 3690 367 3770 qui
391 3692 506 3752 contra
531 3706 606 3752 eum
630 3690 881 3768 inquisitionem

81 3790 232 3866 aliquam
248 3787 474 3864 impetrarent.
486 3787 574 3848 Idem
588 3803 718 3866 quoque
734 3785 880 3862 sigillum

82 3886 269 3948 conventus
284 3885 449 3946 violenter
468 3885 636 3960 accipiens
657 3883 699 3944 ad
713 3883 880 3944 nundinas

83 3999 200 4045 secum
223 3982 361 4058 pluries,
376 3981 597 4042 renitentibus
623 3980 807 4053 monacbis,
824 3995 881 4040 as-

83 4080 240 4158 portavit,
268 4077 330 4139 sub
345 4094 421 4156 quo,
439 4095 538 4156 quum
558 4078 729 4154 proprium
749 4077 879 4149 babeat,

83 4193 160 4239 eum
179 4176 299 4237 iniisse
319 4175 508 4237 contractus
526 4176 675 4237 metuant
699 4176 731 4236 et
754 4191 882 4251 praesu-

83 4274 180 4336 munt
199 4273 234 4334 in
259 4273 468 4348 dispendium
485 4273 679 4335 monasterii
694 4273 879 4334 memorati.

85 4373 203 4434 Adbuc
218 4370 318 4432 etiam
333 4369 385 4430 bis
408 4368 450 4431 ad
469 4385 538 4430 suae
559 4369 744 4446 iniquitatis
760 4387 879 4432 cumu-

85 4469 151 4531 lum
164 4485 235 4530 non
251 4467 437 4535 contentus,
450 4465 625 4543 quamdam
641 4467 772 4543 neptem
787 4483 881 4528 suam

87 4567 218 4628 cuidam
253 4565 414 4626 monacho
450 4564 556 4626 fertur
591 4563 882 4634 matrimonialiter

87 4664 263 4742 copulasse
278 4662 318 4722 de
341 4660 439 4734 tacto,
456 4662 554 4737 quasi
574 4661 681 4737 legem
698 4661 824 4723 taciens
841 4661 881 4722 de

88 4763 234 4837 peccate,
251 4759 284 4820 et
298 4757 365 4820 alia
380 4757 557 4820 committit
576 4759 726 4820 enormia
739 4759 775 4819 in
790 4758 883 4820 salu-

88 4859 128 4918 tis
142 4855 289 4936 propriae
305 4855 549 4918 detrimentum.
562 4858 601 4918 Et
611 4855 690 4918 licet
704 4872 804 4934 super
815 4856 879 4927 bis,

89 4955 119 5015 et
142 4954 221 5016 aliis
247 4951 318 5014 suis
348 4952 541 5014 excessibus
565 4953 711 5015 monitus
737 4952 838 5015 fuerit
861 4969 881 5014 a

89 5051 238 5126 pluribus
260 5049 386 5127 pluries
411 5049 518 5110 dicatus
539 5048 653 5122 abbas,
677 5051 749 5126 ipse
770 5051 880 5112 tamen

92 5146 123 5208 in
145 5147 259 5225 aliquo
282 5163 318 5208 se
338 5147 505 5222 corrigere
531 5163 597 5208 non
621 5146 761 5219 curavit,
785 5147 882 5224 quasi

92 5243 270 5321 elegeritin
286 5245 497 5321 peccatorum
515 5243 742 5306 tabernaculis
757 5245 882 5321 potius·

94 5357 186 5418 quam
210 5341 246 5401 in
270 5341 367 5403 domo
383 5341 514 5403 Domini
528 5341 692 5414 habitare,
710 5343 743 5403 et
761 5341 810 5403 sic
824 5341 881 5419 qui

95 5439 188 5502 serbo
202 5439 331 5518 pariter
345 5439 377 5500 et
394 5439 545 5515 exemplo
557 5438 692 5502 deberet
705 5439 879 5516 proficere,

23 5575 24 5586 ,
95 5533 194 5600 tactus
215 5537 266 5597 est
287 5535 399 5598 multis
424 5535 658 5599 offendiculum
685 5552 744 5614 per
767 5551 883 5600 exem·-

97 5631 189 5706 plnm.
213 5636 294 5696 Cum
313 5633 417 5708 igitur
431 5633 578 5696 nostrum
598 5633 643 5694 sit
666 5633 879 5706 descendere,

1665 321 1726 382 926

873 524 883 551 ,
930 491 971 538 ac
984 473 1099 540 videre
1121 475 1232 542 utrum
1254 474 1381 540 clamor
1399 477 1456 554 qul
1471 476 1513 538 ad
1528 493 1588 540 nos
1603 493 1726 541 asceu-

933 574 981 636 dit
1007 589 1106 650 opere
1132 574 1348 651 compleatur,
1365 591 1440 636 cum
1459 575 1501 638 ad
1520 591 1581 637 nos
1603 577 1726 640 imme-

932 671 1020 734 diate
1053 671 1183 734 dicatur
1210 673 1320 749 ipsum
1346 674 1585 736 monasterium
1619 675 1727 751 perii-

932 785 1027 842 nere,
1064 769 1256 831 discretioni
1288 772 1408 832 vestrae
1445 785 1504 848 per
1538 773 1728 849 Apostolica

932 867 1055 943 scripta
1093 868 1305 941 mandamus,
1344 869 1507 946 quatenus
1541 868 1581 931 ad
1617 871 1727 932 locum

932 965 1040 1040 ipsum
1058 965 1281 1040 personaliter
1296 966 1501 1039 accedentes,
1519 968 1551 1029 et
1567 955 1727 1030 habentes

933 1077 1001 1138 praa
1016 1062 1121 1124 ocutis
1142 1062 1249 1124 solum
1263 1066 1378 1132 Deum,
1393 1065 1500 1126 eidem
1518 1066 1591 1126 vice
1613 1067 1727 1128 nostra

932 1160 1133 1222 visitationis
1157 1159 1304 1222 osticium
1326 1162 1537 1238 impendatis,
1562 1163 1594 1224 et
1614 1163 1728 1240 inqui-

933 1257 998 1319 sita
1031 1273 1131 1334 super
1163 1257 1332 1334 praedintis
1362 1259 1556 1336 diligentius
1586 1261 1727 1323 veritate

934 1356 1121 1432 corrigatis,
1138 1357 1172 1418 et
1187 1355 1375 1419 reformetis
1393 1356 1515 1420 ibidem
1530 1358 1597 1418 tam
1619 1359 1655 1420 in
1669 1374 1728 1420 ca-

934 1451 1012 1526 pite,
1027 1465 1125 1527 quam
1140 1450 1175 1511 iu
1187 1449 1344 1510 membris
1360 1467 1433 1527 quae
1453 1453 1670 1524 correctione,
1688 1469 1727 1516 ac

933 1547 1170 1610 reformatione
1187 1548 1368 1610 secundum
1384 1551 1486 1612 Deum
1500 1549 1652 1612 videritis
1667 1551 1726 1612 in-

934 1645 1057 1722 digere.
1087 1645 1365 1718 contradictores,
1395 1648 1457 1710 etc.
1477 1647 1577 1719 Quod
1604 1647 1634 1710 si
1658 1663 1726 1712 non

935 1758 1061 1816 omnes,
1078 1746 1140 1806 etc.
1157 1744 1276 1806 Datum
1297 1744 1410 1816 Reate,
1428 1747 1471 1807 lV
1489 1745 1563 1807 idus
1578 1747 1726 1824 septem·

934 1840 1014 1914 bris,
1032 1856 1119 1903 anno
1135 1841 1273 1904 decimo.

1255 2085 1403 2172 XXXII

935 2236 986 2296 Ad
1000 2239 1206 2310 episcopum,
1222 2239 1378 2308 priorem
1397 2237 1431 2298 et
1450 2241 1729 2302 archidiaconum

1212 2336 1471 2395 Mcclooierrses.

1193 2465 1226 2522 13
1236 2463 1465 2537 septembliib.

967 2587 1087 2650 [liegest.,
1097 2585 1142 2636 lib.
1157 2587 1189 2644 X,
1205 2586 1279 2652 epist.
1289 2587 1329 2640 it.
1346 2589 1403 2639 llss.
1419 2590 1456 2640 La
1471 2589 1548 2655 Porta
1564 2589 1598 2640 du
1609 2591 1691 2642 Tbeil.

934 2711 1051 2772 blandai
1064 2713 1108 2770 eis
1121 2719 1162 2781 ut,
1177 2710 1255 2785 justu
1272 2719 1400 2771 tenorem
1415 2713 1571 2772 litterarum
1584 2715 1727 2788 Apostoli·
1764 2717 1768 2728 '

969 2815 1068 2858 aarum
1083 2800 1118 2858 de
1131 2800 1186 2858 boc
1197 2801 1258 2873 jam
1274 2800 1310 2858 ed
1325 2802 1402 2874 ipsos
1417 2800 1558 2872 datarum,
1570 2804 1603 2862 G.
1620 2818 1729 2881 paupe·

970 2903 1030 2946 rem
1055 2889 1189 2948 clericum
1212 2889 1241 2946 in
1262 2889 1383 2947 ecelesia
1408 2892 1569 2950 bitumini
1592 2891 1728 2968 Andaga·

969 2977 1066 3035 vensis
1081 2977 1233 3051 prebenda
1248 2975 1354 3035 iaciant
1365 2977 1515 3065 provident.

973 3103 1153 3175 Honorius,
1174 3103 1250 3176 etc,
1273 3103 1459 3166 venerabili
1485 3105 1619 3169 tratri...
1639 3107 1731 3185 epis-

935 3217 1035 3279 cope,
1052 3201 1086 3264 et
1110 3200 1241 3262 dilectis
1270 3201 1386 3262 liliis...
1403 3204 1508 3279 priori
1524 3205 1593 3267 et...
1612 3206 1729 3269 archi-

935 3299 1075 3360 diacono
1089 3298 1316 3370 Maeloviensi,
1335 3300 1486 3374 salutem,
1504 3304 1566 3365 etc.

974 3397 1122 3459 Dilectus
1137 3396 1226 3456 illins
1244 3400 1281 3458 G.
1301 3412 1428 3474 pauper
1448 3399 1590 3462 clericus
1605 3400 1641 3462 in
1656 3417 1733 3464 nos-

935 3494 986 3557 tra
1016 3491 1188 3570 proposuit
1213 3494 1391 3568 praesentia
1419 3497 1629 3569 constitutus,
1644 3499 1731 3575 quod

935 3605 1047 3651 cum...
1063 3588 1189 3650 decano
1204 3591 1237 3652 et
1255 3590 1400 3667 capitulo
1420 3592 1571 3654 ecclesiae
1585 3595 1622 3654 Β.
1639 3595 1732 3656 Mar-

934 3687 997 3749 tini
1021 3686 1272 3762 Andagavensis
1299 3703 1414 3764 preces
1440 3689 1671 3763 direxerimus,
1699 3692 1732 3756 et

935 3786 1110 3861 praecepta,
1126 3784 1162 3844 ut
1188 3784 1298 3860 ipsum
1323 3801 1421 3861 quam
1447 3786 1512 3847 cito
1533 3802 1568 3848 se
1589 3787 1731 3850 facultas

935 3881 1115 3944 offerretin
1132 3882 1330 3944 canonicum
1345 3882 1533 3958 reciperent
1551 3884 1585 3946 et
1607 3885 1643 3946 in
1659 3886 1731 3948 ira-

934 3980 1030 4051 trem,
1045 3977 1139 4040 vobis
1155 3993 1256 4053 super
1268 3979 1331 4040 boc
1346 3980 1580 4042 executoribus
1593 3982 1656 4044 sibi
1670 3982 1733 4044 da-

935 4077 989 4148 tis,
1006 4075 1202 4138 vacantibus
1224 4075 1359 4138 interim
1374 4075 1501 4138 duabus
1526 4078 1561 4140 in
1587 4080 1731 4142 ecclesia

936 4173 1075 4251 praelata
1086 4171 1287 4249 praebendis,
1299 4175 1405 4236 dictus
1420 4175 1563 4239 clericus
1578 4179 1614 4240 ut
1633 4195 1731 4242 man-

936 4273 1047 4336 datum
1061 4273 1210 4335 nostrum
1224 4274 1489 4350 exsequeremini
1514 4276 1603 4337 circa
1621 4277 1732 4353 ipsum
1827 4252 1834 4269 ’

935 4369 1064 4431 avobis
1085 4386 1159 4432 cum
1181 4370 1343 4432 instantia
1366 4372 1558 4448 postulavit.
1574 4373 1637 4433 Sed
1653 4375 1732 4450 quia

935 4468 1084 4545 ipsorum
1100 4468 1228 4538 decani,
1251 4470 1284 4529 et
1298 4469 1436 4544 capituli
1451 4471 1646 4545 procurator
1671 4487 1732 4532 ex-

936 4565 1090 4642 cipiendo
1101 4565 1284 4642 proposuit,
1298 4565 1431 4626 nostras
1447 4581 1547 4642 super
1559 4566 1622 4628 boc
1636 4567 1731 4631 litte-

935 4676 991 4722 ras
1011 4676 1077 4722 non
1098 4661 1222 4732 valere,
1240 4676 1280 4721 eo
1298 4660 1383 4736 quod
1400 4660 1435 4721 in
1451 4660 1500 4722 eis
1515 4663 1638 4725 mentio
1660 4679 1729 4748 nou

936 4757 1045 4830 tiebat,
1061 4758 1146 4834 qnod
1163 4756 1321 4834 praetatus
1335 4757 1480 4818 decanus
1495 4775 1538 4820 ex
1552 4759 1732 4824 donatione

935 4855 1025 4930 regis
1041 4854 1293 4931 praebendarum
1304 4855 1452 4930 ejusdem
1463 4857 1613 4920 ecclesia
1628 4859 1734 4922 colla·-

935 4953 1059 5014 tionem
1081 4951 1299 5022 baberet,vos
1320 4952 1468 5017 mandati
1491 4955 1597 5016 nostri
1611 4971 1736 5018 execu-

935 5051 1024 5112 tores
1041 5065 1108 5111 non
1125 5065 1199 5110 esse
1211 5049 1465 5126 interloquendo
1480 5051 1623 5124 dixistis,
1639 5053 1672 5114 et
1683 5054 1733 5115 sic

935 5147 1002 5213 illa
1030 5146 1104 5208 duae
1124 5143 1320 5224 praebenda,
1346 5162 1421 5223 quaa
1450 5147 1558 5210 medio
1584 5151 1732 5226 tempore

935 5246 1098 5307 vacarunt
1112 5243 1189 5304 aliIs
1202 5243 1280 5304 sunt
1293 5243 1435 5316 collatae,
1459 5245 1492 5306 et
1511 5245 1617 5308 dictus
1632 5247 1734 5309 cleri·

936 5357 995 5404 cus
1024 5341 1200 5402 occasione
1224 5340 1414 5418 hujusmodi
1439 5357 1610 5417 quemvos
1635 5345 1734 5407 mali-

935 5439 1022 5501 tiose
1032 5437 1200 5515 recepisse
1210 5438 1382 5511 videmini,
1396 5440 1557 5501 remansit
1571 5440 1733 5506 hactenus

937 5552 998 5600 sua
1027 5535 1219 5614 provisione
1258 5535 1445 5608 frustratus,
1478 5541 1612 5614 propter
1647 5540 1733 5618 quod

937 5634 1023 5694 idem
1038 5634 1185 5695 nostram
1200 5633 1403 5696 audientiam
1415 5634 1605 5711 appellavit,
1619 5637 1735 5713 appel-
