4006 6346
322 323 379 386 551

322 486 398 546 1331
407 480 585 563 [sacculos]
595 483 752 558 sigillis...
762 480 909 560 episcopi
919 479 1114 542 Bellicensis

321 583 354 643 31
368 581 447 643 dicti
459 579 585 657 AEgidii
600 579 824 654 consignatos,
843 578 879 638 in
899 577 1018 655 quibus
1038 592 1116 654 333-

319 677 396 740 1331
408 678 551 738 33333113
576 677 725 738 ducentae
741 691 863 737 marcae
886 673 962 735 auri
982 673 1022 734 de
1037 674 1115 735 Pal-

319 775 584 851 1333,313311333
599 773 822 835 subdiaconus
838 772 991 844 asseruit,
1007 771 1115 833 conti-

319 873 451 944 nentur,
478 870 511 932 31
535 872 591 948 331
616 872 758 947 3331331
779 868 1018 946 sacculipositi
1038 869 1115 930 3331

318 969 354 1030 13
369 969 497 1031 duobus
510 967 652 1029 bisaccis
663 968 703 1028 de
719 968 821 1039 corio,
834 966 954 1042 sigillis
966 965 1114 1043 ejusdem

319 1065 484 1142 capellani
508 1065 724 1140 consignatis,
746 1065 779 1125 et
803 1064 924 1124 vestro.
953 1063 1113 1135 Quocirca

320 1161 513 1224 discretioni
540 1163 660 1223 vestrae
693 1160 962 1238 3311333131133
988 1160 1112 1236 3311313

319 1258 528 1330 mandamus,
553 1264 790 1336 quatenusper
807 1273 924 1318 manus
937 1257 1114 1322 venerabi-

318 1356 361 1418 lis
370 1357 484 1419 fratris
492 1357 634 1418 nostri...
644 1355 996 1431 Mutinensisepiscopi
1012 1354 1114 1431 depo-

318 1454 418 1514 situm
447 1452 639 1530 hujusmodi
667 1450 771 1514 nobili
792 1451 894 1514 viri...
926 1451 1112 1513 marchioni

316 1547 557 1612 Montisferrati
581 1551 756 1626 assignare
774 1549 910 1610 curetis.
936 1551 1024 1610 Sane
1047 1565 1111 1610 1ο-

316 1647 437 1720 lumus,
450 1647 707 1725 31331331131133
723 1645 830 1718 nobis,
847 1646 955 1723 31313
970 1645 1109 1718 3113113,

315 1745 369 1807 131
385 1744 489 1818 111133,
505 1743 704 1823 3313113113
720 1745 829 1805 locum
841 1744 979 1816 tenebit,
996 1743 1113 1805 absen-

314 1842 373 1914 tia,
390 1842 583 1904 mandatum
604 1842 757 1903 nostrum
773 1857 874 1918 super
888 1840 952 1903 boc
966 1857 1033 1903 non
1048 1841 1110 1902 de·

317 1938 394 2002 beat
407 1939 585 2002 retardari.
602 1939 721 2001 Datum
736 1940 772 2001 31
787 1954 899 2016 33313.
1010 2009 1015 2031 ¹

653 2207 770 2294 CXLI

406 2359 458 2420 Ad
472 2359 767 2432 archiepiscopum
776 2357 1020 2420 senonensem.

338 2549 340 2555 ,
575 2485 846 2546 271311331111113.

315 2611 434 2678 [1133331.,
450 2611 496 2663 lib.
507 2609 573 2672 vlu,
584 2611 659 2676 epist.
676 2610 731 2662 31111.
746 2611 803 2662 blas.
823 2611 860 2662 La
872 2611 948 2662 Porta
959 2611 995 2662 dn
1014 2609 1108 2675 Tbeil]

348 2736 464 2797 Mandat
477 2744 518 2805 ut,
534 2735 691 2794 secundum
709 2735 859 2794 facultates
875 2735 1073 2806 ecclesiarum,

366 2841 555 2900 personarum
568 2839 704 2884 numerus
719 2825 748 2882 in
762 2825 872 2883 eisdem
885 2825 1058 2882 instituatur.

350 2963 532 3031 Honorius,
566 2963 644 3034 313,
670 2960 856 3024 venerabili
880 2961 978 3022 fratri
994 2959 1110 3022 erchi-

311 3060 467 3138 episcopo
481 3060 677 3121 senonensi.

350 3159 509 3234 Experto
533 3160 591 3217 tua
613 3156 677 3218 tuit
691 3157 897 3232 propositum
914 3171 1026 3218 coram
1040 3171 1107 3218 no-

310 3253 374 3326 bis,
392 3253 478 3330 quod
491 3253 525 3314 in
540 3252 736 3328 quibusdam
751 3253 985 3328 religiosorum
994 3254 1106 3314 eccle-

312 3352 383 3424 siis,
397 3350 459 3412 tibi
474 3351 548 3426 lege
559 3349 749 3410 dioecesana
764 3349 932 3427 subjectis,
946 3350 1107 3427 inquibus

311 3449 424 3528 plures
447 3448 693 3510 consueverunt
711 3446 866 3508 monachi
886 3447 940 3508 vel
954 3448 1108 3510 canonici

311 3547 522 3619 commorari,
558 3545 599 3606 ob
630 3545 823 3606 aviditatem
852 3544 1007 3607 abbatum
1037 3545 1108 3607 sive

310 3646 460 3724 priorum
473 3643 676 3715 Cluniacen„
694 3644 726 3705 31
740 3642 883 3704 31131313
897 3642 1050 3705 ordinum
1065 3644 1107 3705 ad

311 3760 393 3822 quas
408 3743 532 3832 eaedem
545 3741 933 3818 ecclesiaetemporaliter
942 3743 1105 3818 spectant,

310 3837 574 3903 convertentium
598 3840 633 3900 in
652 3839 813 3904 utilitates
828 3839 981 3916 proprias
995 3840 1110 3902 reddi-

311 3937 365 3999 133
378 3936 581 4010 earumdem,
598 3936 644 3999 ita
656 3939 707 4000 est
720 3937 914 3999 imminutus
929 3939 1107 4000 consuetus

311 4049 469 4095 numerus
482 4048 711 4110 personarum,
736 4034 822 4110 quod
847 4035 999 4096 ecclesiae
1025 4035 1107 4112 ipsae

312 4131 419 4193 solitis
439 4128 679 4191 defraudantur
693 4129 873 4206 obsequiis,
895 4132 928 4194 et
947 4131 1033 4208 apud
1047 4148 1108 4194 eo·

313 4245 387 4292 rum
401 4229 558 4305 patronos
569 4241 609 4286 ac
624 4226 802 4286 nonnullos
813 4227 898 4288 alios
914 4227 1108 4290 scandalum
1124 4219 1129 4226 ’

313 4327 503 4406 generatur.
544 4323 687 4400 Ideoque
715 4322 916 4386 fraternitati
948 4325 1014 4386 tuae
1050 4341 1109 4404 per

314 4425 504 4504 Apostolica
515 4421 638 4500 scripta
649 4419 855 4491 mandamus,
866 4423 1105 4498 quatenuseos‚

315 4524 355 4586 ad
369 4539 450 4603 quos
465 4520 615 4584 ecclesiae
631 4519 714 4595 ipsae
729 4518 888 4595 spectant,
906 4533 1042 4580 moneas
1057 4521 1109 4582 di·

313 4619 521 4698 1133313331,
530 4617 710 4680 secundnm
719 4615 892 4678 facultates
901 4631 1109 4695 331313331-

315 4733 473 4780 sonarum
500 4731 630 4794 333333
665 4729 841 4776 33331331
866 4713 1043 4777 1331113331
1072 4717 1108 4778 13

316 4815 452 4878 eisdem.
466 4813 639 4886 Quodnisi
658 4813 776 4890 primo,
794 4811 950 4886 secundo,
966 4812 1108 4878 tertiove

316 4911 507 4975 commoniti
527 4911 720 4973 curaverint
734 4910 927 4988 adimplere,
943 4912 980 4973 tu
999 4911 1035 4973 in
1052 4928 1109 4974 ec·

315 5011 428 5074 clesiis
451 5007 534 5086 ipsis
563 5007 786 5086 appellatione
806 5010 933 5070 remota
957 5009 1107 5072 13111333

315 5123 489 5172 numerum
506 5106 713 5177 consuetum,
735 5104 911 5168 dummodo
933 5105 1108 5170 facultates

316 5223 430 5272 aarum
446 5204 592 5266 3333131
606 5203 746 5264 forsitan
766 5202 1107 5283 (11131331131133331

316 5307 450 5368 solitum
478 5317 653 5366 numerum
678 5299 844 5362 sustinere
874 5315 940 5362 non
967 5304 1105 5380 possint.

316 5407 434 5466 Datum
449 5400 618 5473 Laterani,
635 5400 681 5461 ΙΙΙ
695 5397 858 5461 kalendas
879 5399 1002 5472 martii,
1019 5417 1107 5465 auno

317 5501 444 5565 octavo.

940 319 1115 382 HONORII
1138 316 1181 379 III
1205 319 1351 382 OPERA.

1497 485 1635 576 CXLII

1209 635 1918 712 AdPsnbdtaeonnrn,notortnmnostrnm

1412 737 1446 799 31
1460 740 1500 798 Α.
1512 739 1547 798 s.
1561 737 1724 812 13331331.
1990 745 1991 754 ¹

1429 867 1464 925 17
1480 866 1699 925 1311331111211.

1223 989 1351 1056 misinen,
1364 989 1449 1042 Codex
1462 991 1524 1055 dipl.
1536 990 1606 1040 dom.
1619 997 1707 1054 1333,,
1721 989 1791 1048 me,
1803 987 1904 1054 3131]

1180 1091 1237 1174 'Ei
1255 1115 1380 1182 mandet,
1399 1123 1431 1174 ut
1453 1115 1590 1190 episcopo
1608 1117 1741 1174 llirmano
1760 1116 1920 1174 3331113133

1234 1205 1398 1262 1113113331
1409 1204 1438 1262 in
1449 1203 1564 1262 feudum
1576 1219 1746 1262 concessum
1760 1205 1893 1261 restituat·

1207 1339 1374 1401 Honorius
1385 1341 1572 1416 episcopus,
1583 1355 1698 1402 servus
1709 1339 1947 1408 servorumbei,

1168 1435 1287 1497 dilecto
1303 1436 1372 1498 dlio
1388 1436 1637 1497 P.subdiacono
1651 1435 1824 1497 etnotario
1833 1437 1947 1504 nostro,

1167 1533 1467 1609 apostolicaesedis
1483 1533 1604 1610 legato,
1617 1532 1758 1594 salutem
1773 1534 1807 1595 et
1821 1533 1948 1610 Aposto-

1167 1630 1266 1691 licam
1277 1629 1552 1693 benedictionem.

1206 1727 1416 1790 Venerabilis
1424 1727 1547 1791 fratrer
1559 1729 1673 1790 noster
1682 1727 1860 1790 Firmanus
1875 1727 1949 1804 epis·

1167 1841 1269 1902 33333
1282 1825 1378 1886 33113
1393 1825 1565 1887 1313111131
1582 1826 1793 1903 supplicavit,
1809 1826 1845 1887 ut
1859 1840 1948 1901 quum

1167 1937 1227 1984 nos
1242 1923 1283 1985 de
1297 1923 1454 1985 comitatu
1467 1923 1625 1986 11113333
1638 1938 1707 1984 suae
1731 1937 1751 1984 a
1775 1922 1871 1984 nobis
1886 1937 1949 1983 res-

1166 2021 1262 2083 tituto
1272 2019 1423 2082 acclesiae
1438 2035 1478 2082 ac
1492 2035 1651 2082 concesso
1672 2035 1748 2082 eum
1763 2019 1947 2082 investieri-

1166 2135 1240 2180 mus
1252 2118 1293 2180 de
1308 2118 1446 2181 fratrum
1458 2118 1608 2181 nostrum
1623 2118 1763 2180 consilio
1778 2117 1949 2195 33113111-

1166 2216 1246 2288 lum,
1266 2217 1456 2278 comitatum
1476 2216 1626 2277 eumdem
1646 2215 1688 2288 ei,
1705 2216 1763 2293 331
1777 2215 1818 2277 dc
1832 2215 1949 2277 familia

1166 2317 1280 2377 nostra
1291 2314 1411 2386 extitit,
1424 2327 1520 2392 33313
1527 2327 1587 2374 nos
1597 2313 1826 2374 creavimusin
1836 2313 1949 2374 Firma·

1166 2429 1245 2475 num
1267 2411 1469 2488 episcopum,
1493 2410 1608 2472 atain
1625 2426 1707 2486 pace
1721 2409 1855 2482 dimitti,
1874 2410 1949 2470 sicut

1165 2508 1302 2587 praefata
1318 2509 1458 2570 ecclesia
1473 2507 1605 2586 plenius
1617 2507 1745 2581 habuit,
1760 2508 1947 2572 faceremus.

1164 2609 1232 2670 Nos
1248 2609 1357 2670 autem
1375 2607 1533 2680 volentes,
1552 2607 1640 2669 uteo
1662 2606 1795 2683 plenius
1811 2623 1872 2667 sua
1893 2605 1949 2666 sibi

1159 2707 1237 2782 jnra
1250 2705 1436 2776 serventur,
1453 2721 1518 2782 333
1534 2720 1669 2781 sperare
1684 2703 1948 2781 benignitatema

1163 2801 1259 2864 nobis
1271 2801 1368 2864 debet
1383 2817 1426 2863 ex
1438 2801 1597 2864 familiari
1603 2801 1775 2864 nobiscum
1786 2816 1948 2864 conversa·

1162 2899 1252 2962 tione
1264 2902 1436 2977 majorem,
1452 2899 1646 2962 discretioni
1664 2901 1730 2962 tuae
1743 2915 1804 2978 per
1819 2902 1949 2977 Aposto-

1162 2997 1227 3059 lica
1241 2999 1362 3074 scrtpta
1375 2996 1581 3070 mandamus,
1592 2997 1757 3076 33313333
1765 2998 1947 3060 3313113133

1162 3095 1313 3157 eumdem
1337 3111 1412 3156 oum
1436 3095 1506 3156 suis
1528 3093 1672 3172 juribus,
1700 3095 1788 3158 sicut
1816 3095 1852 3156 13
1876 3109 1947 3172 pace

1162 3193 1422 3271 predecessores
1443 3192 1641 3270 3313133133
1664 3192 1866 3264 babuerunt,
1880 3193 1947 3254 3111

1162 3291 1284 3352 nostris
1310 3291 1496 3368 privilegiis
1527 3291 1731 3363 3331133131,
1760 3289 1868 3362 libere
1893 3289 1948 3350 sibi

1162 3389 1235 3450 sine
1247 3387 1614 3464 qualibetdilationeac
1626 3387 1824 3452 dlfdoultate
1844 3389 1948 3449 dimit-

1161 3485 1224 3558 133,
1241 3488 1274 3547 31
1285 3487 1394 3562 133313
1415 3486 1606 3564 3313333313
1619 3486 1784 3562 diligaset
1800 3486 1947 3554 11333133,

1162 3583 1318 3645 eidemin
1335 3583 1399 3656 his,
1417 3599 1489 3661 3333
1505 3599 1573 3644 suaa
1593 3583 1776 3660 respiciunt
1797 3583 1949 3646 honorem

1162 3681 1312 3744 ecclesiae
1336 3697 1376 3742 33
1403 3680 1597 3758 3131331313,
1626 3681 1824 3762 requisitum
1851 3680 1948 3742 abeo

1163 3781 1255 3841 tuum
1268 3779 1433 3841 auxilium
1453 3781 1486 3840 et
1495 3778 1672 3842 consilium
1698 3779 1949 3842 efficaciterim-

1162 3892 1338 3954 pensurus
1369 3878 1487 3939 Datum
1519 3877 1687 3950 Laterani,
1722 3879 1765 3939 IV
1795 3876 1948 3939 kalendas

1162 3975 1285 4046 martii,
1302 3975 1627 4049 pontificatusnostri
1643 3991 1730 4037 anno
1745 3977 1875 4038 octavo.

1480 4303 1639 4391 CXLIII
1684 4315 1688 4324 '

1184 4455 1235 4514 Ad
1246 4455 1426 4516 Nicolaum
1439 4457 1636 4530 3311333313
1649 4458 1931 4520 3333113313311.

1419 4583 1454 4641 28
1468 4581 1601 4641 februarii
1617 4585 1696 4643 1111.

1364 4707 1469 4772 [813311
1482 4707 1607 4769 11113131..
1622 4709 1690 4782 XXI,
1703 4709 1755 4775 lt]

1210 4834 1242 4891 El
1258 4831 1444 4906 praedicandae
1461 4833 1554 4890 oruois
1576 4831 1745 4892 3111313313
1762 4838 1909 4909 provincia

1395 4921 1538 4980 bundensl
1560 4923 1720 4982 committit.

1202 5047 1369 5110 Honorius
1377 5048 1563 5125 episcopus,
1573 5063 1690 5110 servus
1700 5065 1873 5114 servorum
1883 5055 1950 5124 Dei,

1162 5143 1346 5207 venerabili
1361 5145 1456 5206 fratri
1473 5145 1628 5223 episcopo
1642 5147 1887 5222 Roeskildensi,
1901 5168 1953 5214 sa·

1162 5241 1264 5304 lutem
1279 5243 1312 5304 31
1324 5242 1549 5319 Apostolicam
1562 5243 1837 5308 benedictionem.

1202 5341 1309 5410 Quum
1345 5338 1565 5415 praedicandae
1597 5341 1706 5403 crucis
1741 5342 1888 5406 officium
1920 5346 1953 5406 in

1162 5435 1333 5513 provincia
1357 5437 1525 5498 Lundensi
1539 5437 1599 5500 tibi
1626 5438 1781 5501 duximus
1803 5443 1954 5504 commit·

1161 5533 1306 5604 tendum,
1321 5533 1358 5595 31
1376 5535 1540 5597 inoffense
1558 5536 1663 5614 possit
1681 5552 1818 5600 currere
1846 5555 1953 5602 sermo

1161 5633 1248 5704 tuus,
1263 5631 1296 5692 at
1318 5629 1413 5693 labor
1436 5631 1578 5695 fructum
1603 5633 1791 5697 uberiorem
1820 5637 1951 5708 3113113,
