3948 6328
136 393 195 454 tat
734 389 965 460 ErisroLAE.
988 399 1067 458 Lm.
1091 399 1177 460 vill.
1719 401 1780 464 498

134 551 447 614 communicationis
457 553 648 626 adstrictus,
665 553 859 633 priusquam
870 555 930 618 tibi
986 555 1043 619 ubi
1081 557 1246 620 deberetis
1282 557 1480 622 erubescere
1510 560 1688 633 corruisse,
1711 561 1778 634 rel,

135 647 331 721 satisfaciat,
350 649 489 712 absolvi.
503 651 686 728 contingat,
703 651 856 715 videatur
869 668 924 715 ec·
985 655 1072 732 quod
1083 656 1132 716 est
1141 656 1288 732 gravius,
1308 656 1438 719 animos
1458 659 1587 719 vestros
1603 658 1637 718 in
1652 657 1781 720 malitia

136 747 248 808 clesiae
262 749 327 809 tuae
342 747 571 825 prejudicium
589 751 758 826 generari,
772 749 932 813 fraterni·
985 750 1185 814 obdurantes
1197 753 1306 815 adhuc
1317 755 1352 816 in
1362 755 1505 832 pristina
1515 755 1654 834 perfidia
1667 771 1780 818 reme-

134 845 271 906 tatituae
282 845 496 922 praesentium
505 847 703 910 auctoritate
719 849 930 910 concedimus
985 851 1083 923 notia,
1094 851 1252 928 tanquam
1265 852 1300 912 in
1316 851 1516 929 profundum
1530 853 1690 916 veneritis
1705 868 1780 930 peo-
1890 893 1897 906 ·

136 945 173 1004 ut
191 943 383 1020 praenotatae
411 943 585 1006 sententiae
613 944 649 1005 in
672 945 824 1007 eumdem
843 948 883 1008 lt.
898 947 931 1007 et
985 948 1144 1008 catorum.
1163 949 1205 1010 Ut
1222 949 1327 1025 igitur
1342 950 1460 1012 iterata
1479 950 1618 1013 monitio
1634 967 1779 1013 monen-

135 1041 258 1102 terram
274 1043 346 1118 ejus
361 1057 380 1102 a
395 1042 428 1103 to
456 1057 496 1102 ac
524 1057 584 1118 pro
598 1043 632 1103 te
646 1042 722 1104 latae
740 1043 930 1106 nullatenus
984 1045 1027 1108 tis
1043 1045 1198 1108 affectum
1219 1047 1410 1124 exprimens
1423 1049 1596 1126 potiorem,
1614 1049 1729 1112 utilem
1743 1049 1780 1110 in

133 1137 338 1211 relaxentur,
362 1137 428 1199 nisi
451 1137 573 1201 dictum
591 1141 737 1201 castrum
756 1156 832 1201 cum
854 1156 931 1218 per·
984 1141 1078 1204 robis
1092 1146 1289 1221 assequatur
1302 1146 1519 1207 correctionis
1536 1146 1781 1209 affectumuni-

134 1235 285 1298 tinentiis
294 1233 363 1296 suis
374 1236 524 1298 ecclesiae
536 1238 603 1299 tuae
614 1236 716 1299 fuerit
728 1239 928 1310 restitutum,
984 1241 1778 1316 versitatemvestramsicutiterum,sicattentius

134 1334 169 1395 et
183 1348 283 1410 super
295 1332 530 1396 satisfaciendo
548 1335 588 1396 de
604 1335 735 1402 damnis
750 1337 783 1398 et
796 1335 930 1414 injuriis
985 1353 1242 1414 commonemus,
1270 1356 1331 1417 per
1345 1341 1535 1418 apostolica
1550 1341 1644 1403 vobis
1655 1342 1780 1419 scripta

134 1447 280 1506 congruo
296 1431 503 1494 satisdatum.
517 1435 637 1494 Datum
653 1434 822 1506 Laterani,
838 1433 930 1495 Xka·
984 1435 1125 1498 firmiter
1145 1437 1369 1514 praecipiendo
1392 1440 1588 1502 mandantes
1603 1441 1777 1518 quatenus,

133 1526 478 1606 lendarumjanuarii,
500 1528 712 1605 pontificatus
726 1529 831 1592 nostri
842 1544 930 1591 anno
985 1533 1014 1594 si
1029 1534 1106 1612 quid
1117 1534 1153 1596 in
1163 1534 1257 1610 vobis
1270 1536 1321 1598 est
1331 1535 1437 1598 divini
1459 1537 1590 1599 timoris
1608 1537 1661 1599 vel
1673 1537 1782 1614 pudo-

134 1625 262 1686 octaro.
984 1631 1032 1693 ris
1060 1632 1218 1706 humani,
1240 1633 1418 1710 antequam
1439 1635 1555 1697 contra
1577 1650 1636 1696 vos
1662 1634 1780 1710 rigidae

144 1747 146 1750 ·
985 1729 1121 1792 ultionis
1136 1729 1268 1806 gladius
1283 1731 1549 1794 irrevocabiliter
1556 1733 1724 1804 exeratur,
1736 1729 1780 1794 ad

450 1857 608 1946 LXXXI
985 1829 1124 1890 matrem
1140 1829 1287 1898 uestram
1311 1830 1551 1900 convertamini
1571 1829 1778 1901 festinanter,

985 1923 1149 1986 obedituri
1164 1925 1349 1988 venerabili
1374 1925 1469 1989 fratri
1494 1927 1610 2006 nostro
1626 1925 1780 2003 Magalo-

206 2012 258 2072 Αίῑ
268 2010 395 2073 incites
407 2010 440 2073 θῖ
452 2016 617 2086 populum
630 2011 867 2085 Meldoi'lssfifif
984 2023 1081 2083 nensi
1097 2023 1254 2101 episcopo
1275 2023 1321 2102 (2)
1337 2025 1495 2100 tanquam
1515 2023 1649 2086 domino
1669 2023 1781 2086 restro

436 2109 631 2200 concitatus.
985 2119 1157 2182 humiliter
1168 2122 1200 2182 et
1214 2121 1342 2195 devote,
1352 2137 1420 2184 non
1432 2120 1583 2184 obstante
1590 2122 1781 2198 juramento

396 2239 430 2297 23
441 2238 571 2298 decemb,
585 2239 664 2298 1223,
986 2217 1125 2294 siquod
1151 2218 1238 2280 dicto
1266 2222 1304 2281 R.
1321 2217 1369 2298 (3)
1394 2219 1531 2292 fecistis,
1562 2217 1781 2296 quodillicite

156 2364 349 2428 adaquentur.
361 2362 470 2413 danim
493 2363 552 2414 ltlx
572 2363 633 2413 743,
659 2363 756 2426 aegest.
779 2360 826 2412 lib.
839 2361 909 2420 llil,
985 2316 1264 2393 praestitumlicite
1280 2317 1408 2378 servari
1417 2317 1610 2394 nonpotest.
1620 2316 1780 2392 Alioquin

368 2467 370 2472 ,
459 2403 533 2508 0¹ng
545 2401 611 2508 [ἢ]
628 2401 634 2423 ’
761 2399 768 2422 ’
986 2429 1052 2474 non
1066 2415 1298 2490 exspectetisa
1313 2414 1408 2476 nobis
1422 2415 1562 2478 ulterius
1574 2414 1778 2476 commoneri

132 2550 273 2624 Obiurgat
286 2564 337 2608 eos
355 2551 508 2620 Honorius,
529 2551 605 2624 quod
619 2565 634 2608 a
656 2548 784 2608 dominio
798 2548 930 2622 Magalo-
986 2510 1016 2621 Si,
1026 2513 1149 2589 quanm
1159 2528 1219 2574 v⁰⁸
1229 2513 1391 2621 haqtfmus
1405 2513 1585 2589 patientius
1598 2517 1782 2621 ⁰⁰¹¹Qp9rta'

170 2641 269 2700 nensis
295 2639 422 2713 episcopi
451 2638 487 2697 ad
510 2646 605 2713 partes
624 2637 778 2697 Raimundi
798 2637 931 2696 'tolosani
984 2611 1206 2720 meusatantO
1222 2610 1533 2672 dumnamvestfflm
1544 2609 1782 2718 ἵειῙῘῙΒΡΙΙῙἾΜ·

160 2729 352 2799 desciverint,
374 2736 402 2786 ct
423 2743 537 2801 poenam
553 2729 588 2786 ab
602 2728 638 2784 iis
652 2729 824 2785 severiorem
838 2743 869 2784 sc
884 2741 929 2784 rc·
987 2709 1063 2770 1¹10?
1078 2725 1176 2785 (luam
1188 2709 1416 2784 ῒθΠΙΡΟΓᾶῙῘῖθΡ
1435 2708 1585 2770 severius
1604 2721 1781 2784 puniemus

169 2819 324 2891 petiturum
344 2819 476 2886 minatur,
497 2817 552 2876 nisi
578 2818 607 2874 in
620 2817 780 2890 legitimam
794 2817 929 2873 ditionem
985 2820 1044 2868 vos
1058 2807 1216 2882 tanquam
1230 2805 1374 2882 perfidos
1394 2806 1426 2870 et
1440 2805 1526 2868 bona
1544 2805 1655 2866 vestra
1672 2802 1782 2864 omni-

170 2922 269 2964 rursus
281 2905 440 2964 concedere
454 2905 597 2965 festinent.
986 2902 1047 2962 bus
1069 2903 1275 2979 exponendo.
1305 2904 1424 2964 Datum
1454 2901 1626 2974 Laterani,
1652 2902 1682 2960 X
1710 2899 1779 2960 kal.

173 3043 344 3105 Honorius
355 3043 581 3121 episcopus...‚
596 3041 758 3104 militibus
769 3039 931 3118 &populo
982 3003 1143 3078 januarii,
1160 3000 1371 3078 pontificatus
1387 3000 1494 3062 nostri
1504 3015 1592 3062 anno
1609 2998 1737 3062 octavo.

134 3143 176 3203 de
191 3141 364 3217 Melgorio,
385 3141 537 3218 spiritum
553 3141 685 3202 consilii
700 3139 854 3202 sanioris.

175 3238 266 3311 Quod
282 3240 322 3300 de
338 3238 501 3300 libertatis
525 3240 685 3299 maternae
705 3236 879 3299 dulcedine
894 3235 930 3296 in

134 3336 392 3400 amaritudinem
410 3334 595 3414 tyrannicae
615 3335 788 3396 servitutis
811 3333 932 3412 praeci-
1294 3289 1473 3377 LXXXII

133 3435 265 3512 pitastis
293 3433 474 3496 infeliciter
497 3433 734 3510 vosmetipsos,
771 3429 927 3508 fugiendo
1135 3445 1188 3504 Aa
1199 3443 1426 3518 praepositum
1435 3441 1623 3504 Massam,

134 3533 314 3609 benignam
326 3531 585 3594 dominationem
608 3531 662 3592 vel
677 3530 786 3608 potius
803 3529 928 3606 guber·
1248 3573 1283 3631 ²3
1293 3571 1421 3631 decemb·
1439 3572 1507 3631 42²3

134 3631 305 3693 nationem
327 3628 575 3707 Magalonensis
600 3627 761 3701 ecclesiae,
784 3643 857 3705 quae
871 3643 931 3688 vos
1510 3616 1517 3628 '

134 3745 203 3791 non
215 3731 287 3789 sine
297 3728 403 3789 multo
420 3725 613 3788 discrimine
626 3725 666 3786 de
682 3725 794 3786 multis
808 3741 930 3800 angus·
983 3787 989 3804 Ι

133 3828 192 3889 tiis
204 3825 374 3897 liberarat,
389 3825 422 3886 et
436 3823 595 3886 tradendo
605 3839 665 3886 vos
676 3820 873 3900 proditionis
883 3819 930 3901 (1)
985 3812 1143 3870 Ecclesium
1158 3812 1194 3869 (¹0
1206 3810 1317 3870 Mindi)
1329 3813 1359 3868 in
1369 3827 1437 3869 ⁰⁸⁰⁸
1451 3811 1582 3884 lli0l>li⁰⁸
1600 3809 1739 3868 ‘05⁰⁰ssOE
1749 3809 1778 3867 θῑ

135 3924 205 3985 filio
220 3922 407 3985 Raimundo
431 3923 510 3984 nato
540 3922 578 3983 R.
608 3918 774 3997 quondam
800 3919 930 3981 comitis
1224 3899 1387 3958 facultatem
1399 3897 1540 3958 0⁰⁰⁰0dii·

134 4021 303 4094 Tolosani,
326 4021 362 4083 ui
389 4020 569 4082 innitentes
590 4017 708 4079 baculo
734 4016 929 4090 arundineo,
1026 4017 1204 4089 Honorius
1219 4019 1294 4089 eie,
1308 4017 1486 4094 praeposito
1501 4015 1684 4078 Massilien.

134 4119 193 4197 qui
205 4117 329 4180 fractus
343 4133 477 4180 manum
492 4114 640 4194 perforat
651 4115 836 4188 innitentis,
856 4130 931 4176 cum
1026 4119 1143 4188 Quum,
1171 4115 1257 4177 sicut
1276 4115 1425 4177 exhibita
1459 4111 1555 4176 nobis
1583 4115 1640 4177 tua
1665 4113 1781 4191 petitio

133 4217 241 4280 fracto
252 4217 351 4278 etiam
362 4213 632 4291 confringamini,
644 4228 711 4274 non
723 4211 933 4274 solumdam-
986 4213 1180 4282 declararit,
1198 4213 1287 4275 cives
1300 4212 1485 4274 Massilien.
1500 4212 1616 4274 contra
1626 4213 1729 4272 Deum
1746 4211 1779 4272 et

134 4313 259 4377 nabilis
280 4314 408 4376 reatum
423 4311 563 4390 perjmii
590 4309 623 4372 et
637 4310 838 4372 detestandae
854 4326 933 4387 pro·
982 4311 1147 4389 justitiam
1172 4309 1274 4388 impie
1295 4309 1543 4388 prosequentes,
1570 4309 1610 4370 de
1635 4307 1780 4385 propriis

134 4412 272 4476 ditionis
285 4411 468 4483 infamiam,
495 4409 553 4470 sed
579 4409 679 4470 etiam
701 4407 932 4470 abominandae
987 4408 1137 4469 domibus
1149 4423 1209 4469 vos
1224 4409 1347 4486 ejectos
1361 4407 1481 4468 vestris
1502 4405 1685 4466 redditibus
1701 4419 1780 4482 spo·

132 4509 386 4586 ingratitudinis
414 4508 531 4570 vitium
559 4508 592 4569 et
615 4507 727 4568 notam
747 4502 932 4580 manifestae
986 4505 1111 4576 liarint,
1129 4521 1189 4566 nos
1201 4504 1261 4566 tibi
1281 4503 1391 4565 debito
1402 4501 1639 4578 compatientes
1659 4499 1781 4562 affectu

132 4607 310 4671 dementiae
331 4603 552 4667 infallibiliter
575 4602 784 4676 incurristiS,
819 4617 932 4664 rerum
987 4601 1163 4663 ecclesiam
1178 4600 1218 4662 de
1241 4600 1369 4662 Alaudo
1388 4601 1482 4660 bunc
1496 4599 1680 4666 vacantem,
1705 4613 1779 4676 quae

133 4704 320 4784 dispendia,
342 4718 561 4783 personarum
576 4701 725 4778 pericula
747 4700 779 4761 et
791 4745 792 4748 ,
803 4701 933 4761 anima·
988 4699 1029 4760 ad
1045 4699 1256 4761 donationem
1271 4701 1362 4759 tuam
1378 4696 1418 4758 de
1433 4712 1573 4757 assensu
1588 4697 1735 4774 episcopi
1748 4697 1781 4759 et

134 4822 210 4866 rum
234 4803 445 4875 detrimenta,
480 4798 545 4862 nisi
575 4797 794 4876 resipueritis,
816 4797 931 4874 procul
987 4795 1124 4877 capituli
1140 4795 1289 4856 noscitur
1298 4792 1475 4870 pertinere,
1494 4793 1579 4854 sicut
1594 4793 1729 4866 asseris,
1744 4791 1779 4854 in

1002 3697 1121 3760 illapsu„
1134 3695 1180 3748 lib·
1192 3695 1258 3754 Vlll,
1267 3695 1342 3760 epist.
1355 3695 1609 3746 reluctareris
1622 3693 1657 3746 du
1670 3693 1764 3759 ibuit]
1884 3699 1885 3706 ’

133 4902 235 4966 dubio
250 4900 433 4963 incursuri.
988 4889 1782 4969 ususpropriosretinendi,donecadpraepositu-
1863 4945 1865 4952 ,

174 5003 316 5072 Verum,
343 5015 417 5059 cum
441 4995 537 5059 vobis
558 4993 684 5056 monita
708 4992 930 5055 direxerimus
986 5005 1058 5051 ram
1073 4991 1164 5052 tuam
1177 4988 1314 5066 pacifice
1328 4988 1438 5048 redire
1452 4985 1565 5049 valeas
1581 4989 1657 5049 etin
1673 5003 1712 5048 ea
1723 5003 1780 5048 se-

135 5100 169 5161 ct
195 5097 363 5168 mandata,
389 5094 436 5166 nt,
463 5093 519 5170 qui
544 5090 702 5153 abieratis
734 5090 930 5167 improvide,
987 5103 1066 5151 cure
1095 5087 1231 5160 morari,
1257 5086 1456 5148 auctoritate
1481 5085 1542 5148 tibi
1567 5082 1781 5162 praesentium

135 5211 179 5261 ne
195 5195 379 5256 dixerimus
396 5191 560 5269 nequiter,
575 5189 614 5250 de
628 5189 765 5249 dextera
778 5187 814 5248 in
831 5187 934 5248 sinis·
987 5184 1197 5247 concedimus
1229 5184 1431 5246 facultatem.
1462 5185 1581 5244 Datum
1608 5181 1776 5250 Laterani,

134 5297 233 5364 tram,
251 5294 292 5353 de
305 5290 442 5352 sinistra
457 5289 492 5349 in
508 5287 678 5348 dexteram
695 5284 830 5362 provide
844 5285 935 5346 redi·
986 5283 1017 5344 X
1044 5281 1206 5344 kalendas
1234 5281 1395 5360 januarii,
1431 5279 1640 5358 pontificatus
1673 5279 1780 5341 nostri

134 5393 229 5463 retis,
244 5405 314 5462 roc,
339 5387 435 5466 quasi
451 5383 687 5448 erubescentes
702 5383 780 5444 inde
796 5397 934 5459 surgere
988 5393 1077 5442 anno
1086 5380 1213 5441 octavo.

155 5543 281 5600 ertincnt
294 5539 472 5606 comitatum,
486 5535 536 5594 ulli
550 5533 714 5592 concedatis
729 5533 846 5591 omnino
855 5539 933 5590 extra
1025 5529 1065 5601 (l)
1086 5531 1195 5587 Forsan
1208 5527 1372 5602 perditionis
1384 5531 1413 5585 ut
1423 5541 1521 5596 supro.

135 5559 373 5686 {lagalonensem
390 5607 537 5666 dioecesim
571 5605 769 5662 commoranti.
792 5603 868 5662 Nulli
886 5617 931 5660 er·
1037 5601 1065 5664 ii
1082 5599 1235 5658 Beruardo.

135 5699 185 5758 go,
200 5691 254 5741 etc.
272 5684 375 5740 Datum
387 5677 531 5747 Laterani,
545 5675 640 5734 llvlll
655 5674 713 5733 lral.
729 5673 808 5742 maii,
825 5673 935 5748 pontifl-
1037 5674 1066 5747 3)
1083 5669 1242 5730 Raimuudo
1254 5671 1317 5730 Vll.

134 5763 215 5814 catos
228 5753 316 5812 nostrl
330 5765 406 5810 auno
417 5749 529 5808 decimo
539 5753 650 5807 octavo.
671 5745 860 5822 »(liouquet.)
