4080 6328
295 363 354 426 ose

649 541 735 630 LXI

333 697 385 755 Ad
398 694 582 768 capitulum
595 695 628 755 cl
643 699 838 769 episcopans
853 656 1059 770 Spirenscs.¹

561 825 579 882 5
597 825 726 882 decemb.
743 827 821 884 litt.

404 947 656 1013 [wirtenbergiscbes
667 949 737 1008 tib,
751 950 793 1007 lll,
809 949 864 1008 208,
874 965 899 999 n.
912 950 979 1013 aaa]

293 1074 535 1146 Composltlonem
559 1075 631 1130 inter
658 1077 850 1146 Bercngerum
873 1076 1039 1148 episcopum
1060 1083 1088 1133 et

329 1164 483 1236 capitulum
504 1164 652 1236 spirenses
672 1177 705 1218 cv
725 1179 778 1219 utra
793 1171 872 1235 parte
886 1173 914 1221 ct
928 1165 1087 1222 Conradum

328 1253 495 1324 episcopum
510 1258 538 1308 et
558 1251 712 1322 capitulum
734 1253 972 1310 constancienses
992 1269 1026 1310 ex
1051 1253 1089 1309 al·

329 1348 399 1410 tera,
420 1341 592 1397 deecclesia
608 1339 641 1396 de
657 1341 827 1413 Ezzelingen
848 1340 962 1398 laetam.

332 1467 499 1528 Honorius
509 1466 694 1542 episcopus,
709 1482 825 1526 servus
837 1483 1006 1527 servorum
1016 1469 1085 1539 Dei,

293 1563 477 1626 venerabili
500 1563 595 1623 fratri
621 1564 775 1640 episcopo
794 1566 826 1624 et
849 1563 979 1625 dilectis
997 1565 1084 1636 tiliis,

294 1661 440 1738 capitulo
466 1660 626 1738 Spirensi,
649 1661 838 1723 salutemet
865 1663 1086 1738 Apostolicam

291 1758 565 1820 benedictionem.

332 1857 380 1916 Ea
395 1873 467 1934 quae
486 1855 614 1933 judicio
634 1856 685 1916 vel
708 1857 885 1918 concordia
900 1857 1086 1919 terminan-

291 1953 349 2016 tur
360 1955 455 2014 llrma
473 1951 592 2015 debent
606 1954 638 2014 et
653 1953 780 2015 illibata
795 1955 972 2031 persistere
988 1957 1029 2025 et,
1045 1971 1086 2014 ne

290 2051 326 2113 in
350 2051 505 2112 recidivae
524 2052 747 2112 contentionis
774 2052 964 2128 scrupulum
994 2053 1085 2112 rela-

291 2149 423 2222 bantur,
438 2148 628 2224 apostolico
644 2149 798 2211 convenit
823 2151 980 2226 praesidio
996 2166 1087 2210 com-

292 2246 428 2306 muniri.
449 2249 495 2306 Ea
515 2247 658 2322 propter,
683 2246 883 2307 venerabilis
901 2249 935 2307 in
956 2247 1086 2308 Christo

292 2343 395 2406 frater
420 2344 572 2420 episcope
597 2345 629 2404 et
657 2345 770 2404 dilecti
796 2345 830 2404 in
860 2345 998 2405 Domino
1025 2345 1086 2404 dlii

292 2442 495 2518 capitulum,
532 2442 652 2502 vestris
682 2441 958 2518 postulationibus
991 2444 1085 2517 grato

293 2542 530 2600 concurrentes
553 2555 711 2608 assensn„
726 2539 997 2614 compositionem
1013 2556 1085 2615 quae

292 2637 381 2698 inter
408 2652 478 2708 vos
501 2653 545 2696 ex
564 2651 628 2696 una
658 2639 769 2713 parte,
796 2638 828 2698 et
858 2636 1085 2698 venerabilem

292 2733 428 2796 tratrem
463 2735 613 2794 nostrum
647 2733 840 2810 episcopum
878 2736 910 2795 et
949 2734 1085 2796 dilectos

291 2830 389 2902 lilios,
415 2829 595 2907 capitulum
621 2832 877 2893 constanciense
902 2848 944 2893 ex
966 2832 1083 2903 altera,

291 2944 391 3005 super
421 2927 563 2988 ecclesia
599 2928 638 2988 de
678 2928 882 3004 Eazelingen,
921 2930 1085 2990 mediante

290 3025 475 3090 venerabili
502 3025 604 3086 sratre
620 3026 732 3086 nostro
752 3027 785 3086 G.
804 3028 979 3088 Portuensi
1003 3027 1087 3102 epis-

291 3141 385 3200 eopo,
405 3123 603 3200 apostolica,
620 3123 713 3183 Sedis
728 3124 847 3198 legato,
863 3124 1084 3186 amicabiliter

290 3221 480 3291 intervenit,
497 3220 582 3280 sicut
599 3221 662 3280 rite
679 3221 751 3281 sine
767 3223 930 3297 pravitate
949 3223 1085 3298 provide

290 3319 377 3380 iacta
388 3320 438 3380 est
452 3321 485 3378 et
499 3317 540 3377 ab
556 3317 693 3393 utraque
710 3322 803 3393 parte
822 3319 937 3395 sponte
952 3321 1083 3395 recepta

288 3417 321 3478 et
336 3417 495 3478 hactenus
511 3414 647 3490 pacifice
663 3415 849 3485 observata,
862 3431 901 3476 ac
917 3417 951 3476 in
964 3415 1084 3478 litteris

289 3515 410 3576 exinde
430 3512 588 3575 conlectis
613 3512 742 3588 plenius
768 3513 888 3574 dieitur
907 3514 1081 3585 contineri,

289 3613 486 3673 auctoritate
500 3611 691 3687 Apostolioa
708 3611 942 3671 confirmamus
956 3614 988 3674 et
1004 3629 1085 3688 prae·

290 3709 393 3770 sentis
409 3710 524 3784 scripti
536 3709 981 3785 patrocinlocommunimus.
992 3710 1084 3771 Nulli

289 3823 368 3882 ergo
381 3807 514 3868 omnino
534 3806 705 3866 hominum
719 3807 817 3868 licent
830 3807 916 3868 lranc
929 3808 1083 3883 paginam

288 3905 410 3966 nostrae
434 3903 695 3964 confirmationis
733 3903 926 3979 infringere,
961 3905 1013 3964 vol
1053 3905 1084 3964 ei

289 4017 372 4062 ausu
401 4002 579 4062 temerario
617 4001 794 4062 contraire.
824 4002 858 4061 Si
883 4003 957 4078 quis
974 4001 1083 4062 autem

289 4097 352 4159 hoo
368 4099 529 4158 attentare
545 4098 803 4174 praesumpserit,
820 4097 1082 4172 indignationem

226 4225 233 4236 »
288 4195 522 4272 omnipotentis
537 4195 640 4256 Dolet
655 4194 826 4255 bealorum
835 4195 924 4256 Petri
939 4197 972 4256 et
986 4196 1082 4256 Pauli

288 4293 513 4370 apostolorum
542 4295 615 4368 ejus
644 4309 679 4351 se
704 4293 834 4354 noverit
856 4293 1080 4354 incursurum.

287 4393 406 4454 Datum
431 4393 544 4460 Reate,
570 4391 667 4451 nonis
694 4389 888 4461 decembrio,
914 4391 1083 4468 pontifica-

286 4491 340 4552 tus
353 4488 458 4551 nostri
473 4504 560 4548 anno
576 4487 715 4550 decimo.

628 4710 736 4796 llll

312 4856 364 4914 Ad
375 4856 552 4922 decanum,
569 4851 748 4912 cantorem
762 4853 794 4912 ct
813 4853 1053 4914 scholasticum

365 4954 573 5020 Irtsuteuscs,
592 4953 817 5010 Tornoccnsts
832 4953 998 5010 diccccsts.

549 5079 582 5137 l8
596 5077 724 5136 decemb.
742 5079 821 5138 1223.

304 5208 426 5270 [liegest.,
442 5203 486 5254 lib.
501 5201 545 5260 lx,
558 5201 633 5266 epist.
647 5201 699 5250 lae.
713 5201 769 5251 llss.
781 5203 818 5252 La
827 5201 904 5252 Porto
915 5203 950 5254 du
962 5203 1057 5269 Thali]

287 5323 403 5388 blandit
415 5322 467 5384 eis,
478 5325 507 5376 ut
520 5317 710 5390 iuramentum
724 5317 860 5385 relaxent,
878 5317 953 5390 qnod
969 5335 1077 5392 praepo·

322 5415 393 5472 situs
407 5413 436 5467 S.
448 5407 703 5478 Audonrariisnper
712 5405 883 5463 alienatione
894 5407 1079 5480 quarumdam

321 5502 452 5560 villarum
466 5496 919 5568 adpraeposituramspectantium
931 5498 1078 5554 anteelec·

322 5593 429 5650 tionem
440 5599 521 5643 snam
540 5584 653 5641 incaute
668 5583 847 5657 praestiterat.

328 5700 683 5776 Honoriusepiscopus,
695 5716 812 5762 servus
824 5717 996 5764 servorum
1005 5703 1077 5776 Dei,

907 364 1082 429 HONORII
1105 365 1150 428 ΙΙΙ
1172 369 1319 432 OPERA.

1880 354 1934 432 eoo

1144 537 1273 598 dilectis
1284 537 1400 598 liliis...
1411 537 1574 598 decano...
1585 538 1724 609 cantori,
1741 539 1931 600 etscbolas-

1142 635 1210 695 tice
1225 635 1462 706 Insulensibus,
1476 635 1697 696 Tornacensis
1711 636 1875 706 dioecesis,
1887 653 1934 697 sa-

1144 733 1256 800 lutem,
1271 739 1333 794 etc.

1184 832 1335 907 Suscepti
1362 846 1441 892 cura
1466 831 1640 906 regiminis
1665 847 1725 891 nos
1747 831 1885 901 inducit,
1902 835 1932 892 ut

1143 942 1202 1001 pro
1218 928 1306 988 statu
1333 928 1547 988 ecclesiarum
1565 930 1670 988 simus
1695 928 1843 998 solliciti,
1856 931 1888 988 et
1901 933 1932 990 ut

1143 1040 1207 1085 non
1220 1019 1472 1086 diminutionem
1484 1026 1644 1096 incurrat,
1659 1025 1715 1085 sed
1729 1027 1839 1101 potius
1855 1043 1933 1100 aug·
2023 1041 2024 1088 t

1142 1123 1613 1198 mentumsuscipiatdiligenti
1627 1123 1736 1183 studio
1746 1124 1931 1198 prospicere

1143 1219 1331 1280 debeamus.
1362 1221 1455 1280 Unde
1482 1237 1556 1280 cum
1584 1221 1733 1280 Ecclesia
1769 1221 1829 1280 Dei
1861 1220 1929 1279 dis-

1142 1318 1249 1377 tracta
1264 1317 1308 1378 sit
1334 1318 1403 1376 suis
1420 1317 1647 1392 dignitatibus
1678 1319 1710 1377 et
1734 1317 1867 1388 ciliciis,
1893 1333 1931 1377 eu
2023 1313 2024 1360 ἓ

1144 1429 1283 1489 quorum
1297 1414 1392 1490 lapsu
1408 1415 1927 1490 ejuscontingltstatuiderogari,
2023 1405 2024 1408 '

1143 1509 1320 1587 siquando
1336 1513 1598 1573 ecclesiasticum
1618 1511 1841 1572 ministerium
1851 1513 1932 1588 pati·
2023 1543 2024 1554 ,

1142 1610 1198 1668 tur
1213 1608 1456 1680 detrimentum,
1476 1625 1575 1685 quum
1601 1625 1654 1670 res
1679 1609 1838 1680 animata,
1862 1626 1930 1686 quae

1143 1721 1256 1766 casum
1273 1723 1368 1767 suum
1392 1723 1558 1782 exponere
1578 1707 1689 1768 valeat
1708 1721 1775 1767 non
1798 1707 1927 1778 existat,
2023 1711 2024 1714 ’

1143 1803 1233 1864 nullo
1249 1804 1349 1864 etiam
1376 1807 1597 1881 prosequente
1621 1805 1684 1865 sibi
1699 1806 1750 1865 est
1759 1820 1819 1880 per
1842 1805 1930 1864 Sedis

1142 1901 1338 1976 apostolicae
1353 1902 1594 1978 providentiam
1607 1901 1930 1962 succurrendumld

1142 2001 1287 2059 nostram
1305 2015 1384 2058 sane
1405 1999 1607 2060 audientiam
1628 1999 1789 2059 noveritis
1814 2015 1929 2074 perve-
2023 2023 2024 2058 1

1142 2095 1242 2167 nisse,
1264 2098 1350 2173 quod
1387 2113 1526 2174 quum...
1550 2097 1748 2173 praepositus
1786 2097 1929 2156 ecclesiae

1143 2195 1254 2255 Sancti
1267 2195 1457 2265 Andomarl,
1472 2195 1636 2254 blorinen.
1660 2195 1826 2264 dioecesis,
1838 2195 1929 2255 villas

1142 2292 1269 2352 scilicet
1298 2293 1447 2362 Esclram,
1488 2291 1728 2367 Alrirmglriem,
1761 2291 1928 2351 Euclrina
2023 2359 2024 2364 ,

1143 2391 1288 2464 tempore
1313 2393 1408 2466 cujus
1423 2406 1489 2450 non
1512 2391 1604 2451 extat
1629 2389 1789 2449 memoria
1819 2405 1929 2464 posse·
2023 2393 2024 2442 l

1142 2488 1254 2559 disset,
1274 2493 1311 2548 G.
1334 2488 1480 2565 ejusdem
1497 2488 1648 2548 ecclesiae
1672 2489 1850 2564 praeposito
1869 2503 1928 2547 na-

1140 2587 1223 2646 turae
1238 2585 1382 2646 debitum
1398 2585 1618 2661 persolvente,
1637 2585 1821 2660 capitulum
1842 2588 1929 2661 ejus-

1141 2682 1214 2742 dem
1250 2683 1416 2754 ecclesiae,
1456 2683 1554 2744 villas
1595 2683 1728 2743 easdem
1769 2682 1810 2742 de
1850 2681 1927 2742 lacto
2023 2739 2024 2752 ,

1141 2797 1215 2841 cum
1240 2781 1279 2842 de
1297 2783 1374 2857 jure
1396 2781 1582 2856 nequiverit
1604 2779 1833 2856 praepositura
1851 2778 1927 2840 suh·
2023 2813 2024 2832 ,

1140 2878 1253 2950 traxit,
1276 2878 1449 2939 statuendo
1472 2878 1512 2938 ad
1532 2877 1927 2954 praebendarum‘suarum
2023 2889 2024 2954 ζ

1141 2978 1352 3052 augmentum
1395 2979 1432 3037 ut
1473 2993 1608 3036 censum
1657 2978 1790 3036 centum
1834 2990 1927 3034 sexa·
2023 2971 2024 3002 l

1140 3075 1232 3150 ginta
1270 3074 1430 3134 librarum
1467 3075 1633 3135 currentis
1674 3073 1815 3134 monetae
1851 3073 1926 3148 ipsis

1140 3171 1317 3232 redderent
1331 3172 1513 3243 annuatim,
1530 3173 1562 3232 et
1583 3169 1800 3246 astringendo
1815 3170 1927 3230 sevin-

1140 3270 1215 3329 culo
1227 3270 1421 3346 juramenti,
1439 3273 1475 3331 ut
1495 3269 1692 3346 quicumque
1707 3285 1766 3344 pro
1787 3271 1925 3343 tempore

1141 3367 1225 3428 soret
1238 3368 1437 3444 praepositus
1449 3383 1583 3428 censum
1606 3367 1750 3427 solveret
1765 3365 1925 3442 supradic-

1138 3464 1218 3526 tum.
1236 3467 1381 3540 Cumque
1408 3481 1494 3524 unus
1518 3481 1560 3524 ex
1585 3465 1644 3536 eis,
1667 3463 1821 3524 videlicet
1835 3463 1922 3523 bone

1139 3562 1308 3622 memoriae
1319 3564 1372 3620 W.
1386 3562 1531 3622 decanus
1544 3562 1579 3622 in
1590 3563 1805 3637 praepositunr
1815 3561 1925 3620 luisset

1139 3659 1275 3731 electus,
1287 3661 1320 3722 et
1333 3661 1491 3720 statutum
1502 3659 1694 3735 hujusmodi
1705 3661 1861 3735 tanquam
1871 3657 1925 3716 lni-

1139 3774 1238 3834 quum
1264 3773 1330 3818 non
1358 3755 1490 3818 duxerit
1519 3755 1774 3826 observandum,
1801 3755 1922 3817 tandem

1139 3855 1252 3912 votum
1269 3853 1377 3912 crucis
1405 3868 1503 3928 quam
1526 3855 1712 3928 sumpserat
1738 3867 1803 3912 non
1820 3851 1923 3912 valens

1139 3951 1295 4026 prosequi
1309 3950 1461 4026 plurimis
1472 3949 1591 4009 debitis
1608 3948 1784 4025 obligatus,
1798 3949 1922 4024 utcapi-

1138 4048 1243 4110 tulum
1259 4048 1299 4109 ad
1322 4047 1571 4113 subventionem
1602 4046 1817 4108 induceretur
1831 4047 1923 4123 ipsius

1139 4162 1250 4207 coram
1261 4145 1449 4205 dioecesano
1462 4145 1630 4220 episcope,
1651 4144 1683 4205 et
1698 4145 1770 4220 ipso
1787 4142 1919 4220 capitulo

1137 4243 1329 4318 recognovit
1342 4241 1447 4302 dictas
1461 4241 1569 4312 villae,
1587 4242 1619 4302 et
1635 4241 1919 4317 quamdamalianr,

1137 4340 1177 4401 de
1191 4357 1254 4416 qua
1270 4338 1450 4416 capitulum
1463 4339 1555 4415 prius
1577 4354 1643 4400 non
1662 4339 1873 4400 contenderat
1886 4337 1921 4396 ad

1137 4438 1223 4499 idem
1235 4437 1415 4514 capitulum
1432 4438 1615 4512 pertinere;
1632 4437 1857 4511 recognitione
1868 4436 1922 4494 ila·

1138 4551 1200 4612 qne
1213 4535 1272 4595 tali
1289 4533 1386 4605 lacta,
1404 4534 1577 4610 praelatum
1597 4533 1779 4609 capitulum
1795 4534 1833 4594 de
1847 4549 1918 4592 con-

1136 4632 1299 4694 trahendo
1315 4631 1427 4692 mutuo
1440 4631 1656 4692 ducentarum
1670 4647 1854 4692 marcarum
1869 4629 1917 4689 lit-

1135 4733 1225 4791 teras
1245 4729 1308 4790 slbi
1328 4729 1523 4800 concedens,
1553 4729 1706 4804 quaedum
1734 4729 1800 4789 alia
1826 4743 1917 4803 snper

1137 4827 1326 4903 magisterio
1339 4826 1515 4897 scolarum,
1533 4828 1566 4886 et
1575 4824 1772 4902 quibusdam
1789 4825 1861 4886 allis
1874 4823 1919 4885 ol-

1136 4926 1220 4986 llciis
1234 4925 1380 5002 ejusdem
1407 4924 1558 4985 eeclesiae
1587 4939 1662 4983 cum
1690 4924 1807 4983 codem
1826 4925 1875 4982 W.
1891 4923 1920 4981 in

1137 5039 1269 5084 enorme
1283 5023 1511 5098 praepositurae
1525 5020 1733 5097 dispendium
1752 5020 1918 5088 ordinavit,

1050 5112 1053 5124 '
1136 5123 1168 5181 et
1178 5120 1429 5180 confirmatione
1445 5133 1544 5194 super
1557 5117 1619 5178 lloc
1634 5133 1693 5192 per
1708 5115 1920 5192 dietnmepls-

1136 5233 1263 5293 oopum,
1279 5219 1310 5277 et
1320 5217 1544 5292 apostolicam
1559 5215 1677 5276 Sedem
1690 5213 1835 5286 obtenta,
1859 5215 1921 5290 post

1135 5315 1305 5375 decessum
1320 5315 1373 5373 W.
1387 5313 1534 5390 ejusdem
1546 5316 1579 5372 in
1597 5311 1747 5389 partibus
1762 5315 1919 5374 transma-

1133 5411 1230 5484 rlnlS,
1244 5415 1384 5472 vacante
1396 5412 1631 5488 praepositura,
1646 5409 1745 5469 villas
1759 5406 1921 5483 occupavit

1134 5509 1324 5580 easdem,et
1334 5509 1620 5569 confirmationem
1631 5507 1822 5583 hujusmodi
1832 5520 1920 5584 quum

1134 5609 1176 5668 ad
1203 5607 1392 5682 eligendum
1420 5608 1633 5682 praepositum
1656 5605 1873 5672 convenisset,
1889 5615 1920 5660 se

1130 5707 1258 5783 juravit
1274 5705 1658 5781 perpetuoservaturum,
1675 5704 1838 5764 existente
1851 5702 1919 5762 tunc
