4006 6346
74 399 125 457 otti
662 389 894 454 EPlsToLAE.
917 393 996 452 LIB.
1019 391 1105 452 vill.
1651 387 1713 448 6132

75 559 180 632 tegere
200 557 231 618 et
245 568 359 618 earum
382 555 538 626 maxime,
566 563 639 631 quae
670 553 860 631 specialiter
916 551 1043 624 eodem,
1065 551 1120 613 vel
1146 549 1187 612 de
1202 549 1342 626 collegio
1357 549 1495 612 alterius
1510 546 1662 622 canolii,
1679 549 1710 612 si

75 645 111 715 ad
126 653 319 730 apostoncae
336 652 430 713 Sedis
451 653 483 713 et
497 651 645 712 nostram
667 651 860 726 dispositio-
914 649 961 708 ibi
974 647 1096 726 aliquis
1111 644 1151 710 ad
1172 648 1235 709 hoc
1256 649 1405 724 regimen
1418 647 1537 722 dignus
1557 646 1709 722 repertus

74 767 142 812 nem
154 749 374 826 respiciuntet
386 748 534 810 tutelam.
546 749 738 824 Eapropter,
747 747 860 808 dilecti
915 761 981 806 non
992 746 1103 816 sumit,
1114 745 1318 822 providerint
1330 744 1530 820 eligendum,
1543 744 1599 820 qui
1611 744 1709 819 Juxta

74 849 105 907 in
126 849 262 908 Domino
276 847 348 918 tilii,
362 847 484 907 vestris
505 847 605 923 Justis
622 845 859 922 postulationi·
915 844 1086 920 antiquam
1096 843 1247 904 ecclesiae
1260 844 1382 904 vestrae
1401 839 1673 902 consuetudinem
1688 852 1708 900 a

75 945 129 1004 bus
144 945 322 1004 clementer
346 943 535 1014 annuimus,
565 945 598 1004 et
621 943 859 1003 monasterinm
915 952 1121 1016 quocumque
1132 939 1319 1000 malueritis
1334 939 1489 1015 episcopo
1499 935 1711 1013 absquepro·

74 1044 222 1112 vestrum,
240 1040 274 1100 in
286 1055 350 1118 quo
366 1039 480 1101 divino
502 1039 682 1116 mancipati
697 1039 778 1100 estis
801 1037 861 1100 ob·
915 1035 1059 1098 sessione
1074 1037 1107 1105 et
1121 1036 1342 1114 promissione
1356 1033 1533 1112 cujuslibet
1546 1033 1707 1094 ohedien-

75 1139 191 1216 sequio,
220 1139 260 1199 ad
290 1138 461 1214 exemplar
482 1137 589 1198 felicis
619 1136 859 1198 recordationis
914 1134 969 1196 tiae
983 1134 1209 1196 consecretur.

73 1235 245 1297 Alexandri
268 1237 313 1296 lli
334 1251 439 1312 papae,
457 1235 713 1312 praedecessoris
739 1234 857 1306 nostri,
954 1231 1104 1292 chrisma
1119 1245 1211 1303 vero,
1227 1230 1337 1291 oleum
1351 1230 1512 1300 sanctum,
1532 1239 1710 1289 consecra-

74 1333 129 1394 sub
139 1333 226 1394 beati
241 1333 332 1394 Petri
347 1335 380 1394 et
401 1333 515 1395 nostra
530 1331 736 1408 protectione
747 1331 858 1392 susci-
914 1329 1023 1389 tiones
1045 1328 1202 1390 altarium
1228 1341 1287 1388 seu
1314 1323 1541 1394 basilicarum,
1566 1325 1707 1386 ordina·

74 1431 186 1507 pimus,
202 1431 236 1491 et
249 1430 370 1506 ipsum,
391 1428 477 1506 quod
502 1428 694 1505 specialiter
719 1428 861 1504 Aposto-
915 1422 1022 1487 tiones
1037 1425 1358 1496 monachorumseu
1373 1424 1581 1494 clericorum,
1596 1419 1653 1499 qui
1665 1421 1707 1482 ad

74 1527 141 1587 ltcae
158 1526 252 1586 Sedis
268 1529 300 1587 et
312 1525 418 1587 nostri
430 1527 517 1603 juris
538 1525 663 1597 existit,
681 1525 861 1586 confirma*

74 1637 139 1684 mus
149 1624 181 1686 et
191 1623 365 1700 presentis
393 1623 508 1699 scripti
525 1623 701 1699 privilegio
717 1635 860 1683 eommu-

75 1720 186 1792 nimus,
209 1721 403 1792 statuentes,
417 1723 452 1782 ut
473 1735 698 1799 quascumque
720 1735 858 1797 posses-

74 1819 187 1890 siones,
198 1833 415 1895 quaecumque
423 1818 509 1879 bona
523 1818 609 1879 idern
621 1817 859 1879 monasterium

74 1915 104 1974 in
119 1916 369 1991 praesentiarum
379 1917 469 1993 juste
482 1917 515 1977 et
527 1917 685 1977 canonice
701 1915 857 1992 possidet,

73 2013 124 2073 aut
137 2012 330 2074 infuturum
344 2013 559 2074 concessione
575 2013 778 2088 pontificum,
796 2011 861 2072 lar·

73 2110 189 2183 gittone
222 2123 338 2186 regum
374 2110 428 2171 vel
453 2111 662 2187 principum,
693 2109 860 2172 oblatione

73 2205 222 2278 fidelium,
248 2219 307 2267 seu
321 2207 398 2268 aliis
420 2207 653 2284 justismodis,
681 2209 860 2284 praestante

73 2303 212 2374 Domino,
231 2305 353 2380 poterit
374 2303 526 2380 adipisci,
551 2303 645 2365 firma
666 2304 759 2365 vobis
778 2320 859 2364 ves-

72 2399 190 2476 trisque
217 2401 469 2462 successoribus
501 2403 534 2463 et
570 2402 699 2463 illibata
728 2415 861 2478 perma-

76 2500 177 2559 neant.
195 2498 364 2574 inquibus
379 2499 450 2559 haec
465 2499 608 2575 propriis
624 2497 779 2559 duximus
800 2515 862 2560 ex-

74 2595 238 2668 primenda
251 2594 422 2656 vocabulis
432 2597 568 2657 :Villam
577 2595 690 2658 Sancti
697 2596 858 2668 Richarii,

914 1537 1026 1583 sacros
1041 1523 1175 1584 ordines
1188 1522 1313 1584 tuerint
1322 1521 1537 1599 promovendi
1549 1531 1568 1581 a
1580 1519 1708 1581 dicece-

915 1633 998 1681 sano
1013 1619 1201 1697 suscipietis
1217 1621 1384 1696 episcopo,
1402 1619 1431 1678 sl
1442 1615 1575 1695 quidem
1590 1615 1709 1677 catho—

914 1712 999 1778 licus
1011 1717 1112 1778 interit
1126 1719 1159 1779 et
1174 1717 1315 1792 gratiam
1328 1717 1427 1793 atque
1441 1713 1708 1776 communionem

914 1815 1110 1892 spostolicae
1126 1815 1220 1876 Sedis
1243 1813 1408 1884 habuerit,
1426 1813 1459 1874 et
1481 1825 1521 1873 ea
1549 1811 1653 1887 gratis
1675 1809 1712 1871 et

915 1911 1038 1988 absque
1063 1911 1131 1972 ulla
1165 1911 1329 1988 pravitate
1357 1909 1500 1972 voluerit
1533 1907 1704 1971 exhibere.

913 2009 1069 2087 Alioquin
1085 2009 1185 2071 liceat
1198 2008 1292 2070 vobis
1306 2023 1403 2085 quem
1419 2006 1603 2068 malueritis
1613 2003 1706 2065 adire

915 2107 1114 2178 antistitem,
1143 2107 1200 2183 qui
1231 2106 1344 2166 nostra
1373 2104 1475 2165 tultus
1508 2100 1706 2163 auctoritate

915 2204 1000 2280 quod
1016 2204 1202 2280 postulatur
1226 2202 1408 2278 indulgeat.
1425 2202 1592 2262 Praeterea
1620 2214 1709 2276 prae-

915 2301 1000 2362 senti
1015 2300 1138 2377 scripto
1154 2299 1322 2360 sancimus
1333 2299 1369 2360 ut
1384 2298 1496 2358 nullus
1515 2295 1704 2372 archiepis·
1795 2309 1798 2314 ·

915 2413 1027 2475 copus,
1052 2399 1106 2458 vel
1130 2398 1317 2474 episcopus
1348 2411 1408 2458 seu
1438 2395 1705 2464 archidiaconus,

914 2495 967 2556 vel
983 2495 1126 2556 decanus
1155 2497 1190 2555 in
1206 2494 1399 2572 praescripto
1423 2491 1626 2554 monasterio
1653 2489 1708 2552 vel

915 2592 1127 2669 presbq-teris,
1146 2608 1205 2653 seu
1218 2591 1439 2668 burgensibus
1453 2587 1600 2667 ejusdem
1617 2587 1707 2648 villae

73 2690 102 2749 iu
113 2693 272 2767 quaidem
284 2693 520 2754 monasterium
537 2693 636 2754 situm
646 2694 697 2755 est
707 2709 780 2754 cum
791 2694 860 2755 tota
915 2691 1029 2751 contra
1042 2689 1213 2767 antiquam
1226 2689 1424 2760 libertatem,
1435 2687 1640 2764 potestatem,
1652 2683 1706 2746 vel

73 2788 291 2851 ecclesiastica
307 2791 448 2866 justitia,
470 2790 503 2851 et
519 2790 659 2867 quadarn
687 2793 780 2867 parte
809 2790 861 2852 io-
911 2786 1179 2864 jurisdictionem
1194 2785 1375 2864 quamlibet
1394 2785 1515 2846 audeat
1536 2797 1705 2852 exercere,

73 2887 256 2946 rensiscum
269 2887 456 2963 parochiali
472 2888 622 2948 ecclesiae
640 2887 771 2948 Sanctae
786 2889 860 2948 Ma·
914 2885 1016 2945 autin
1025 2884 1140 2944 eadem
1148 2883 1350 2944 villacontra
1359 2882 1510 2944 eamdem
1519 2877 1706 2941 libertatem

72 2981 124 3041 riae
145 2983 176 3043 et
197 2983 337 3058 capellis
361 2983 510 3060 ejusdem
538 2985 644 3059 villee3
662 2985 860 3045 Forestense
910 2984 968 3057 jus
995 2980 1188 3058 parochiale
1209 2981 1391 3056 requirere.
1421 2981 1509 3040 Sane
1536 2976 1707 3038 novalium

73 3081 313 3152 monasterium,
339 3080 453 3141 villam
475 3081 609 3155 Bogarii
634 3095 708 3142 cum
731 3081 859 3142 duabus
914 3078 1197 3155 vestrorumque
1213 3077 1357 3154 propriis
1370 3075 1524 3136 manibus
1535 3075 1708 3148 autsump·

73 3176 211 3248 partibus
228 3177 433 3238 decimarum
444 3177 587 3254 bugum3
603 3193 722 3239 novam
732 3177 857 3252 villam;
914 3175 1001 3236 tibus
1015 3175 1136 3248 colitis,
1156 3175 1228 3236 sive
1242 3175 1283 3236 de
1296 3173 1508 3236 nutrimentis
1518 3171 1707 3234 vestrorum

73 3271 227 3348 BuseJ'um,
244 3275 459 3350 lingniacum,
477 3275 685 3347 Drusiacum,
713 3275 856 3352 Majoch,
914 3272 1118 3344 animalium,
1136 3273 1247 3333 nullus
1264 3285 1283 3332 a
1303 3271 1398 3334 vobis
1413 3271 1558 3332 decimas
1580 3283 1710 3346 praesu·

73 3365 213 3441 Nocrias,
248 3369 412 3440 Riverias,
442 3371 634 3444 Argovium,
652 3372 859 3448 Cujencurclr
914 3371 1137 3447 matexigere.
1150 3371 1317 3432 Praeterea
1330 3368 1527 3430 auctoritate
1538 3364 1708 3443 Apostoli-

74 3476 137 3523 cum
165 3465 277 3536 altari,
294 3467 395 3526 terris
423 3466 456 3526 et
478 3466 598 3539 vineis,
615 3465 648 3529 et
671 3483 808 3529 nemora
823 3469 859 3528 in
914 3483 952 3528 ca
965 3467 1347 3544 probibemus,nealicui
1356 3467 1456 3527 liceat
1468 3463 1706 3542 possessiones,

72 3560 233 3636 tansiaco;
252 3560 492 3624 altaredullian
508 3579 582 3626 cum
597 3565 691 3625 curte
704 3567 737 3626 et
751 3565 858 3641 perti·-
914 3579 996 3642 quas
1012 3579 1031 3625 a
1046 3564 1371 3648 vestrqmonasterio
1381 3561 1481 3634 tenet,
1494 3558 1710 3621 sinelicentia

72 3659 183 3718 nentiis
204 3659 292 3734 suis3
321 3660 427 3722 altare
449 3661 580 3732 Brachi,
600 3661 705 3723 altare
719 3663 856 3732 Astiaci,
914 3660 1042 3722 abbatis
1065 3663 1100 3723 et
1117 3661 1256 3738 capituli
1282 3661 1402 3737 cuique
1428 3659 1463 3719 in
1483 3659 1563 3729 vita,
1588 3658 1642 3718 vel
1670 3655 1707 3715 in

72 3753 473 3818 Breduuensecoenobium
484 3773 558 3819 cum
570 3759 777 3835 appendiciis
789 3759 858 3818 suis
914 3759 1018 3819 morte
1049 3758 1227 3820 alienando
1260 3757 1452 3820 concedere.
1491 3753 1707 3816 Decernimus

75 3851 103 3908 et
123 3850 306 3926 parochiali
321 3854 474 3915 ecclesia.
498 3858 535 3915 In
562 3857 756 3932 episcopatu
770 3857 857 3916 Tor·
913 3871 1005 3930 ergo,
1017 3855 1147 3917 utnulli
1163 3857 1298 3917 omnino
1315 3854 1487 3916 hominum
1501 3852 1601 3914 liceat
1616 3865 1707 3928 prae-

73 3951 198 4011 nicensi
211 3950 338 4022 villam,
350 3965 425 4028 quae
435 3951 558 4014 dicitur
568 3953 712 4030 capella.
726 3955 762 4013 ln
773 3955 859 4014 Leo·
913 3952 1017 4014 iatum
1033 3953 1272 4014 monasterinm
1285 3953 1410 4014 temere
1429 3949 1635 4028 perturbare,
1650 3947 1709 4009 aut

73 4042 168 4106 diensi
176 4048 380 4124 episcopatu,
393 4049 518 4120 villam,
533 4059 607 4127 quae
618 4049 741 4113 dicitur
752 4051 859 4112 Mater
913 4053 985 4126 ejus
1000 4050 1228 4126 possessiones
1243 4050 1388 4118 auterre,
1408 4051 1461 4110 vel
1477 4048 1605 4110 ablatas
1620 4045 1706 4108 reti-

73 4145 191 4204 mortua
205 4161 282 4205 curn
291 4145 384 4207 curte
398 4146 430 4208 et
441 4146 657 4224 appendiciis,
667 4147 857 4209 molendina
912 4163 1004 4219 nere,
1017 4163 1076 4209 seu
1092 4147 1294 4224 quibuslibet
1308 4145 1540 4209 vexationibus
1551 4145 1705 4220 fatigare,

73 4235 106 4295 de
123 4241 330 4314 driencourt,
356 4243 517 4316 Villenas,
545 4245 755 4321 Baispergas,
780 4243 858 4307 Ahii
913 4246 969 4305 sed
983 4244 1113 4307 illibata
1128 4247 1240 4306 omnia
1262 4246 1295 4308 et
1320 4246 1449 4322 integra
1470 4242 1709 4305 conserventur
1820 4255 1821 4267 ¹

74 4339 195 4402 montis.
209 4339 421 4412 Wiverentii,
437 4341 639 4412 Golomintii‚
656 4340 855 4415 dramhusii,
913 4355 1039 4414 eorum,
1049 4357 1109 4419 pro
1121 4357 1259 4419 quorum
1272 4343 1524 4418 gubernatione,
1533 4355 1572 4401 ac
1580 4338 1708 4399 susten·

73 4431 301 4510 haspanarum,
326 4438 528 4510 Mittencurt‚
550 4436 700 4500 nebulosi
723 4441 855 4512 montis,
912 4439 1038 4502 tatione
1066 4455 1225 4500 concessa
1256 4441 1342 4511 sunt,
1370 4437 1484 4499 usibus
1509 4433 1706 4498 omnimodis

73 4529 101 4588 et
119 4531 156 4592 de
179 4533 334 4594 vallibus.
352 4535 513 4596 indictum
534 4538 654 4607 autern,
673 4537 759 4598 sicut
772 4537 856 4598 hac·
913 4536 1095 4613 profutura,
1118 4536 1210 4598 salva
1227 4536 1321 4598 Sedis
1336 4533 1533 4612 Apostolicae
1555 4532 1706 4594 auctori-

72 4624 157 4688 tenus
184 4631 327 4692 ecclesia
359 4635 472 4694 vestra
498 4633 644 4694 secunda
672 4633 756 4694 teria
784 4635 858 4711 post
912 4635 991 4694 tate.
1022 4633 1070 4694 Ad
1098 4633 1258 4694 indicium
1289 4634 1411 4704 autem,
1442 4629 1527 4708 quod
1560 4631 1707 4693 vestrum

74 4721 150 4785 diem
164 4729 857 4803 pentecostescelebrareconsuevn,vonis
913 4732 1152 4792 monasterium
1167 4731 1357 4807 specialiter
1369 4730 1486 4807 adjus,
1502 4731 1708 4807 etperceptae
1820 4755 1821 4758 ¹

74 4822 307 4898 confirmamus,
324 4828 356 4888 et
379 4843 420 4888 ne
436 4828 510 4904 quis
527 4843 596 4894 eos,
614 4827 669 4904 qui
693 4827 857 4905 adipsum
913 4843 931 4888 a
947 4829 1097 4891 Romana
1113 4827 1261 4890 Ecclesia
1277 4828 1441 4890 libertatis
1457 4825 1552 4890 nobis
1565 4827 1708 4890 nostris-

74 4914 221 4982 indictum
236 4925 453 4986 convenerint
466 4925 501 4984 in
514 4924 621 4997 bonis,
636 4925 689 4986 vel
706 4927 857 5002 personis
913 4941 976 5000 que
987 4923 1238 4987 successoribus
1254 4925 1386 4985 unciam
1410 4925 1485 4986 auri
1510 4925 1608 4986 avinis
1636 4924 1708 4984 sin·

74 5013 240 5093 offendere,
265 5021 318 5081 vel
341 5021 518 5082 molestare
532 5023 720 5098 praesumat,
742 5025 859 5085 aucto·
912 5023 1000 5098 gulis
1015 5023 1223 5099 persolvetis.
1242 5022 1276 5084 Si
1289 5023 1435 5100 igiturin
1447 5021 1708 5086 suturumeccle·

74 5110 160 5175 ritate
170 5117 358 5193 apostolica
374 5117 597 5195 probibemus.
612 5119 761 5182 Obeunte
776 5135 857 5182 vero
913 5120 1048 5181 siastica
1072 5119 1287 5182 saecularisve
1312 5135 1453 5198 persona
1475 5121 1562 5182 hanc
1585 5117 1707 5180 nostrae

73 5205 111 5280 te,
126 5227 210 5274 nunc
234 5215 381 5292 ejusdem
409 5215 475 5277 loci
499 5215 628 5289 abbate,
658 5217 857 5279 veltuorum
912 5217 1160 5280 constitutionis
1182 5217 1337 5294 paginam
1362 5218 1471 5279 sciens
1492 5217 1608 5278 contra
1633 5231 1707 5276 earn

76 5309 207 5378 quolibet
231 5323 471 5385 successorum,
489 5314 601 5374 nullus
627 5314 688 5376 tibi
712 5315 859 5393 qualibet
912 5318 1037 5377 temere
1056 5315 1171 5377 venire
1195 5315 1384 5387 tentaverit,
1400 5313 1545 5376 secundo
1568 5312 1707 5375 tertiove

75 5403 282 5484 subreptionis
297 5410 430 5479 astutia,
452 5427 511 5472 seu
538 5412 699 5474 violentia
721 5427 856 5490 praepo-
913 5413 1125 5483 commonita,
1142 5411 1209 5473 nisi
1229 5413 1522 5489 praesumptionem
1546 5425 1640 5471 suam
1656 5410 1708 5471 di-

76 5503 172 5576 natur,
190 5507 255 5566 nisi
268 5523 366 5584 quern
381 5508 678 5571 iratrescommuni
692 5526 857 5572 consensu
912 5527 977 5588 gna
993 5509 1222 5572 satisfactione
1236 5509 1432 5581 correxerit,
1453 5508 1625 5584 potestatis
1640 5507 1705 5569 ho·

75 5598 264 5664 veltratrum
279 5621 357 5682 pars
370 5607 503 5667 consilii
516 5607 660 5670 sanioris
675 5609 856 5670 secundum
913 5609 1069 5685 nonisque
1091 5607 1143 5668 sui
1159 5606 1320 5682 dignitate
1346 5607 1468 5677 careat,
1486 5621 1643 5684 reamque
1670 5619 1707 5665 se

77 5693 125 5754 llei
137 5699 298 5775 timorem,
313 5703 447 5765 etbeati
463 5705 634 5767 Benedicti
649 5706 799 5781 regulam
816 5707 856 5768 de
913 5707 1025 5768 divino
1037 5705 1164 5783 judicio
1189 5705 1333 5766 existere
1358 5703 1397 5765 de
1424 5705 1613 5782 perpetrata
1635 5699 1705 5763 ini-
