4080 6328
220 3342 222 3350 ,
311 3277 425 3348 tuatis,
446 3274 605 3336 iacientes
626 3274 713 3351 quod
738 3274 921 3336 statueritis
946 3288 1005 3350 per
1026 3289 1106 3334 cen·

311 288 370 350 sn
922 285 1098 348 nouonn
1120 285 1166 346 111
1187 233 1338 350 ornan,
1883 293 1947 354 sua

310 448 343 512 et
364 446 546 512 conventus
569 445 737 522 praedictae
759 445 800 508 ad
823 461 882 508 vos
904 445 1105 524 quasdama
1161 446 1258 508 nibus
1289 447 1388 525 atque
1417 447 1518 510 minis
1548 446 1641 511 vobis
1671 464 1692 510 a
1721 449 1891 514 carissimo
1912 453 1947 516 in
2014 417 2015 430 ἵ

310 544 406 607 nobis
439 546 701 623 impetraverunt
733 543 861 604 litteras
890 543 1005 606 contra
1033 557 1104 614 eos,
1161 544 1509 615 christolilionostro,
1524 545 1647 608 illustri
1663 563 1742 624 rege
1758 551 1944 624 Huugariae,

312 660 385 721 quae
409 643 535 703 nullam
555 641 722 702 iaciebant
742 641 942 702 mentionem
962 640 1002 701 (16
1025 655 1106 702 con·
1160 642 1275 714 illatis
1305 645 1416 704 vestra
1444 643 1541 704 nobis
1568 645 1726 706 discretio
1758 645 1946 723 destinavit,

311 741 475 812 cessione,
505 739 670 815 pactione,
703 755 763 798 seu
791 737 991 798 inhibitione
1014 753 1104 813 prae·
1160 739 1293 800 virtutis
1306 740 1425 801 vestrae
1437 741 1656 803 constantiam
1667 742 1702 802 in
1713 743 1949 805 Dominocom-

311 838 422 909 dictis,
458 837 516 898 sed
543 836 739 911 simpliciter
764 835 988 906 continebant,
1019 835 1105 912 quod
1162 837 1365 908 mandantes,
1383 837 1469 914 quod
1489 837 1575 899 sicut
1595 839 1719 900 eaedem
1734 839 1852 901 litterae
1865 857 1946 903 con-

311 935 413 998 abbas
433 937 465 996 et
479 935 664 995 conventus
679 933 830 1009 praedicti
846 948 946 1010 super
959 933 1059 994 terris
1074 935 1106 995 et
1160 933 1320 1005 tinebant,
1337 951 1437 1011 quum
1462 951 1523 998 uec
1542 936 1663 998 litteris
1677 937 1738 998 sub
1754 937 1945 1002 obedientiae

310 1032 410 1095 rebus
426 1032 501 1093 aliis
517 1031 721 1108 injuriantur
735 1031 871 1092 eisdem.
894 1032 1021 1092 Etcum
1041 1028 1104 1090 ab·
1157 1034 1238 1108 jugo
1249 1047 1308 1108 pro
1319 1033 1420 1093 nullis
1432 1033 1532 1094 minis
1547 1035 1618 1095 sive
1630 1035 1817 1096 terroribus
1828 1037 1945 1098 terram

309 1131 435 1192 batissa
451 1131 484 1192 et
502 1130 685 1189 conventus
702 1127 869 1204 praedictae
885 1128 1035 1204 peterent
1049 1142 1107 1188 oc·
1161 1128 1372 1191 dimitteretis
1386 1131 1535 1192 eamdem
1543 1131 1615 1192 sine
1624 1132 1796 1194 nostravel
1803 1134 1947 1209 magistri

246 1295 256 1314 s
312 1229 446 1290 cesione
484 1225 675 1303 hujusmodi
710 1226 897 1286 litterarum
931 1226 967 1286 ut
998 1225 1106 1286 dictus
1160 1227 1263 1288 vestri
1275 1226 1410 1289 licentia
1422 1227 1570 1304 speciali.
1585 1229 1755 1290 Noveritis
1767 1232 1876 1291 autem
1891 1247 1947 1292 uos

311 1326 414 1388 abbas
442 1325 686 1395 inhibitionem,
718 1339 817 1400 quam
845 1321 981 1394 lecerat,
1007 1337 1107 1384 revo—
1161 1324 1225 1401 ipsi
1237 1325 1310 1400 regi
1323 1327 1355 1386 61
1372 1325 1449 1386 aliis
1468 1325 1600 1388 nostras
1622 1342 1722 1402 super
1741 1327 1806 1388 boc
1825 1327 1946 1390 litteras

312 1423 413 1496 caret,
431 1424 464 1485 et
475 1421 546 1482 dies
561 1422 602 1482 ad
619 1421 850 1498 proponendas
862 1436 977 1481 omnes
989 1435 1106 1497 excep-
1161 1421 1346 1482 destinasse
1360 1422 1476 1499 quales
1488 1421 1633 1484 vidimus
1646 1423 1821 1500 expedire;
1834 1441 1871 1485 ac
1885 1428 1947 1487 Deo

310 1521 420 1597 tiones
445 1519 619 1581 dilatorias
642 1521 731 1580 esset
749 1518 898 1595 partibus
923 1518 1104 1594 assignata,
1161 1520 1298 1580 auctore
1312 1519 1358 1580 ita
1377 1519 1552 1594 providere
1572 1519 1764 1581 curabimus
1779 1521 1863 1597 quod
1885 1537 1947 1582 non
2014 1543 2015 1546 ¹

311 1618 479 1681 abbatissa
495 1617 527 1678 et
542 1617 724 1678 conventus
737 1619 808 1693 jam
828 1616 925 1677 dictae
939 1616 1009 1677 sive
1021 1613 1106 1676 forte
1161 1615 1325 1692 oportebit
1344 1631 1403 1678 vos
1431 1616 1599 1678 dimittere
1618 1617 1743 1679 terram
1763 1619 1879 1694 ipsam,
1894 1618 1945 1680 sed

311 1715 520 1776 advertentes
544 1711 733 1790 hujusmodi
758 1712 886 1773 litteras
904 1727 988 1784 esse,
1005 1710 1106 1772 tacita
1162 1729 1235 1775 eam
1256 1713 1411 1775 tenebitis
1435 1729 1510 1774 cum
1533 1714 1646 1776 favore
1670 1716 1703 1776 et
1723 1714 1947 1778 benevolentia

310 1811 463 1884 veritate,
480 1811 664 1888 subreptas,
679 1810 750 1871 sive
764 1809 849 1872 forte
864 1809 904 1870 de
921 1812 999 1886 jure
1021 1808 1107 1870 sicut
1161 1811 1240 1874 dicti
1259 1812 1359 1888 regis.
1376 1813 1442 1872 Vos
1458 1825 1548 1886 erge,
1568 1811 1654 1874 sicut
1674 1813 1739 1874 viri
1762 1813 1945 1890 prudentes,

311 1911 430 1972 merito
455 1910 608 1986 poterant
632 1906 816 1969 diffidentes
838 1907 986 1968 eamdem
1011 1907 1105 1982 post·
1160 1909 1284 1969 terram
1299 1909 1404 1984 ipsam
1425 1907 1537 1969 domui
1554 1908 1674 1971 vestrae
1688 1909 1783 1984 regia
1801 1909 1946 1971 liberali-

311 2008 444 2069 modum
457 2005 613 2083 prosequi
628 2021 695 2066 non
711 2005 882 2066 curarunt.
897 2004 991 2064 Unde
1004 2001 1106 2064 abbas
1160 2006 1228 2068 tate
1243 2005 1409 2076 donatam,
1426 2006 1459 2066 et
1479 2021 1499 2067 a
1521 2006 1604 2066 Sede
1618 2007 1809 2082 Apostolica
1832 2007 1946 2068 contir-

311 2107 345 2168 et
373 2105 557 2166 conventus
580 2105 650 2179 jam
679 2102 757 2163 dicti
789 2100 996 2163 attendentes
1020 2100 1107 2178 quod
1161 2105 1295 2174 matam,
1311 2102 1409 2164 solita
1424 2102 1597 2179 diligentia
1612 2103 1827 2176 conservetis,
1844 2105 1946 2166 securi

312 2203 385 2266 sine
409 2201 503 2278 gravi
528 2201 725 2262 detrimento
749 2199 944 2262 monasterii
967 2198 1020 2260 sui
1040 2213 1106 2260 non
1161 2201 1202 2262 de
1223 2203 1336 2262 nostra
1353 2203 1386 2263 et
1402 2200 1601 2278 Apostolicae
1617 2201 1713 2262 Sedis
1734 2201 1843 2277 gratia
1858 2204 1889 2263 et
1905 2201 1946 2261 i·

311 2301 418 2379 possit
430 2297 569 2374 infringi
585 2298 693 2374 pactio
707 2298 909 2374 supradicta,
929 2296 1025 2359 nobis
1042 2297 1108 2358 hu·
1160 2313 1252 2360 vore.
1276 2299 1395 2360 Datum
1422 2297 1555 2372 Tibure,
1579 2299 1623 2360 IV
1642 2297 1716 2359 idus
1736 2299 1838 2376 junii,
1865 2313 1946 2360 anuo

311 2399 436 2460 militer
450 2395 690 2475 supplicarunt,
705 2396 741 2459 ut
757 2395 942 2472 pactionem
957 2395 1106 2456 eamdem
1161 2411 1259 2457 nono.

310 2497 468 2574 tauquam
486 2493 625 2570 proinde
646 2493 779 2564 iactam,
802 2494 835 2555 et
856 2495 892 2556 ut
912 2493 1106 2570 praedictum

312 2594 373 2665 est,
399 2608 459 2670 per
479 2591 702 2652 dioecesanum
727 2591 918 2667 episcopum
941 2590 1108 2667 approba·

310 2692 389 2763 tam,
426 2688 611 2752 taceremus
646 2687 889 2750 inviolabiliter
921 2686 1104 2750 observari.
1466 2635 1654 2724 CLXXVI

311 2789 396 2861 Quia
407 2803 488 2850 vero
500 2786 596 2848 nobis
610 2801 676 2848 nou
692 2785 839 2848 constitit
853 2785 894 2846 de
909 2785 1104 2862 praemissis,
1161 2791 1212 2850 Ad
1228 2789 1365 2852 abbates
1388 2791 1437 2850 (16·
1457 2790 1640 2858 1111616611,
1661 2790 1702 2848 de
1720 2789 1830 2848 Kcrcz
1854 2787 1886 2848 et
1910 2789 1946 2848 dc

311 2885 505 2950 discretioni
532 2885 651 2948 vestrm
680 2899 741 2960 per
767 2883 958 2960 apostolica
982 2882 1106 2960 scripta
1200 2887 1562 2963 Eprtsfflntaviensts,
1578 2885 1825 2959 Uttrasvlvanoe
1839 2884 1873 2946 et
1887 2887 1943 2946 Ce-
2014 2961 2015 2964 1

309 2985 517 3055 mandamus,
548 2983 712 3060 quatenus
741 2981 889 3059 partibus
916 2979 1106 3043 convocatis
1200 2987 1377 3046 cantens
1391 2986 1607 3058 dioecesum„

311 3085 344 3145 et
358 3081 494 3152 auditis,
508 3080 676 3142 hincinde
690 3079 879 3156 propositis,
896 3079 983 3156 quod
999 3093 1102 3140 cano·
1457 3113 1491 3170 10
1497 3112 1570 3186 jumi
1587 3111 1665 3170 1225·

311 3180 423 3240 uicum
439 3178 551 3249 luerit,
576 3177 798 3254 appellatione
818 3176 1011 3253 postposita,
1036 3177 1107 3238 sta·
1331 3237 1414 3304 [sajet
1436 3237 1488 3288 nod
1513 3235 1611 3301 diplom
1641 3235 1673 3287 ,Π
1698 3249 1716 3286 1,
1733 3235 1786 3301 42]

313 3387 425 3434 suram
461 3370 722 3433 ecclesiasticam
755 3369 895 3432 tirmiter
921 3369 1102 3432 observari.
1161 3363 1498 3432 Abbatesdebineweld,
1512 3365 1600 3420 Kercz
1615 3362 1832 3434 etllgrls,num
1846 3361 1945 3434 equites
2014 3381 2015 3400 2

311 3472 426 3532 Testes
450 3471 572 3542 autem,
600 3469 657 3545 qui
679 3467 803 3530 suerint
827 3468 999 3540 nominati,
1024 3469 1053 3529 si
1071 3482 1106 3528 se
1195 3453 1363 3512 Thelltollici
1377 3453 1482 3510 limites
1505 3451 1541 3510 ab
1569 3450 1682 3508 Andrea
1707 3465 1777 3524 lege
1802 3449 1945 3524 Hungarin
2014 3493 2015 3500 ,

311 3568 514 3646 gratia,odio
524 3567 576 3628 vel
588 3567 706 3629 timore
721 3564 949 3628 subtraxerint
960 3581 1021 3642 per
1034 3580 1107 3628 cen·
1195 3543 1250 3602 sibi
1264 3557 1419 3601 ⁰⁰⁰0⁶⁵⁸⁰⁸
1437 3542 1621 3610 0¹⁰⁰⁸⁸elissb
1635 3540 1812 3614 lsslessi'lssflffl
1828 3539 1913 3613 iubet.

311 3684 423 3730 suram
443 3665 603 3736 eamdem,
623 3665 846 3741 appellatione
868 3665 1032 3732 cessante,
1050 3679 1107 3725 co·
1201 3679 1405 3742 mmmm
1421 3672 1943 3747 deL1n0W91q‚‚„d0g0r020qq0

310 3766 398 3844 gatis
409 3765 545 3828 velitati
564 3763 792 3825 testimffllium
809 3762 995 3840 llssl'hihere·
1015 3760 1106 3833 QUOd
1161 3776 1269 3854 Egris,
1282 3775 1456 3838 abbatibus
1474 3773 1694 3844 Pataviensis
1712 3773 1942 3850 Ultrasylvauae

279 3859 288 3868 “
311 3865 340 3928 si
353 3879 420 3925 non
437 3877 552 3924 omnes
565 3860 617 3921 liis
630 3859 852 3936 exsequendis
865 3859 1040 3936 potueritis
1053 3859 1108 3920 in·
1161 3879 1194 3938 eq
1208 3874 1424 3936 cenadiensis
1440 3871 1631 3933 dioecesum,

310 3963 447 4032 teresse,
464 3960 529 4021 duo
546 3959 692 4020 vestrum
711 3973 751 4018 ea
771 3957 989 4018 nihilominus
1004 3973 1105 4018 exse-
1201 3973 1367 4043 polemus,
1378 3970 1508 4047 qU0tqes
1519 3969 1684 4039 audimus,
1697 3968 1773 4040 0ch
1785 3963 1913 4042 mqugq
1928 3995 1943 4008 .

312 4059 466 4136 quantur.
484 4057 601 4117 Datum
615 4055 747 4126 Tibure,
763 4057 805 4116 lv
818 4055 893 4115 idus
908 4055 1009 4132 junii,
1023 4071 1107 4132 pon·
1160 4061 1290 4132 rantur,
1317 4067 1409 4130 Unde
1436 4067 1711 4144 praenominatum
1746 4081 1860 4142 120ng
1891 4078 1941 4123 ro-

312 4153 677 4218 tiflcatufflwstrianm
693 4167 792 4214 ⁰⁰⁰⁰·
821 4221 824 4226 -
1161 4169 1306 4246 gaudum
1332 4165 1502 4238 duximus,
1529 4178 1701 4225 monemus
1729 4179 1770 4224 ac
1800 4163 1944 4225 obsecra·

1162 4282 1235 4327 mus
1251 4265 1286 4326 in
1302 4263 1441 4326 Domino
1464 4264 1545 4323 Jesu
1559 4261 1702 4328 Christe,
1728 4260 1766 4320 ut
1789 4259 1852 4321 hoc
1874 4272 1943 4335 pru·
2014 4279 2015 4350 1

628 4385 795 4474 CLXXV
1162 4365 1279 4426 denter
1297 4360 1482 4430 attendens,
1504 4359 1579 4429 etc,
1600 4371 1708 4431 usque
1728 4373 1790 4434 per
1810 4356 1941 4418 eosdem.
2014 4397 2015 4414 ,

1163 4463 1306 4538 ideoque
1319 4456 1575 4519 discretionibus
1590 4455 1711 4516 vestris
1736 4469 1798 4531 per
1810 4453 1942 4531 Aposto-
2014 4421 2015 4480 ¹

312 4545 364 4606 Ad
380 4540 629 4617 mmmmm
643 4539 676 4600 et
692 4537 824 4612 fratres
843 4535 1108 4597 massam
1162 4559 1227 4621 lica
1250 4557 1372 4634 scripta
1400 4554 1605 4624 mandamus,
1635 4552 1799 4629 quatenus
1821 4551 1861 4612 ad
1882 4550 1943 4609 loca
2014 4613 2015 4620 1

486 4640 613 4700 Maris&
629 4637 925 4699 mmmmm·
1099 4706 1103 4716 .
1162 4657 1236 4736 ipsa
1270 4652 1492 4733 personaliter
1528 4648 1736 4721 accedentes
1771 4649 1890 4710 limites
1913 4645 1942 4704 iu
2014 4645 2015 4692 i

602 4777 637 4834 ιο
652 4775 725 4850 junii
746 4776 824 4834 1225.
1163 4753 1300 4833 praelato
1310 4750 1485 4829 privilegio
1500 4747 1580 4808 dicti
1593 4747 1683 4822 regis
1698 4761 1884 4822 expressos,
1899 4757 1943 4804 cu·
2014 4733 2015 4814 ζ

480 4910 574 4976 [16](11,
585 4909 645 4960 Cod.
660 4909 776 4974 diplom,
792 4909 834 4962 111,
849 4922 877 4966 n,
889 4906 940 4980 ib]

314 5037 440 5102 Laudata
453 5035 571 5094 lienum
582 5034 821 5092 Tbeutonicorum
834 5033 863 5090 in
876 5030 1023 5090 retinenda
1035 5037 1108 5088 terra
1162 5048 1287 5111 femere
1302 5057 1492 5120 occupasse,
1504 5041 1619 5102 nostra
1627 5040 1675 5100 eis
1689 5039 1885 5101 auctoritate
1895 5036 1941 5095 in,

350 5131 438 5188 Borza
460 5124 630 5192 constantia,
655 5124 733 5195 ipsos
754 5122 789 5179 de
809 5135 860 5180 sua
885 5120 1058 5194 provisione,
1079 5126 1123 5177 ut*
1159 5149 1300 5224 jungere
1313 5139 1498 5220 procuretis
1513 5141 1550 5201 ut
1563 5139 1596 5200 et
1616 5151 1655 5200 ea
1670 5136 1810 5215 praesato
1823 5135 1891 5211 regi
1903 5131 1941 5192 11,

351 5219 428 5300 illam
445 5215 596 5284 mnneam’
610 5227 727 5270 πωπω
739 5210 840 5268 reddit.
1162 5244 1241 5304 bere
1256 5240 1442 5310 restituant,
1459 5238 1531 5298 sine
1546 5251 1659 5310 mora3
1681 5237 1714 5296 et
1726 5232 1882 5312 quidquid
1895 5231 1940 5290 iu·
2014 5247 2015 5250 ¹

1163 4853 1244 4914 retis
1260 4849 1425 4927 inspicere
1437 4845 1625 4922 diligenter,
1642 4845 1675 4906 61
1692 4844 1720 4904 si
1736 4843 1885 4905 videritis
1896 4841 1942 4916 ip·

1164 4966 1217 5012 sos
1233 4949 1352 5010 tratres
1378 4943 1504 5022 aliquid
1528 4943 1623 5004 extra
1638 4941 1773 5004 eosdem
1797 4939 1942 5003 terminos
2014 4931 2015 4944 ¹

355 5351 533 5423 Honorius,
563 5352 638 5421 etc„
669 5346 865 5424 praeceptori
888 5347 921 5408 et
951 5343 1108 5406 iratribus
1163 5339 1322 5404 veneritis
1338 5351 1437 5414 super
1449 5333 1674 5412 praemissiset
1688 5331 1846 5404 feceritis,
1862 5325 1941 5390 nobis
2014 5343 2015 5420 1

317 5451 433 5512 domus
463 5449 592 5510 Sanctae
621 5445 736 5508 Mariae
771 5443 1049 5506 'iheutonicorum
1073 5443 1109 5504 in
1163 5438 1307 5500 fideliter
1333 5432 1485 5506 relaturi,
1529 5432 1565 5493 ut
1592 5431 1621 5491 si
1649 5427 1727 5507 quid
1758 5422 1942 5490 remanserit
2014 5437 2015 5490 l

313 5551 420 5612 Ι36116
433 5545 657 5608 consistentis.
1164 5533 1368 5614 quaestionis,
1381 5533 1503 5593 nostras
1517 5527 1717 5606 provisionis
1728 5527 1837 5590 studio
1850 5521 1941 5602 sopia-

359 5643 555 5722 Recepimus
575 5643 703 5705 litteras
719 5656 801 5718 quas
822 5655 922 5716 super
935 5639 1108 5716 gravami-
1162 5637 1227 5697 tur.
1244 5631 1290 5695 Ad
1308 5633 1370 5692 huc
1396 5627 1628 5692 mandavimus
1651 5625 1741 5688 dicto
1761 5625 1845 5702 regi,
1862 5623 1894 5684 ut
1915 5617 1941 5678 61
