4102 6322
274 439 293 496 r
838 399 841 404 ’
900 439 1076 504 nouoau
1098 439 1311 504 uroraaa.
1897 442 1916 516 a

277 615 338 664 nos
366 598 499 664 facilem
526 597 676 677 praebera
702 615 913 674 consensum,
941 599 974 663 et
996 599 1074 662 rota
1129 597 1169 662 da
1184 601 1333 678 ipsorum
1346 599 1506 677 progenie
1525 599 1600 677 quis
1620 599 1787 678 supersiti
1806 599 1867 662 Sed
1885 601 1917 664 et

277 714 351 777 quae
366 713 386 761 a
400 697 542 760 rationis
562 697 696 761 tramite
719 714 785 759 non
808 697 1000 760 discordant
1019 695 1074 758 ef·
1129 698 1250 759 recolis
1278 697 1451 776 abjurasse
1475 699 1509 759 te
1536 695 1674 758 abusum
1703 697 1863 769 eumdem,
1885 699 1917 761 et

276 795 364 857 fectu
380 781 599 873 prosequente
614 794 792 872 complere.
806 799 850 858 Ea
865 797 1010 873 propter,
1027 795 1074 856 di·
1128 795 1224 857 bonae
1240 795 1408 857 memoriae
1424 796 1616 857 Innocentio
1630 797 1728 873 Papae
1741 795 1919 872 praedeces·

277 894 355 955 lacti
370 894 405 954 in
425 893 564 955 Domino
578 893 657 966 filii,
674 894 794 955 vestris
803 894 904 970 justis
920 893 1074 971 precibus
1130 894 1198 954 sori
1214 895 1338 970 nostro,
1355 896 1388 955 et
1401 893 1608 970 postmodum
1630 893 1725 954 nobis
1744 895 1918 955 renuntia-

278 990 1076 1071 inclinati‚villamdeWauvrechein(1)cumad·
1129 992 1254 1053 tionem
1276 991 1466 1068 hujusmodi
1488 990 1663 1068 privilegio
1686 991 1917 1053 confirmasse:

277 1090 409 1152 vocatia
424 1089 584 1166 ejusdem,
601 1089 700 1154 terris
711 1089 823 1162 etiam,
840 1089 945 1167 pratis
954 1090 987 1150 et
998 1089 1075 1150 aliis
1130 1089 1289 1166 numquid
1306 1105 1385 1165 ergo
1401 1089 1521 1168 spretis
1535 1088 1721 1165 privilegiis
1736 1090 1768 1150 et
1783 1089 1922 1166 promis-

276 1187 373 1249 bonis
388 1187 518 1258 vestris,
536 1187 622 1248 sicut
637 1203 677 1248 ea
693 1188 804 1250 omnia
815 1189 906 1264 Juste
920 1203 960 1249 ac
972 1187 1072 1262 paci·
1130 1187 1280 1248 sionibus
1299 1187 1376 1259 tuis,
1398 1188 1431 1247 et
1448 1187 1631 1264 jnramenti
1657 1187 1821 1262 religione
1845 1203 1923 1248 con-

279 1285 341 1346 fice
355 1285 543 1362 possidetis,
553 1286 585 1346 et
599 1285 634 1346 in
650 1285 770 1347 litteris
785 1285 885 1346 clarae
905 1285 1076 1347 memoriae
1130 1283 1265 1360 tempta,
1285 1283 1431 1360 gladium
1446 1284 1481 1345 in
1496 1300 1557 1345 nos
1572 1285 1693 1345 acuesl
1708 1301 1727 1343 a
1744 1281 1839 1362 (Post
1857 1284 1922 1344 alia

278 1385 315 1445 Β.
341 1384 472 1445 comitis
497 1385 644 1444 Hasnon.
669 1384 800 1460 plenius
826 1382 949 1444 dicitur
963 1382 1075 1446 conti·
1132 1381 1245 1443 eodem
1259 1382 1469 1459 pertinentia,
1481 1383 1517 1444 ut
1529 1397 1549 1444 a
1563 1383 1677 1458 caeptis
1690 1381 1839 1443 animum
1852 1383 1922 1458 ejus

278 1481 364 1554 neri,
379 1497 422 1542 ex
437 1483 532 1558 cujus
548 1480 727 1543 donatione
745 1497 804 1543 vos
819 1480 970 1543 asseritis
990 1480 1078 1542 obti·
1131 1481 1270 1551 avertat,
1291 1479 1401 1541 subdit
1415 1479 1582 1541 Honorius
1599 1478 1629 1558 :)

278 1594 360 1640 nere
374 1578 647 1656 praedicta,vobis
668 1580 700 1640 et
714 1595 774 1656 per
793 1594 852 1640 vos
874 1577 1076 1640 monasterio
1172 1579 1311 1649 «Quum
1332 1593 1462 1654 semper
1483 1576 1524 1638 ad
1550 1593 1725 1654 personam
1748 1577 1838 1639 tuam
1854 1577 1925 1639 veri

279 1677 404 1748 vestro,
421 1677 620 1738 auctoritate
635 1677 825 1752 apostolica
841 1675 1077 1738 confirmamus
1132 1676 1236 1752 patris
1249 1674 1404 1736 affectum
1416 1675 1617 1750 gesserimus
1633 1676 1666 1736 et
1679 1690 1847 1751 geramus,
1862 1675 1926 1735 im-

278 1777 313 1836 et
333 1774 509 1850 praesentis
535 1773 650 1852 scripti
677 1775 864 1852 patrocinio
891 1774 1078 1836 communi·
1132 1772 1333 1850 peratoriam
1355 1774 1560 1850 majestatem
1583 1788 1754 1834 monemus
1779 1773 1812 1834 et
1826 1787 1927 1848 roga-

277 1887 363 1934 mus.
388 1871 481 1933 Nulli
505 1887 584 1948 ergo
610 1873 741 1933 omnino
772 1872 944 1934 bominum
978 1872 1078 1934 liceat
1132 1887 1205 1930 mus
1234 1870 1357 1932 attente
1390 1887 1449 1948 per
1484 1871 1660 1933 Dominum
1693 1870 1924 1942 obsecrantes,

278 1970 365 2031 hanc
376 1971 531 2046 paginam
543 1971 665 2032 nostrae
680 1969 942 2032 confirmationis
955 1968 1078 2031 infrin-
1132 1969 1296 2045 quatenus
1311 1967 1406 2030 nobis
1429 1969 1462 2029 et
1477 1969 1536 2030 tibi
1552 1968 1769 2046 prospiciens,
1792 1969 1882 2029 inter
1894 1968 1928 2028 te

278 2083 369 2144 gere,
396 2067 450 2128 rel
474 2067 506 2127 ei
532 2083 616 2128 ausu
639 2067 819 2128 temerario
846 2067 1024 2128 contraire.
1042 2066 1077 2127 Si
1133 2067 1165 2127 et
1182 2065 1364 2126 Ecclesiam
1386 2067 1480 2127 nasci
1499 2067 1626 2128 tantum
1646 2065 1840 2127 scandalum
1861 2080 1929 2126 non
2041 2107 2042 2110 ,

280 2164 353 2243 quis
378 2164 488 2226 autem
521 2163 584 2226 hoc
612 2165 775 2226 attentare
806 2165 1076 2242 praesumpserit,
1132 2163 1315 2240 permittas,
1333 2163 1411 2240 quia
1431 2163 1576 2240 prolecto
1591 2163 1619 2223 si
1634 2164 1669 2223 in
1682 2164 1745 2225 hoc
1758 2162 1932 2223 scandali-

278 2261 544 2336 indignationem
572 2261 808 2338 omnipotentis
834 2262 895 2324 Dei
914 2263 948 2324 et
963 2261 1078 2325 beato·
1132 2262 1196 2322 zati
1211 2277 1230 2321 a
1246 2262 1279 2322 te
1292 2260 1463 2333 fuerimus
1477 2261 1511 2321 in
1526 2263 1720 2338 quocontra
1735 2277 1795 2321 nos
1811 2261 1927 2322 nostra

279 2375 354 2420 rum
383 2358 476 2419 Petri
504 2361 536 2419 et
562 2357 659 2419 Pauli
683 2359 908 2435 apostolorum
943 2362 1015 2436 eJus
1042 2375 1078 2420 se
1132 2360 1361 2436 reputaremus
1386 2359 1547 2420 interiora
1571 2360 1708 2430 moveri,
1735 2357 1927 2436 hujusmodi

279 2457 412 2519 noverit
438 2457 661 2518 incursurum.
687 2458 805 2519 Datum
823 2458 991 2529 Laterani,
1008 2457 1076 2518 idi·
1133 2456 1257 2518 doloris
1286 2457 1422 2518 aculeus
1450 2457 1737 2518 transverberaret
1758 2473 1815 2518 cor
1840 2471 1927 2516 nos-

279 2553 498 2631 busangusti,
516 2553 726 2633 pontificatus
743 2554 950 2618 nostrianno
970 2556 1075 2618 sexto.
1132 2555 1232 2627 trum,
1258 2556 1291 2616 et
1314 2571 1373 2630 per
1399 2555 1516 2617 intima
1538 2555 1664 2615 ossium
1690 2553 1929 2632 pertransiret3
2041 2593 2042 2596 ,

1133 2651 1190 2713 sed
1206 2667 1306 2729 quum
1328 2653 1370 2712 ad
1392 2652 1424 2714 te
1447 2652 1487 2714 ob
1509 2653 1572 2714 boc
1595 2652 1750 2714 dilectum
1769 2651 1930 2712 filium...

1133 2750 1278 2827 priorem
1299 2751 1429 2811 Sanctae
1452 2751 1567 2811 Mariae
1587 2751 1690 2812 Novae
1710 2766 1784 2810 cum
1803 2750 1931 2810 nostris

654 2823 711 2910 IX

280 2978 567 3040 rauracorum
581 2979 818 3039 Romanorum
828 2976 1078 3052 imperatorem

521 3075 555 3139 et
569 3088 688 3150 regem
701 3076 838 3138 Sictttoe.

547 3204 579 3261 tt
600 3203 714 3276 augusti
731 3203 811 3261 ital.

433 3327 570 3392 [annaldi
582 3325 658 3386 dnm,
673 3325 705 3376 ad
718 3339 759 3375 an.
772 3325 843 3384 caat,
856 3325 869 3392 ς
880 3325 932 3392 32]

318 3455 360 3512 ba
371 3454 570 3528 episcoporum
582 3452 741 3510 intrusione
754 3449 935 3510 diedericum
948 3452 1044 3524 arguit

605 3541 759 3599 Honorius.

318 3666 433 3738 Aliquot
454 3671 564 3722 tantum
587 3661 746 3737 fragmenta
772 3661 857 3736 hujus
878 3662 1012 3736 Epistolae
1036 3663 1076 3720 le·

282 3763 389 3829 guntur
417 3753 492 3826 apud
513 3753 705 3827 annaldum3
728 3749 779 3808 sed
802 3767 837 3809 ex
861 3753 970 3826 anaiysi
997 3751 1079 3810 facile

283 3843 422 3915 excipitur
453 3842 519 3915 quid
549 3839 679 3900 Pontifex
711 3841 824 3914 scripsit
852 3841 1011 3899 Frederico.
1042 3842 1079 3900 At

1134 2847 1265 2920 litteris,
1283 2848 1317 2910 et
1330 2848 1530 2925 transcripto
1545 2849 1594 2909 tui
1613 2848 1781 2926 privilegii
1796 2846 1931 2922 diriga-

1133 2962 1218 3018 mus,
1235 2961 1295 3022 per
1311 2946 1464 3023 teipsum,
1482 2961 1555 3024 quae
1577 2945 1676 3012 aliter
1694 2961 1792 3022 quam
1813 2945 1932 3006 deceat

1133 3046 1207 3107 acta
1227 3044 1315 3117 sunt,
1332 3043 1492 3119 corrigas,
1511 3043 1690 3105 electiones
1701 3043 1798 3119 Juxta
1818 3041 1930 3119 prixi-

1132 3143 1255 3219 legium
1271 3143 1305 3204 et
1318 3141 1555 3219 promissiones
1576 3142 1662 3212 tuas,
1680 3140 1785 3202 libere
1801 3155 1839 3201 ac
1854 3139 1932 3201 sine

1133 3239 1362 3316 impressionis
1383 3238 1464 3300 vitio
1487 3237 1560 3298 fieri
1579 3239 1815 3316 permissurus
1830 3237 1930 3298 Alio-

1133 3337 1213 3412 quin
1229 3336 1374 3407 noveris,
1395 3335 1480 3412 quod
1503 3335 1536 3396 id
1555 3334 1648 3397 nulla
1670 3336 1850 3413 poterimus
1867 3349 1930 3396 ra-

1133 3433 1223 3494 tione
1245 3432 1280 3494 in
1299 3433 1443 3509 propriae
1471 3433 1590 3495 animae
1613 3432 1796 3511 periculum
1822 3433 1930 3493 susti-

1133 3545 1233 3604 nere;
1254 3529 1440 3607 praesertim
1470 3533 1680 3592 cumcontra
1705 3547 1765 3593 nos
1786 3531 1875 3591 intra
1895 3529 1932 3591 et

1133 3628 1228 3688 extra
1253 3629 1437 3688 Romanam
1464 3627 1647 3689 Ecclesiam
1667 3628 1793 3705 jugiter
1818 3626 1933 3688 accla-

1133 3717 1251 3797 metur,
1281 3724 1366 3802 quod
1393 3724 1454 3786 tibi
1481 3725 1696 3786 detulerimus
1718 3726 1753 3785 in
1776 3723 1930 3802 pluribus

1134 3825 1248 3886 contra
1263 3825 1379 3886 Deum.
1395 3823 1457 3883 Sed
1473 3822 1685 3885 difficultates
1697 3823 1783 3894 tuas,
1794 3823 1830 3882 in
1845 3837 1929 3900 quas

283 3945 447 4002 quanquam
476 3928 642 3986 fredericus
672 3942 729 3986 uon
754 3929 927 3987 mediocrem
956 3931 1077 4004 gloriam
1133 3922 1166 3982 te
1187 3921 1349 3983 hactenus
1369 3921 1540 3995 ingessisti
1558 3923 1591 3982 et
1610 3921 1751 3992 inducis,
1768 3919 1803 3980 in
1826 3919 1929 3980 totius

283 4019 420 4076 restitutis
435 4018 570 4076 Ecclesiae
588 4019 725 4074 Romanae
744 4019 804 4074 suis
820 4017 930 4090 iuribus
951 4019 1077 4092 collegit,
1134 4017 1223 4080 orbis
1252 4019 1405 4080 notitiam
1431 4018 1645 4090 adducemus
1672 4017 1748 4078 coeli
1775 4017 1807 4080 et
1830 4017 1929 4079 terra

283 4121 341 4164 non
357 4107 420 4164 leve
435 4113 531 4163 tamen
545 4105 658 4162 aliunde
673 4105 798 4163 dedecus
813 4107 933 4163 aliarum
948 4107 1081 4164 eeclesia·
1132 4115 1358 4177 testimonium
1382 4115 1589 4184 invocantes,
1605 4114 1691 4193 quod
1708 4115 1747 4176 ad
1768 4115 1831 4174 hoc
1850 4129 1931 4191 pro.

283 4210 347 4256 rum
371 4192 539 4252 labefactata
567 4191 707 4267 dignitate
729 4193 915 4265 libertateque
942 4208 1078 4266 oppressa

283 4284 429 4356 suscepit:
444 4297 530 4355 quem
545 4283 646 4340 merito
665 4283 808 4341 Honorius
830 4283 930 4340 tentati
946 4281 1079 4340 facinoris

284 4372 448 4447 perstrinxit
460 4378 544 4443 atqua
560 4385 666 4444 magna
677 4371 838 4429 constantia
853 4371 943 4429 vetuit
958 4385 994 4430 ne
1008 4372 1082 4429 alec·

283 4461 409 4520 tionibus
431 4461 631 4534 episcoporum
648 4475 680 4516 sa
699 4459 881 4516 immisceret.
903 4459 1011 4517 Deinde
1034 4459 1079 4519 his

284 4549 379 4608 verbis
391 4550 592 4623 imperatorem
607 4547 769 4620 interpellat
783 4545 931 4606 Pontifex:

311 4683 1076 4778 ¹«atatamestquoajarnamumexurendus,

284 4800 318 4862 et
331 4813 437 4874 nuper
447 4797 548 4859 etiam
563 4798 704 4873 perculit
718 4813 819 4859 aures
835 4799 980 4869 nostras,
993 4796 1079 4873 qnod

284 4896 327 4959 ad
340 4895 531 4965 electiones,
542 4895 772 4970 episcoporum
783 4895 947 4967 videlicet,
961 4909 1079 4956 manus

284 4993 458 5064 extendas,
498 4991 652 5052 electioni
682 4995 860 5053 Aversenae
896 4993 1079 5068 praesertim

285 5090 436 5156 ecclesiae
452 5091 486 5150 et
499 5089 749 5165 episcopatuum
773 5089 808 5148 in
823 5089 994 5165 provincia
1013 5091 1079 5154 Sa-

284 5189 453 5251 lernitana
465 5187 655 5248 vacantium
669 5189 702 5246 te
717 5186 924 5247 immiscens?
934 5185 1079 5248 An‘forte

286 5287 438 5364 suspiras
453 5284 494 5348 ad
508 5283 757 5362 progenitorum
776 5284 909 5344 tuorum
927 5282 1077 5355 abusum,

285 5399 383 5461 quem
402 5381 563 5443 Dominus
585 5380 708 5442 zelotes
727 5378 932 5451 abominans,
948 5379 995 5441 ita
1009 5381 1079 5441 illis

285 5495 346 5542 sua
368 5479 576 5557 providentia
598 5476 754 5549 obviavit,
777 5476 814 5537 ut
833 5475 955 5554 praeter
973 5479 1006 5538 te
1022 5476 1080 5539 vix

321 5627 362 5704 (ll
377 5625 604 5708 Wanvrecbnin‚
621 5627 713 5700 grand
728 5626 834 5710 village
849 5625 884 5682 de
903 5625 929 5684 la
946 5627 1080 5708 prosince

285 5701 324 5759 du
336 5700 468 5768 Hainaut,
486 5701 559 5757 sitne
574 5698 680 5771 proebe
690 5699 909 5757 Valencteunes.
924 5695 962 5756 Ca
975 5697 1080 5768 village

285 5773 327 5830 fut
342 5771 437 5830 donne
453 5785 503 5844 par
521 5769 678 5838 baudonin,
693 5777 785 5827 comte
796 5770 832 5827 de
843 5774 917 5826 cette
933 5767 1078 5840 province,

1134 4212 1282 4273 cedimus
1293 4210 1441 4272 dolentes
1456 4213 1635 4288 plurimum
1646 4214 1679 4274 et
1692 4212 1797 4274 inviti.
1809 4211 1928 4272 Datum

1134 4307 1302 4380 Laterani,
1323 4310 1386 4368 XII
1405 4307 1566 4371 kalendas
1590 4309 1797 4386 septembris
1818 4309 1931 4386 ponti-

1136 4407 1251 4468 tlcatus
1266 4405 1373 4468 nostri
1387 4419 1475 4468 anno
1490 4407 1595 4469 sexto.
1613 4423 1632 4468 s

1513 4644 1548 4731 X

1203 4753 1254 4858 dd
1268 4796 1424 4858 abbatem
1437 4797 1473 4858 S.
1489 4797 1672 4858 Laurentii
1685 4799 1723 4858 tn
1738 4799 1865 4872 Campo

1309 4893 1344 4954 at
1355 4895 1513 4968 priorem
1527 4895 1563 4954 S·
1578 4895 1750 4955 Severini.

1399 5024 1434 5081 ii
1452 5024 1566 5097 augusti
1582 5025 1661 5082 teat.

1167 5147 1294 5209 [anemae
1310 5145 1394 5196 Codex
1406 5146 1470 5211 dipl.
1486 5146 1594 5198 dominii
1605 5152 1694 5213 temp,
1705 5149 1724 5208 l,
1737 5149 1777 5210 68,
1793 5163 1819 5198 n.
1830 5148 1896 5212 tto]

1170 5263 1205 5322 Ut
1219 5261 1341 5320 aesinos
1356 5259 1391 5317 ad
1406 5259 1594 5320 obediendum
1610 5262 1768 5321 marchioni
1780 5263 1893 5322 Estensi

1258 5349 1388 5408 censuris
1402 5351 1603 5410 ecclesiasticis
1620 5354 1803 5424 compellant.

1174 5477 1341 5538 Honorius
1352 5476 1537 5554 episcopus,
1548 5493 1663 5541 servus
1673 5495 1844 5542 servorum
1853 5476 1923 5550 Dei,

1136 5623 1279 5697 bl'eglise
1293 5631 1322 5682 et
1342 5623 1450 5698 abbaye
1469 5624 1504 5683 dc
1528 5626 1721 5687 Saite-Pione
1738 5627 1775 5686 de
1798 5631 1923 5700 ilesunc,

1135 5693 1248 5754 diocese
1262 5694 1386 5783 d'ilrras.
