3948 6326
150 340 155 352 “
227 361 284 420 cm
847 361 1262 432 umumuruomms.
1813 367 1872 426 om

226 517 317 578 mino
333 519 477 591 Victore,
493 517 587 582 uobis
611 519 843 595 referentibus,
867 522 1025 586 statutum
1080 523 1235 600 episcopo
1259 521 1540 587 autissiodorensi
1555 523 1615 605 (1),
1639 521 1793 598 salutem,
1808 527 1870 590 etc.

227 617 436 690 agnovimus,
449 615 579 678 iirmum
591 621 624 680 91
634 617 826 682 ratumesso
838 635 1022 694 censemus,
1121 621 1155 683 Si
1184 637 1251 682 non
1277 620 1372 682 debet
1397 621 1523 683 aiiiicio
1544 621 1621 683 addi
1646 623 1872 695 afflictiones

228 714 262 773 et
290 714 513 789 praecipimus,
531 717 567 776 ut
592 715 748 792 deinceps
774 718 811 777 D.
829 717 1025 779 Guiiielmus
1080 717 1204 794 duplici
1220 719 1348 779 conteri
1373 717 1572 780 contritione
1594 721 1768 792 contritus,
1795 721 1869 794 hoc,-

229 810 491 884 senogalliensis
506 813 691 889 episcopus,
709 827 770 874 neo
785 815 876 874 iilius
891 831 1026 876 succes·
1079 815 1113 874 in
1135 815 1186 874 bis
1211 816 1268 892 qui
1290 814 1331 875 ab
1355 815 1505 876 hostibus
1524 818 1668 878 maxime
1682 818 1807 894 captivi
1820 821 1873 881 te-

228 908 905 984 soresinquietareaudeantBenediotum
921 915 1026 974 Foro-
1081 915 1212 984 neniam,
1249 913 1300 973 est
1327 913 1430 974 multo
1459 912 1577 974 lortius
1615 913 1869 986 observandum,

229 1006 512 1080 semproniensem
540 1007 743 1084 episcopum,
767 1010 821 1069 rei
851 1013 923 1086 ejus
948 1025 1026 1071 suc·
1080 1008 1199 1085 quibus
1214 1025 1318 1086 usque
1333 1010 1416 1070 adeo
1439 1011 1630 1088 praecipitur
1647 1013 1811 1084 misereri,
1837 1016 1873 1075 ut

228 1117 378 1163 cessores
394 1103 429 1163 in
444 1106 650 1180 perpetuum.
667 1106 801 1177 Quodsi
821 1107 962 1184 amplius
978 1109 1025 1168 in·
1080 1107 1305 1168 ecclesiastica
1321 1107 1516 1179 substantia,
1534 1112 1629 1186 cujus
1641 1109 1709 1175 tam
1724 1110 1873 1172 districte

228 1200 380 1276 quietare
395 1202 582 1270 tentaverit,
595 1204 638 1265 sit
651 1204 685 1262 in
700 1219 795 1280 poena
809 1205 1024 1266 ducentorum
1080 1205 1239 1266 alienatio
1272 1201 1492 1276 interdicitur,
1517 1221 1632 1266 eorum
1652 1207 1873 1283 redemptioni

228 1297 411 1358 solidorum
433 1313 610 1362 aureorum
630 1301 840 1362 medietatem
875 1303 1024 1363 ecciesiae
1080 1300 1223 1362 obnoxia
1249 1303 1412 1363 teneatur.
1439 1304 1489 1362 iix
1514 1303 1608 1378 gravi
1635 1319 1716 1365 sane
1737 1305 1873 1380 querela

229 1396 439 1470 supradictae.
456 1399 571 1458 Actum
588 1399 637 1458 est
651 1397 714 1458 hoo
729 1415 843 1460 mense
861 1401 951 1472 maii,
972 1400 1026 1460 die
1079 1398 1201 1459 nobilis
1215 1399 1281 1460 viri
1305 1398 1452 1476 Philippi
1478 1400 1609 1462 comitis
1634 1401 1873 1462 Namurcensis

228 1507 309 1553 vero
325 1492 463 1564 decima,
476 1494 657 1556 indictione
673 1495 800 1556 decima
814 1497 925 1557 tertia.

268 1605 287 1648 c
303 1593 369 1664 Ego
386 1591 522 1666 Sergius
536 1594 659 1653 sanctae
682 1595 841 1654 Romanae
867 1593 1026 1656 Ecclesiae

229 1687 435 1758 scriniarius,
454 1688 525 1748 haec
540 1691 615 1749 acta
632 1689 798 1766 scripsi.»

268 1785 483 1845 Decernimns
501 1801 591 1861 ergo,
610 1789 671 1847 eto.
689 1786 723 1847 Si
749 1801 814 1864 qua
828 1787 942 1863 igitur,
960 1788 1022 1850 eto.

229 1883 364 1942 (iunctis
380 1885 502 1955 autem,
518 1884 581 1944 etc.
598 1886 714 1945 Amen.

269 1981 336 2054 Ego
352 1980 531 2052 Honorino,
549 1979 723 2042 catholicae
745 1981 904 2043 Ecclesiae
919 1982 1023 2058 episc.

268 2078 337 2150 Ego
354 2077 460 2151 Hugo,
478 2077 668 2139 Hostiensis
681 2080 714 2141 et
726 2080 887 2140 Velitrcn.
900 2079 1003 2156 episc.

269 2175 337 2248 ligo
353 2173 521 2250 Pelagine,
537 2173 736 2236 albanensis
751 2178 937 2253 episcopus.

269 2272 337 2345 Ego
353 2272 521 2342 Nicolaus‚
541 2273 799 2358 Tusculanensis
815 2275 1002 2351 episcopus.

268 2369 336 2442 Ego
363 2370 440 2439 Lac,
469 2370 521 2430 111.
550 2371 583 2430 S.
612 2371 726 2430 Crucis
756 2371 791 2431 in
814 2371 1023 2432 Hierusalem

231 2465 506 2541 presbytercard.

269 2566 337 2639 Ego
353 2565 469 2636 Guaia,
485 2567 518 2627 S.
537 2566 672 2628 Martini
685 2564 856 2644 presbyter
869 2565 958 2628 card.

271 2663 339 2736 Ego
355 2663 545 2738 Gregorius
570 2663 660 2725 tituli
683 2666 813 2725 Sanciae
839 2663 1024 2726 ¹anastasiae

230 2759 403 2836 presbyter
417 2761 506 2820 card.

269 2859 337 2931 ligo
351 2859 369 2918 i
373 2873 509 2929 oannes,
528 2859 561 2918 S.
570 2858 733 2919 Praxedis
746 2858 919 2935 presbyter
931 2857 1022 2920 card.

269 2956 337 3030 Ego
353 2955 567 3027 Octavianus,
579 2958 636 3016 SS.
649 2957 755 3031 Sergii
767 2954 929 3018 etBacchi
938 2955 1022 3016 diac.

269 3053 337 3126 Ego
352 3053 543 3126 Gregorius,
565 3055 597 3112 S.
615 3053 780 3114 Theodori
796 3053 880 3114 diac.
898 3051 988 3112 card.

268 3149 337 3222 Ego
351 3152 532 3220 Romanus,
550 3151 583 3209 S.
599 3149 718 3224 Angell
734 3149 818 3210 diac.
831 3148 922 3211 card.

270 3247 339 3319 Ego
353 3245 550 3320 Stephanus,
567 3247 599 3306 S.
617 3245 757 3306 Adriani
772 3246 857 3305 diac.
871 3245 962 3306 card.

270 3344 338 3417 ligo
353 3343 481 3414 Petrus,
500 3343 533 3402 S.
548 3341 682 3417 Georgii
695 3342 736 3402 ad
747 3343 863 3404 Veium
876 3346 1023 3404 Aureum

230 3436 338 3515 presb.
356 3439 446 3499 card.

270 3536 388 3597 Datum
417 3537 584 3608 Laterani,
615 3551 676 3616 per
707 3552 842 3598 manum
871 3536 1023 3612 magistri

230 3633 402 3706 Gnidonis,
424 3635 549 3696 domini
574 3651 667 3712 papae
696 3635 829 3705 notarii,
855 3637 930 3696 XIV
954 3635 1021 3695 kal.

226 3733 325 3808 junii,
347 3732 461 3792 indict.
482 3734 554 3804 XII,
579 3733 822 3794 incarnationis
842 3731 1023 3793 Dominicae

230 3844 318 3890 anno
336 3831 535 3902 MGGXXIV,
558 3831 770 3906 pontificatus
794 3845 874 3891 roro
897 3829 1022 3891 domini

230 3927 369 3988 Honorii
384 3943 479 4003 papae
492 3929 537 3988 111
552 3941 640 3989 anno
654 3929 783 3989 octavo.

538 4235 725 4326 dcxxvi

251 4391 303 4452 Ad
322 4391 528 4459 Horrrtcum,
549 4388 886 4450 autissiodorensem
900 4389 1003 4462 episc.

514 4519 550 4577 20
574 4517 642 4577 mali
670 4519 748 4576 iiii.

231 4645 367 4710 [bouquet
377 4643 437 4696 lice.
451 4643 494 4694 des
506 4641 610 4702 ilistor,
626 4643 693 4772 igit,
704 4641 764 4702 lom
780 4641 887 4706 Begast,
902 4639 947 4692 iib.
959 4641 1025 4702 viii,

547 4723 620 4788 epist.
667 4723 701 4787 i.]
730 4784 734 4793 Ι

232 4829 303 4892 Cum
318 4829 464 4902 Phiiippus
474 4828 510 4885 de
520 4829 690 4898 curtiniaco,
705 4829 908 4886 Namurccnsis
918 4843 1026 4898 comes,

264 4921 328 4995 lare
354 4933 406 4975 suo
434 4917 716 4975 Autissiodorensom
732 4926 761 4974 91
779 4917 1027 4974 Toruodorensem

267 5017 367 5076 terras,
381 5006 486 5080 injuste
499 5019 514 5062 a
529 5005 699 5063 Nivernensl
717 5007 822 5063 comite
834 5019 868 5063 ac
881 5007 1026 5063 comitissa

266 5103 436 5169 occupatas,
446 5100 617 5165 reposceret,
632 5093 750 5150 mandat
765 5094 907 5150 lionorius
924 5101 955 5150 ut
973 5095 1026 5152 Go-

267 5186 376 5243 mliissa
394 5183 429 5240 sd
444 5180 561 5239 casdem
580 5181 770 5238 restituendas
784 5188 884 5250 terres,
902 5181 1027 5239 nondum

268 5280 415 5344 comperto
434 5271 520 5340 Petri,
540 5271 703 5328 Grecorum
723 5270 913 5342 imperatoris,
938 5270 1026 5340 obilu,

268 5361 465 5433 compeliatur.

184 5725 186 5728 -
270 5680 311 5754 (i)
329 5679 452 5738 ilenrico
467 5677 672 5738 daVillanora.

1080 1497 1279 1571 accepimus
1295 1496 1380 1572 quod
1390 1496 1584 1556 carissimus
1596 1498 1630 1557 in
1640 1497 1771 1559 Christo
1784 1497 1873 1558 iilius

1080 1594 1193 1654 noster
1207 1595 1244 1653 P.
1262 1591 1320 1672 (2),
1333 1593 1513 1669 imperator
1534 1594 1875 1673 constantinopolita-

1079 1705 1142 1750 nus
1158 1690 1309 1762 illustris,
1336 1690 1500 1766 quondam
1516 1703 1626 1753 comes
1641 1691 1871 1763 Nivernensis,

1080 1788 1174 1864 pater
1189 1787 1303 1863 ipsius,
1319 1788 1413 1862 signo
1427 1787 1536 1849 erucis
1551 1791 1698 1865 accepto,
1715 1805 1751 1851 se
1766 1789 1872 1850 devo-

1079 1900 1159 1946 vens
1175 1883 1216 1945 nd
1237 1879 1419 1944 subsidium
1432 1887 1543 1946 Terrae
1569 1887 1697 1948 Sanctae
1713 1899 1786 1946 cum
1797 1887 1873 1948 ter-

1079 1982 1126 2041 ris
1154 1981 1187 2042 91
1210 1980 1325 2041 liberis
1353 1983 1435 2053 suis,
1463 1981 1568 2043 donec
1596 1983 1637 2044 de
1661 1983 1770 2045 reditu
1798 1987 1873 2060 eJ'us

1079 2079 1131 2140 vol
1147 2081 1252 2140 morte
1267 2080 1445 2150 constaret,
1460 2079 1521 2140 sub
1540 2080 1731 2156 apostolica
1746 2081 1873 2156 recipi-

1079 2176 1282 2254 protectlone
1311 2177 1480 2247 meruerit,
1512 2177 1599 2238 sicut
1626 2178 1661 2237 in
1692 2177 1874 2239 nostriset

1078 2273 1174 2334 bonae
1190 2273 1358 2333 memoriae
1374 2275 1399 2334 Ι.
1417 2275 1516 2349 Papae
1532 2273 1785 2351 praedecessoris
1799 2291 1875 2335 nos-

1080 2371 1121 2432 tri
1134 2369 1255 2431 litteris
1271 2369 1480 2443 continetur;
1497 2371 1530 2432 et
1550 2372 1733 2447 imperator
1753 2372 1873 2448 ipsein

1079 2481 1213 2528 recessu
1226 2481 1297 2534 suo,
1314 2483 1388 2527 cum
1411 2467 1452 2527 ad
1472 2468 1873 2545 constantinopolitanum

1080 2565 1255 2640 imperium
1271 2565 1474 2640 properaret,
1492 2565 1727 2626 Altisiodorum
1743 2565 1775 2627 91
1786 2567 1872 2626 Tor-

1080 2661 1241 2722 nodorum
1257 2677 1331 2721 cum
1356 2674 1471 2722 eorum
1501 2661 1711 2738 pertinentiis
1737 2675 1811 2738 quae
1834 2661 1872 2722 ad

1079 2772 1154 2818 eum
1167 2758 1207 2817 de
1218 2758 1510 2833 prospectabant,
1526 2759 1634 2835 quoad
1658 2751 1786 2820 vireret
1809 2761 1874 2819 Im-

1079 2855 1213 2930 perator
1223 2853 1411 2931 praedictus,
1423 2854 1487 2915 sibi
1496 2856 1708 2927 concesserit,
1720 2855 1871 2932 imposita

1079 2952 1108 3011 91
1122 2951 1320 3012 necessitate
1332 2951 1559 3013 satisibclendi
1572 2948 1613 3014 de
1624 2951 1745 3013 debitis
1755 2953 1790 3012 in
1806 2951 1873 3029 qui-

1078 3047 1139 3108 bus
1150 3050 1244 3125 pater
1255 3063 1335 3107 suus
1346 3047 1566 3109 creditoribus
1576 3049 1761 3120 tenebatur,
1774 3049 1872 3111 clarae

1079 3145 1248 3206 memoriae
1277 3143 1456 3223 literreus)
1492 3161 1604 3207 comes
1643 3146 1870 3218 Nirernensis,

1078 3242 1173 3302 falsis
1195 3242 1235 3303 de
1257 3241 1349 3303 obilu
1372 3243 1478 3318 ipsius
1494 3243 1706 3319 imperatoris
1722 3243 1870 3304 confictis

1079 3337 1283 3410 rumoribus,
1299 3339 1474 3415 praelatum
1495 3341 1555 3400 Pir.
1578 3340 1678 3401 terris
1701 3340 1771 3401 iliis
1794 3355 1871 3417 quas

1079 3437 1135 3497 diu
1150 3438 1225 3513 post
1238 3435 1343 3512 patris
1359 3437 1410 3496 sui
1426 3436 1608 3498 discensum
1620 3438 1654 3497 in
1670 3453 1751 3514 pace
1764 3453 1872 3514 posse·
1967 3489 1968 3492 ,

1078 3534 1183 3605 derat,
1199 3549 1258 3611 per
1270 3535 1464 3596 violentiam
1476 3535 1642 3610 spoliavit,
1657 3537 1690 3596 et
1701 3551 1759 3595 eas
1775 3535 1870 3596 etiam

1078 3632 1196 3692 relicta
1211 3634 1283 3708 ejus
1297 3626 1417 3691 nobilis
1433 3631 1554 3692 mulier
1572 3631 1740 3693 comitissa
1754 3631 1871 3692 Niser-

1079 3729 1192 3790 nensis
1209 3725 1407 3807 (Mathildis)
1421 3729 1566 3790 indebite
1580 3729 1703 3790 retinet
1725 3729 1758 3790 et
1777 3729 1872 3790 resti·

1078 3827 1172 3889 tuere
1194 3823 1402 3886 contradicit.
1424 3828 1536 3897 Quare
1555 3825 1596 3887 de
1611 3825 1803 3902 hujusmodi
1817 3825 1872 3886 de·
1967 3871 1968 3882 ,

1078 3923 1167 3995 bitis,
1179 3939 1252 3999 quae
1262 3923 1303 3982 de
1315 3921 1529 3999 proventibus
1539 3923 1701 3984 dictarum
1710 3923 1870 3984 terrarum

1079 4021 1213 4098 luerunt
1243 4019 1457 4091 exsolvenda,
1490 4017 1645 4081 satisfieri
1673 4029 1740 4081 non
1758 4019 1869 4096 potuit,
1967 4025 1968 4034 ’

1079 4119 1113 4179 91
1127 4117 1328 4178 memoratus
1348 4117 1408 4177 Ph.
1420 4113 1496 4194 jure
1513 4117 1549 4178 in
1575 4118 1624 4178 eis
1645 4129 1806 4178 concesso
1819 4131 1869 4177 re·

1080 4214 1191 4275 manet
1204 4212 1394 4274 destitutus.

1119 4310 1204 4372 iilud
1220 4325 1239 4370 a
1254 4309 1350 4370 nobis
1366 4325 1440 4371 oum
1456 4309 1616 4372 instantia
1629 4310 1813 4388 petebatur,
1825 4309 1868 4379 nt,

1081 4423 1154 4468 cum
1166 4407 1428 4484 praenominatus
1443 4409 1673 4484 imperatorin
1684 4408 1870 4484 captivitate
1967 4465 1968 4468 ,

1081 4506 1124 4566 911
1138 4503 1283 4566 hostium
1308 4503 1416 4566 adhuc
1430 4505 1559 4576 urens,
1575 4506 1609 4566 91
1632 4520 1707 4565 cum
1732 4505 1829 4566 terris
1841 4502 1870 4562 et

1081 4601 1196 4662 liberis
1210 4602 1281 4662 suis
1295 4601 1355 4662 sub
1367 4602 1457 4664 beati
1470 4603 1561 4664 Petri
1572 4602 1605 4662 ei
1616 4603 1731 4663 nostra
1744 4601 1871 4678 proiec-
1967 4681 1968 4692 ἵ

1081 4700 1171 4760 tione
1190 4700 1362 4770 consistat,
1381 4697 1557 4775 providere
1576 4715 1677 4775 super
1694 4699 1757 4760 hoc
1772 4699 1868 4759 mise-
1967 4693 1968 4698 ’

1081 4795 1258 4857 1199111191
1272 4795 1498 4870 dignaremur.
1516 4795 1695 4856 Credentes
1719 4795 1821 4870 igitur
1840 4792 1870 4852 19
1967 4819 1968 4822 ¹

1080 4893 1248 4968 tamquam
1264 4889 1416 4952 devotum
1444 4891 1565 4952 Christi
1592 4891 1781 4952 ministrum
1799 4904 1868 4949 mo·
1967 4879 1968 4886 ’

1081 4989 1152 5052 teri
1168 5003 1267 5065 super
1283 4988 1465 5064 praemissis
1486 4987 1867 5064 compassionis-affectu,

1082 5085 1322 5147 fraternitatem
1352 5087 1442 5147 tuam
1468 5099 1624 5160 rogamus
1648 5086 1682 5146 91
1705 5085 1869 5147 hortamur

1083 5183 1217 5253 attente,
1246 5183 1407 5259 quatenus
1432 5182 1634 5243 comitissam
1658 5183 1806 5244 eamdem
1830 5179 1866 5240 ad

1082 5280 1326 5342 restitutionem
1341 5282 1506 5341 terrarum
1517 5281 1665 5356 ipsarum
1681 5280 1819 5342 sollicite
1833 5291 1869 5338 ac

1083 5378 1261 5452 diiigenter
1275 5376 1424 5448 inducas,
1442 5375 1488 5438 ita
1500 5377 1587 5453 quod
1599 5378 1634 5438 in
1649 5377 1713 5439 hoo
1724 5379 1799 5442 tuus
1814 5387 1868 5451 per
1967 5429 1968 5438 ,

272 5476 442 5539 Honorius
467 5479 698 5553 episcopus...‚
728 5475 912 5538 venerabili
932 5473 1028 5538 tratri
1083 5473 1236 5536 effectum
1253 5475 1413 5552 apparent
1426 5472 1645 5536 interventus.
1660 5475 1812 5553 Alioquin
1826 5470 1868 5533 di·
1967 5511 1968 5552 4

1120 5677 1159 5750 (i)
1176 5679 1276 5735 Petrus
1287 5676 1323 5734 dc
1337 5677 1507 5736 curtiniaco.
