4102 6322
85 363 163 429 ¹2⁵
730 363 959 432 cnutone.
982 363 1137 434 unus
1691 363 1752 430 ω

481 533 544 628 CL
959 523 1052 586 libus
1069 522 1148 596 tuis,
1166 522 1199 586 et
1213 535 1233 584 a
1249 521 1369 600 teipso
1385 520 1748 587 hactenusretlonabi-

959 621 1037 683 liter
1059 633 1231 698 possessus
1245 619 1306 692 est,
1328 618 1400 691 tibi,
1421 618 1554 698 tuisque
1575 636 1751 684 successo-

143 687 210 748 Λα
229 687 380 748 mm
408 686 631 748 Raveamen
649 685 856 760 ‘mmmm‘
959 717 1052 778 ribus
1066 717 1101 778 in
1116 717 1309 794 perpetuum
1325 715 1570 778 confirmamus
1592 719 1752 780 Decerni-

272 807 276 814 ’
384 825 420 884 ²⁷
438 825 533 882 martii
553 824 631 883 liti.
960 830 1034 875 mus
1048 829 1128 889 ergo
1147 816 1183 876 ut
1203 813 1288 875 nulli
1309 814 1443 876 omnino
1466 814 1636 876 bominum
1650 815 1751 879 liceat

236 955 353 1024 mmm.
367 956 443 1014 mua
458 970 538 1015 eura,
550 961 613 1008 mm·
626 957 646 1018 1,
661 971 686 1022 p.
700 955 782 1020 m]
960 909 1132 986 praelatam
1147 910 1322 972 ecclesiam
1336 911 1461 974 temere
1474 912 1680 988 perturbare,
1693 914 1752 976 aut

960 1009 1033 1086 ejus
1047 1009 1276 1084 possessiones
1291 1006 1434 1082 auterre,
1451 1009 1505 1071 vel
1520 1009 1647 1074 ablatas
1662 1013 1750 1077 reti·

960 1119 1052 1176 nere,
1076 1105 1236 1176 minuere,
1256 1121 1315 1166 seu
1335 1105 1535 1181 quibuslibet
1557 1107 1749 1169 vexationi-

959 1199 1021 1262 bus
1036 1200 1198 1277 latigare;
1214 1201 1270 1263 sed
1284 1203 1395 1262 omnia
1405 1202 1534 1282 integra
1550 1218 1752 1266 conserven-

960 1297 1014 1358 tur
1031 1311 1157 1368 eorum,
1181 1313 1241 1374 pro
1260 1313 1400 1374 quorum
1415 1299 1656 1362 sustentatione
1670 1315 1752 1362 con-

92 1081 272 1140 Ecclestsm
298 1082 497 1140 ltnvellensem
526 1081 663 1140 tuendum
688 1080 821 1152 sumpti,
841 1092 904 1137 om·

137 1185 259 1244 nemus
272 1171 335 1244 ejus
347 1170 421 1230 boue
433 1179 462 1228 ct
475 1172 681 1248 possesuones,
694 1167 759 1246 jure
772 1183 806 1237 ec
818 1167 903 1242 privi-

136 1260 224 1333 legia
240 1259 399 1316 conllrmct.

143 1390 903 1470 Honoriuseqiiscopusservusserrorumbei,
960 1409 1055 1458 cessa
1083 1393 1159 1456 suut
1192 1394 1306 1466 usibus
1339 1395 1536 1466 omnimodis
1563 1395 1749 1474 protutura,

95 1491 406 1556 venerabilitmtri
419 1489 724 1555 Leoniiiavellensi
739 1489 904 1565 episcopo,
961 1490 1054 1562 salva
1075 1490 1169 1554 Sertis
1191 1492 1389 1568 apostolice
1410 1494 1616 1564 auctoritate.
1635 1495 1672 1564 Si,
1686 1510 1752 1571 qua

99 1591 255 1665 ejusque
270 1587 517 1652 successoribus
535 1587 695 1651 canonice
709 1585 907 1648 substituen÷
961 1586 1062 1664 igitur
1076 1588 1110 1648 in
1124 1587 1270 1650 futurum
1283 1588 1520 1662 ecclesiastica,
1538 1591 1752 1660 saecularisve

99 1684 163 1747 dis
181 1686 441 1761 inperpetuum.
924 1679 928 1760 J
951 1695 1103 1760 'person
1129 1685 1216 1748 hanc
1241 1687 1365 1751 noslrae
1389 1686 1633 1758 constitutionis
1656 1688 1754 1764 pagi-

148 1784 264 1854 Quuni
278 1799 322 1844 ex
336 1781 482 1860 imuucto
497 1780 593 1844 uobis
609 1797 629 1845 a
646 1783 715 1844 Dec
734 1779 906 1858 apostola-¹
961 1797 1039 1854 nam
1060 1782 1169 1852 sciens
1188 1784 1303 1847 contra
1322 1799 1398 1854 eam
1413 1783 1536 1849 temere
1549 1785 1665 1850 senine
1677 1785 1754 1854 ten·

99 1879 165 1945 tus
180 1879 303 1955 cilicio,
316 1879 517 1956 quocunctis
531 1877 819 1950 christifidelibus,
832 1893 908 1939 auc·
961 1879 1092 1963 tenerit,
1115 1879 1271 1954 secondo,
1289 1879 1430 1948 tertiove
1453 1881 1663 1958 commonita,
1685 1881 1753 1953 nisi

100 1979 187 2038 tore
216 1977 367 2049 Domino,
393 1975 662 2054 praeeminemus,
701 1975 907 2052 singulorum
962 1978 1092 2050 reatuin
1118 1993 1213 2041 suum
1242 1992 1388 2053 congrua
1416 1975 1645 2048 satisfactione
1672 1994 1751 2047 cor-v

102 2073 201 2150 paci,
223 2074 257 2136 et
275 2074 507 2151 tranquillitati
528 2072 708 2138 debeamus
721 2071 905 2143 licentiore,
962 2073 1100 2146 rexerit,
1126 2075 1310 2151 potentis,
1337 2073 1539 2152 honorisque
1563 2075 1616 2142 sui
1640 2075 1755 2145 careat

102 2173 302 2248 praesertim
326 2187 384 2248 pro
407 2172 540 2239 illorum
565 2171 674 2248 quiete
698 2185 758 2232 nes
780 2169 909 2246 oportet
963 2168 1134 2246 dignitate,
1156 2183 1314 2246 reamque
1332 2185 1368 2234 so
1382 2169 1495 2240 divino
1515 2169 1646 2246 induto.
1662 2170 1757 2242 esis·

104 2285 190 2336 esse
208 2269 384 2342 sollicitos,
400 2268 458 2346 qui
478 2268 637 2346 [iniurati
657 2267 818 2344 dignitate
832 2269 910 2328 sort
963 2267 1033 2338 lere
1048 2265 1088 2340 rte
1109 2268 1300 2344 perpetrata
1314 2265 1489 2344 iniquitate
1511 2267 1701 2342 cognoscat,
1721 2267 1756 2334 et

104 2366 259 2442 praediti,
281 2367 314 2430 et
329 2366 531 2434 adelbotum
552 2364 740 2442 poculenta
756 2364 906 2440 promoti,
963 2363 1226 2436 esacraissimn
1246 2377 1385 2440 corpote
1408 2363 1441 2428 et
1459 2363 1623 2438 singuliis
1640 2364 1701 2429 Dei
1722 2363 1757 2430 st
1875 2405 1879 2412 -

105 2463 228 2540 etqui
255 2462 393 2540 speciali
417 2463 638 2540 prerogativa
665 2461 907 2523 noscunturad
964 2460 1096 2529 Domini
1125 2459 1353 2538 solemnioris
1388 2460 1496 2532 nostri
1522 2461 1604 2530 lesu
1631 2459 1756 2529 christi

104 2563 166 2638 lus
183 2563 344 2626 Romana
364 2559 523 2624 Ecclesiae
537 2559 722 2637 pertinere3
740 2558 804 2620 nisi
820 2558 908 2620 enim
964 2556 1074 2632 aliena
1096 2557 1164 2630 liat,
1186 2557 1286 2635 atque
1307 2558 1503 2630 isi-extremo
1517 2558 1673 2628 examine
1686 2557 1763 2626 died

108 2673 176 2722 uos
189 2673 307 2722 eornm
322 2657 518 2722 cubitalibus
530 2655 749 2728 intendentes,
762 2655 910 2732 lusorum
964 2653 1070 2715 triotae
1105 2653 1225 2715 ultioni
1258 2653 1438 2732 subjaceat.
1472 2655 1608 2716 cunctis
1645 2655 1756 2716 autem

108 2755 296 2829 dignitates
316 2757 349 2820 et
363 2756 441 2832 jure
457 2754 496 2818 'iu
511 2755 670 2830 quantum
685 2755 753 2814 beo
769 2753 909 2829 permit·
964 2749 1071 2810 adem
1100 2750 1172 2811 loco
1196 2765 1257 2811 sua
1285 2752 1363 2828 jura
1389 2751 1598 2814 servantibus
1624 2751 1669 2813 sit
1689 2765 1756 2828 pax

109 2851 210 2917 leole
238 2866 431 2927 possumus,
457 2851 588 2926 integra
608 2863 853 2922 conservemus,
878 2851 911 2910 et
964 2845 1096 2908 Domini
1111 2845 1225 2907 Nostri
1242 2847 1322 2908 Jesu
1337 2847 1459 2911 christi
1475 2849 1637 2926 quatenus
1652 2851 1686 2908 et
1701 2847 1757 2909 liic

110 2947 317 3014 attenuate
348 2947 537 3023 Attcstolioa
565 2961 623 3009 eos
650 2945 692 3010 ab
720 2945 910 3022 iniquorum
964 2943 1107 3004 fructum
1126 2942 1221 3004 bonae
1243 2943 1384 3004 actionis
1398 2943 1594 3020 percipiant,
1610 2945 1644 3004 et
1668 2943 1756 3020 apud

111 3043 291 3112 bominum
314 3044 506 3112 iucursibus
531 3042 755 3114 arescamus,
772 3041 813 3104 de
833 3042 911 3105 illo-
964 3038 1150 3102 dictrictum
1164 3039 1315 3118 judicem
1339 3041 1479 3118 premia
1504 3041 1637 3112 seternae
1663 3040 1757 3130 pacis

112 3157 192 3206 runs
208 3143 318 3212 salute
332 3148 398 3210 nost
412 3157 491 3206 vere
504 3143 659 3219 poterunt
674 3156 747 3204 esse
763 3139 908 3210 solliciti,
964 3137 1149 3199 inveniant.
1165 3141 1282 3199 Arnen.
1296 3141 1413 3220 Amen.¹

114 3241 175 3318 qui
203 3239 267 3306 sthi
286 3239 326 3304 ad
343 3239 523 3315 muudum
545 3239 684 3302 Domino
703 3239 782 3304 sunt
796 3237 910 3314 dispo.
1004 3236 1072 3309 ligo
1091 3234 1271 3306 Honorius,
1291 3235 1465 3296 catliolicae
1479 3233 1637 3296 Ecclesiae
1652 3233 1755 3312 episc.

112 3339 220 3404 neute
239 3338 418 3405 commissi.
443 3339 637 3413 linorouten
655 3334 856 3409 uenerabilis
875 3334 910 3395 in
1004 3333 1073 3407 Ego
1107 3331 1310 3408 Hugotinus,
1343 3332 1505 3406 Ostiensis
1533 3333 1567 3406 et
1595 3331 1756 3403 velitren.

113 3435 252 3509 cbristo
265 3433 368 3504 frater
386 3436 532 3514 loannes
554 3433 720 3510 episcope,
734 3431 910 3508 tuisjustis
965 3426 1151 3502 episcopus.

113 3531 398 3608 postulationibus
409 3532 588 3596 clementer
602 3530 792 3604 annuimus,
805 3531 837 3591 et
848 3531 912 3592 iia·
1005 3523 1073 3598 Ego
1092 3523 1170 3590 Leo,
1186 3521 1237 3586 tit.
1261 3520 1391 3587 Sanctae
1409 3520 1523 3592 Crucis
1544 3520 1578 3582 in
1595 3519 1760 3582 Hierusa-

114 3629 301 3696 uellensem
317 3628 503 3700 ecclesiam,
519 3628 656 3694 cui-lieo
670 3629 805 3690 auctore
820 3641 911 3702 pree·
965 3619 1030 3680 lem
1043 3617 1153 3695 presb.
1170 3617 1260 3679 card.

113 3741 195 3793 csso
214 3725 432 3802 diuoosoeris,
449 3724 490 3788 arl
505 3724 676 3802 exemplar
688 3723 913 3801 praeilecesso-¹
1005 3717 1073 3791 Ego
1087 3713 1443 3792 stephanus,basitioe
1454 3713 1759 3790 xiiupostoiorum

115 3823 533 3894 rumncstmnumsanotae
546 3819 913 3886 recordationisndria-
965 3812 1075 3890 presb.
1092 3811 1182 3874 card.

116 3921 152 3982 ni
173 3921 208 3987 et
218 3919 400 3996 alexandri
416 3935 579 3996 panarum
589 3917 650 3984 sub
671 3917 761 3994 beati
776 3918 864 3982 Petri
879 3917 913 3980 et
1007 3911 1075 3985 Ego
1091 3909 1246 3981 Thomas,
1266 3908 1318 3970 tit.
1342 3908 1473 3972 sancte
1494 3905 1627 3968 Sabina
1646 3902 1757 3982 presb.

115 4019 234 4083 nostra
248 4017 452 4093 protentione
467 4016 677 4093 suscipimus,
690 4015 723 4082 ct
738 4015 911 4092 presentis
967 4005 1057 4068 card.

117 4113 424 4194 scriptiprivilegio
440 4113 700 4186 communimus;
716 4112 910 4184 statuentes,
1005 4105 1075 4180 ligo
1100 4101 1316 4176 Octauianus,
1345 4103 1403 4164 ss.
1436 4099 1544 4178 sergii
1572 4100 1607 4163 el
1634 4098 1759 4162 Bacchi

118 4213 154 4274 ut
183 4225 409 4288 quascumque
432 4209 669 4287 possessiones,
698 4223 912 4286 quaecumque
967 4200 1156 4263 nicaeani.

116 4305 208 4380 bona
227 4307 342 4376 auem
355 4306 496 4376 ecclesia
511 4306 547 4370 iu
561 4305 912 4382 praesentiarumjuste
1009 4301 1075 4375 ligo
1097 4297 1296 4376 Raynerius,
1322 4296 1452 4358 sanate
1474 4295 1594 4357 Mariae
1613 4295 1651 4356 in
1673 4294 1759 4355 Cos-

116 4406 149 4469 et
170 4404 330 4476 canonice
353 4403 510 4480 possidet,
526 4406 583 4470 aut
603 4403 638 4466 in
657 4401 816 4474 uturum,
832 4417 914 4466 cone
967 4395 1077 4458 medin
1092 4395 1178 4456 diac.
1190 4394 1281 4455 card.

118 4501 271 4572 cessione
293 4501 496 4578 pontificum,
514 4499 692 4576 largitione
715 4513 843 4576 regum,
860 4499 913 4564 vel
1006 4495 1075 4568 Ego
1084 4491 1281 4568 Soepbcnus,
1293 4487 1405 4550 Sancti
1419 4486 1559 4549 Adriani
1568 4485 1652 4548 diac.
1667 4484 1758 4548 carri.

117 4596 322 4673 principuus,
333 4595 501 4664 oblatione
513 4594 673 4668 fidelium,
685 4609 746 4656 seu
760 4594 915 4672 aliisjus·
1007 4587 1249 4665 EgoAEgidius,
1260 4589 1317 4648 SS.
1327 4582 1657 4646 CosmaeelDomiani
1672 4582 1757 4644 dinc.

117 4693 161 4761 us
185 4693 303 4768 modis,
321 4693 500 4770 praestante
521 4693 672 4764 nomino,
694 4692 816 4768 poterit
836 4692 913 4758 arli-
969 4685 1060 4748 card.

120 4791 217 4871 pisci,
241 4790 337 4852 tirma
359 4789 431 4862 tibi,
452 4790 585 4867 tuisque
606 4787 864 4860 successoribus,
881 4789 915 4850 et
1007 4784 1076 4858 ligo
1091 4782 1221 4853 Petrus,
1235 4781 1268 4842 S.
1282 4778 1417 4856 Georgii
1430 4777 1603 4840 athelum
1613 4779 1761 4840 Aureum
1834 4801 1837 4808 ·

121 4886 250 4962 illibata
260 4888 538 4963 tumescentia
550 4885 669 4963 quibus
684 4885 756 4951 baec
771 4885 914 4962 propriis
968 4879 1054 4940 diac
1072 4877 1163 4940 carri.

122 4983 277 5058 duximus
299 4983 517 5060 exprimenda
535 4981 719 5050 uocabulis.
741 4981 913 5048 Monoste-
1008 4977 1128 5038 uatum
1156 4973 1332 5050 Anagniae,
1362 4987 1423 5050 per
1454 4985 1575 5033 manus
1600 4968 1762 5033 Willelrnl

123 5080 210 5142 rium
229 5080 344 5154 Sancti
359 5080 549 5157 Triqbonis,
560 5077 797 5148 monasterium
810 5079 915 5144 Sauo—
970 5075 1004 5134 S.
1016 5075 1056 5136 R.
1067 5075 1104 5133 ii.
1117 5070 1397 5144 vicecancellarii,
1406 5072 1451 5133 vi
1461 5068 1623 5132 kalendas
1632 5067 1760 5146 aprilis,
1788 5143 1791 5150 ,

123 5177 165 5240 tae
185 5177 370 5254 Trinitatis,
387 5178 423 5246 et
438 5175 677 5244 monasterium
699 5175 828 5240 Sancta
842 5175 917 5240 bia·
969 5169 1152 5233 indictione
1165 5171 1206 5241 X,
1221 5167 1464 5232 incarnationis
1478 5166 1659 5229 Dominioae
1674 5177 1762 5225 anno

124 5273 184 5336 riae
206 5273 250 5337 tle
267 5273 481 5350 castiglione.
504 5274 639 5346 Omnem
654 5285 734 5338 sero
757 5269 916 5335 ambitum
972 5269 1066 5340 1222,
1102 5265 1313 5345 pontificatus
1346 5281 1426 5330 vero
1465 5263 1591 5328 domini
1622 5259 1763 5326 Houorii
1811 5299 1816 5306 =

125 5369 336 5445 siculensis.
355 5369 535 5450 barochiae,
558 5367 645 5438 elcut
658 5382 679 5436 o
692 5365 919 5445 prodecesso-
972 5367 1071 5446 Papae
1086 5366 1143 5439 ΙΙΙ,
1157 5379 1245 5428 anuo
1259 5365 1365 5428 sexto.
