4018 6320
291 381 349 442 roe
906 381 1082 444 nononu
1105 367 1153 442 11-1'
1170 383 1318 444 oreas.
1872 385 1924 444 soc

289 539 512 624 Apostolicam
528 539 694 616 visitares,
712 555 839 616 nosque
850 539 910 602 tibi
923 523 963 602 de
976 540 1084 618 gratia
1103 524 1107 533 ¹
1140 543 1294 604 nuntiare
1305 527 1449 613 deberet,
1462 529 1571 604 dictus
1581 531 1779 618 procurator
1788 539 1923 602 debitum

291 640 497 718 postmodum
515 637 705 710 indulsisse,
722 639 758 699 ut
772 637 813 698 ad
833 638 866 698 id
882 653 948 699 non
964 639 1029 699 nisi
1045 637 1086 698 de
1140 641 1268 700 naturae
1282 639 1451 716 persolvit,
1467 639 1580 715 sicque
1595 653 1696 699 causa
1710 637 1783 713 ipsa
1797 651 1861 697 non
1877 653 1925 714 po

290 739 424 800 biennio
439 737 474 796 in
490 736 662 797 biennium
676 735 850 796 tenereris.
867 737 990 796 Verum
1007 735 1085 811 quia
1139 735 1203 796 tuit
1215 735 1324 797 debito
1339 735 1404 797 line
1415 736 1534 796 decidi.
1548 735 1710 809 Quocirca
1723 734 1922 801 mandamus,

289 837 378 898 circa
393 834 513 896 festum
528 833 771 909 Assumptionis
796 831 900 893 beatae
923 832 1083 908 Virginis,
1140 835 1305 908 quatenus
1329 835 1502 910 utramque
1522 833 1660 908 partem,
1685 831 1774 892 inter
1789 845 1825 891 se
1844 847 1925 890 com-

176 925 187 932 ”
291 949 365 996 cum
389 934 467 993 tunc
492 929 659 1006 receperis
682 929 830 1006 pallium,
848 931 881 991 et
895 929 1085 1006 hujusmodi
1140 945 1263 1006 ponere
1294 931 1434 991 debeant
1465 930 1654 1000 convenire,
1688 945 1726 990 ac
1758 928 1925 1003 diligenter

286 1028 521 1109 jusjurandum
548 1027 743 1104 praestiteris
766 1027 825 1088 tibi
856 1027 918 1088 boc
937 1026 1087 1086 imminet
1140 1027 1298 1089 inducere
1327 1027 1524 1104 procuretis,
1560 1028 1645 1104 quod
1680 1027 1709 1086 si
1739 1027 1925 1102 compositio

290 1125 489 1200 faciendum,
506 1126 695 1201 ettempore
711 1125 768 1184 illo
786 1125 918 1201 propter
933 1125 1023 1184 aeris
1039 1123 1087 1182 in·
1142 1123 1225 1186 forte
1248 1125 1424 1202 provenire
1447 1140 1512 1186 uon
1537 1124 1671 1202 poterit,
1697 1140 1757 1185 vos
1784 1123 1924 1199 proximo

290 1222 483 1299 temperiem
497 1237 662 1298 proponas
674 1221 897 1298 periculosum
910 1220 951 1281 ad
964 1219 1085 1280 Urbem
1141 1223 1316 1282 venturum
1370 1221 1490 1282 festum
1535 1222 1689 1281 Omnium
1739 1221 1924 1282 Sanctorum

292 1336 474 1390 accessum,
491 1320 559 1380 tam
581 1317 775 1394 suppliciter
801 1333 899 1394 quam
917 1317 1087 1378 humiliter
1142 1319 1400 1396 peremptorium
1434 1319 1583 1395 partibus
1617 1319 1797 1380 terminum
1826 1317 1925 1394 prefi-

292 1417 479 1494 postulasti,
501 1417 539 1477 ut
561 1416 602 1476 ad
622 1415 741 1476 festum
757 1416 949 1477 Natiuitatis
972 1415 1087 1475 Domi·
1141 1417 1239 1492 gatis,
1261 1433 1325 1493 quo
1348 1431 1406 1493 per
1430 1431 1466 1477 se
1489 1415 1542 1478 vel
1566 1415 1777 1492 responsales
1800 1414 1925 1476 idoneos

292 1515 377 1576 nicae
419 1514 548 1574 mutare
585 1513 787 1574 visitationis
819 1516 885 1574 tuae
910 1512 1087 1573 terminum
1142 1516 1356 1591 compareant
1378 1529 1489 1575 coram
1512 1513 1619 1585 uobis,
1647 1515 1831 1588 recepturae
1850 1513 1924 1588 quod

293 1612 517 1688 dignaremur.
547 1612 654 1680 Quare
678 1623 739 1680 nos
763 1610 895 1685 gratiae,
926 1625 1024 1684 quam
1052 1609 1087 1668 in
1143 1627 1243 1688 super
1257 1612 1320 1672 boc
1333 1612 1527 1673 duxerimus
1543 1610 1765 1678 statuendum,
1784 1624 1850 1670 nou
1865 1609 1927 1670 obs·

292 1709 404 1771 multis
429 1707 628 1769 fraternitati
650 1707 715 1767 tuae
736 1706 886 1778 fecimus,
904 1705 967 1766 hac
988 1706 1088 1767 etiam
1142 1709 1288 1770 tentibus
1303 1709 1424 1771 litteris
1442 1709 1531 1776 aliis,
1552 1707 1671 1770 barum
1683 1709 1801 1768 tenore
1823 1707 1923 1774 tacito,

293 1807 367 1870 vles
401 1805 544 1882 gratiam
577 1803 795 1874 cumulantes,
832 1803 998 1881 postulata
1027 1803 1088 1864 tibi
1143 1807 1263 1868 asecle
1282 1806 1471 1884 apostolica
1489 1805 1683 1883 impetratis.
1706 1803 1799 1876 Quod
1820 1804 1849 1864 si
1869 1819 1925 1862 nou

295 1903 492 1966 auctoritate
525 1902 739 1978 praesentium
774 1901 929 1962 duximus
963 1916 1087 1962 conce·
1143 1920 1269 1976 omnes,
1296 1906 1359 1965 etc.
1388 1904 1505 1965 Datum
1530 1903 1697 1974 Laterani,
1722 1903 1752 1962 ll
1777 1900 1924 1962 kalendas

294 2001 413 2084 denda.
430 2000 547 2061 Datum
563 1999 730 2070 Laterani,
751 2000 797 2058 111
817 1998 978 2062 kalendas
994 2013 1087 2059 mar-

292 2099 342 2172 tii,
360 2114 448 2160 anno
463 2113 562 2160 nono.

610 2336 774 2424 XCVIII

293 2493 345 2552 Ad
368 2492 563 2564 episcopum
590 2490 817 2558 Valentinum,
838 2487 994 2550 abbatem
1018 2489 1090 2548 Ra-

334 2589 459 2664 parcet,
476 2586 511 2646 ct
527 2587 737 2662 magistrum
751 2587 967 2654 docleatem,
984 2597 1089 2644 cotto-

335 2687 452 2746 tttcum
472 2686 680 2744 Eduettsem.

556 2813 591 2870 28
606 2809 740 2870 februarii
753 2811 832 2870 litt.

322 2938 443 3002 [ῐῐοεοεῑ.ι
455 2935 500 2986 lib.
512 2935 557 2994 tit,
568 2935 641 3000 aptat.
650 2933 705 2984 20⁹.
716 2936 773 2987 tiss.
790 2934 826 2985 La
836 2933 910 2984 Porta
921 2933 954 2984 du
964 2933 1058 2996 Theti]

295 3063 349 3118 liat
363 3061 406 3117 eis
424 3060 598 3132 provinciam
618 3059 651 3116 G.
668 3059 839 3116 canonicum
862 3057 987 3117 Cablien.
1008 3065 1037 3114 et
1052 3057 1087 3115 N.

330 3147 531 3206 cancellarium
541 3147 702 3218 Campaniae
715 3144 750 3203 ad
759 3145 986 3218 componendam
1000 3147 1088 3214 litem,

330 3237 479 3309 quainter
494 3236 572 3307 ipsos
586 3233 758 3305 vertebatur,
773 3233 936 3292 inducendi.

334 3361 503 3424 Honorius
514 3360 700 3438 episcopus,
711 3359 1086 3431 servusservorumDei,

295 3457 480 3522 venerabili
502 3457 634 3518 fratri...
661 3458 816 3534 eptscopo
843 3457 1031 3526 Valentino,
1057 3459 1089 3518 et

295 3557 424 3618 dilectis
438 3555 552 3615 filiis...
569 3554 681 3616 abbati
695 3554 867 3630 Ragniaci,
883 3557 915 3617 et
929 3556 1087 3630 magistro

294 3660 332 3718 A.
348 3653 389 3714 de
405 3653 558 3724 clamari,
585 3653 745 3713 canonIco
766 3652 920 3723 Eduensi,
947 3652 1088 3713 salutem

294 3753 327 3814 et
336 3751 560 3829 Apostolicam
573 3749 848 3810 benedictionem.

334 3851 413 3918 Oria
435 3848 522 3908 inter
545 3847 682 3908 dilectos
707 3844 793 3906 filios
818 3845 1011 3922 magistrum
1036 3849 1085 3918 G„

296 3945 491 4008 canonicum
506 3943 666 4010 cabiren..
683 3943 716 4004 et
735 3943 972 4004 cancellarium
987 3946 1087 4004 Gam-

296 4042 404 4120 paniae
424 4057 525 4116 super
543 4039 737 4116 quibusdam
757 4039 931 4112 incendiis,
953 4055 1088 4101 succes-

296 4137 587 4208 sionevinearum,
602 4137 728 4212 proprii
749 4137 899 4212 corporis
922 4139 1085 4216 captione,

296 4237 329 4300 et
354 4235 453 4296 rebus
478 4233 555 4294 eills
584 4233 806 4308 quaestione...
836 4232 947 4296 abbati
976 4236 1088 4296 Sancti

296 4331 457 4410 Stephani
480 4331 514 4392 et
536 4329 673 4406 collegia
697 4331 804 4405 ipsius
831 4333 1035 4409 scripsimus,
1052 4333 1089 4394 ut

295 4447 430 4494 causam
443 4428 608 4500 audirent,
623 4429 656 4490 et
668 4443 741 4489 eam
755 4428 795 4489 ad
809 4444 870 4489 uos
884 4430 1088 4492 remitterent

296 4529 501 4592 sufficienter
533 4528 739 4599 instructam,
771 4527 979 4604 praefigentes
1010 4545 1089 4606 par-

295 4626 383 4688 tibus
405 4625 595 4696 terminum,
621 4639 685 4701 quo
707 4626 820 4686 nostro
843 4641 878 4685 se
898 4627 1087 4702 conspectui

296 4724 546 4800 praesentarent,
573 4722 772 4783 sententiam
801 4723 996 4798 recepturae.
1023 4725 1089 4785 Re-

296 4821 397 4880 misso
413 4820 524 4895 itaque
546 4819 586 4879 ad
603 4835 663 4880 nos
679 4820 811 4894 negotio
833 4820 868 4879 in
887 4820 1030 4881 termino
1047 4821 1088 4881 ab

296 4916 421 4978 eisdem
435 4913 604 4992 J'udicibus
619 4916 800 4991 assignato,
816 4916 977 4977 eteoclem
995 4920 1032 4978 G.
1049 4933 1088 4978 ac

296 5016 512 5092 procuratore
541 5011 646 5087 partis
680 5011 818 5073 alterius
851 5013 937 5090 apud
972 5014 1088 5076 sedem

296 5110 519 5188 Apostolicam
535 5109 733 5180 constitutis,
747 5109 867 5171 dilecto
882 5111 951 5172 fillo
965 5113 1091 5187 magis-

295 5211 347 5271 tro
364 5211 398 5269 Ο.
422 5206 625 5268 subdiacono
639 5207 672 5267 et
691 5207 862 5284 capellano
882 5211 995 5270 nostro
1009 5223 1092 5271 con·

296 5303 512 5366 tradictaram
548 5303 734 5365 litterarum
770 5303 915 5366 auditori
946 5307 1087 5366 commi-

1144 2002 1267 2073 martii,
1281 2017 1370 2064 auno
1386 2017 1484 2063 nono.

1479 2235 1601 2322 XCIX

1286 2387 1546 2459 coepiscopum
1563 2390 1795 2446 Perzcenscm.

1432 2517 1446 2572 f
1462 2516 1555 2574 martii
1575 2515 1653 2574 tato.

1254 2638 1394 2704 [Sbarelem
1406 2638 1502 2690 bullar.
1514 2640 1649 2697 Francisc,
1662 2640 1681 2698 l,
1690 2639 1731 2700 ii,
1741 2654 1767 2690 u.
1779 2639 1830 2703 lsi

1145 2762 1178 2820 Ei
1196 2762 1350 2835 respondet
1370 2764 1399 2820 in
1421 2778 1507 2822 causa
1528 2765 1563 2822 A.
1587 2763 1754 2838 presbyteri,
1779 2779 1861 2836 quern
1881 2763 1921 2819 ab·

1179 2851 1263 2908 solvit
1274 2851 1309 2909 ab
1325 2853 1506 2911 accusatione
1516 2853 1703 2926 quorumdam
1718 2851 1835 2910 fratrum
1850 2853 1922 2910 ilino

1179 2953 1241 2996 rum
1255 2955 1312 2997 non
1323 2940 1494 3013 juratorum.

1183 3077 1351 3138 Honorius
1360 3077 1545 3155 episcopus,
1558 3093 1674 3140 servus
1683 3092 1853 3140 servorum
1862 3077 1921 3144 liei,

1143 3159 1328 3240 venerabili
1347 3173 1480 3236 fratri...
1503 3175 1657 3253 episcopo
1677 3176 1854 3247 Pennensi,
1877 3189 1923 3234 sa-

1142 3268 1248 3350 lutern
1260 3272 1292 3332 et
1306 3271 1528 3347 Apostolicam
1543 3272 1818 3334 benedictionem.

1143 3435 1145 3442 ,
1183 3369 1296 3445 Nuper
1318 3367 1413 3429 nobis
1435 3372 1477 3430 A:
1497 3370 1691 3447 presbytero
1717 3369 1921 3446 supplicante,

1143 3465 1922 3541 utcumipseordinemfratrumldinornmceusa

1143 3559 1349 3636 probationis
1367 3560 1533 3634 intrasset,
1550 3577 1589 3624 ac
1602 3563 1724 3624 exlude
1745 3563 1834 3624 nulla
1849 3561 1922 3621 facta

1143 3656 1348 3734 professione
1363 3657 1450 3720 infra
1466 3675 1589 3720 annum
1605 3661 1741 3732 exisset,
1759 3675 1856 3736 super
1870 3659 1922 3718 hoc

1143 3753 1317 3830 providere
1341 3755 1603 3818 misericorditer
1623 3757 1852 3834 dignaremur;
1871 3755 1922 3817 tibi

1143 3851 1293 3912 dedimus
1313 3852 1348 3912 in
1367 3853 1542 3926 mandatis,
1568 3856 1613 3926 ut,
1640 3856 1670 3914 si
1693 3871 1747 3914 res
1770 3855 1877 3916 taliter
1893 3867 1922 3912 se

1143 3947 1291 4016 haberet,
1317 3950 1530 4012 denuntiares
1555 3953 1662 4028 ipsum
1685 3953 1727 4013 ad
1749 3951 1922 4028 regularem

1143 4047 1387 4108 observantiam
1405 4063 1471 4109 non
1492 4051 1609 4111 teneri.
1632 4035 1726 4112 Dicto
1741 4066 1820 4127 ergo
1837 4065 1921 4127 pres·

1142 4143 1268 4221 bytero,
1286 4147 1318 4206 et
1336 4144 1439 4206 fratre
1460 4146 1613 4209 Johanne
1639 4149 1673 4208 in
1695 4149 1844 4225 partibus
1866 4146 1922 4208 tuis

1143 4242 1308 4302 Minorem
1325 4241 1464 4304 fratrum
1487 4244 1622 4306 custode
1642 4261 1717 4306 cum
1740 4245 1922 4324 quibusdam

1143 4337 1219 4398 aliis
1239 4339 1374 4414 propter
1394 4337 1458 4400 hoc
1477 4339 1513 4399 in
1531 4341 1588 4402 tua
1611 4343 1788 4417 praesentia
1809 4341 1921 4404 consti-

1142 4435 1233 4503 tutis,
1267 4435 1374 4495 dIctus
1404 4437 1514 4497 custos
1540 4439 1581 4498 ad
1606 4439 1823 4516 probandum,
1847 4437 1921 4516 quod

1143 4531 1229 4592 idem
1243 4533 1415 4610 presbyter
1427 4535 1665 4610 professionem
1682 4537 1824 4610 fecisset,
1840 4551 1922 4614 quos·

1143 4629 1218 4690 dam
1232 4629 1359 4690 ordinis
1368 4631 1419 4690 sui
1434 4631 1535 4692 testes
1548 4633 1690 4706 induxit,
1702 4637 1758 4712 qui
1770 4637 1921 4714 deposue—
1986 4679 1988 4688 «

1143 4728 1221 4787 runt
1247 4739 1348 4802 super
1366 4726 1441 4799 hoc,
1456 4731 1703 4792 contradicente
1729 4733 1919 4810 presbytero,

1142 4824 1341 4900 conjurati.
1364 4815 1456 4886 Unde
1476 4825 1633 4902 praefatus
1653 4829 1823 4907 presbyter
1837 4843 1920 4890 asse·

1143 4919 1238 4982 rebat
1249 4935 1364 4982 eorum
1377 4923 1601 4984 testimonium
1614 4926 1742 4987 nullum
1756 4943 1837 4996 osse,
1852 4941 1922 5002 prae·

1144 5017 1230 5079 dicto
1256 5019 1440 5094 replicante
1465 5021 1612 5089 custode,
1639 5025 1726 5100 quod
1755 5023 1920 5084 secuudum

1144 5115 1270 5176 ordinis
1293 5117 1345 5176 sui
1369 5117 1518 5192 regulam
1538 5121 1655 5194 jurare
1677 5137 1742 5181 non
1770 5121 1919 5200 poterent,

1145 5227 1205 5273 nec
1216 5212 1393 5288 debebant;
1409 5215 1466 5274 sed
1480 5231 1593 5276 eorum
1606 5217 1716 5279 verbis
1730 5217 1920 5295 simplicibus

1144 5309 1179 5368 iu
1202 5309 1393 5386 hujusmodi
1417 5312 1569 5373 standum
1593 5316 1681 5390 erat;
1715 5331 1815 5393 quere
1838 5313 1921 5374 nobis

297 5401 400 5462 simus
442 5401 633 5478 specialiter
676 5401 876 5462 audiendum
920 5405 1090 5478 negotium
1145 5405 1315 5468 humiliter
1332 5408 1538 5485 supplicasti,
1562 5412 1598 5472 ut
1617 5413 1694 5488 quid
1715 5413 1871 5490 agendum
1885 5411 1921 5468 sit

295 5497 571 5568 memoratum,in
584 5497 678 5573 cujus
694 5497 871 5573 praesentia
885 5515 958 5558 cum
972 5498 1090 5562 fuisset
1143 5502 1215 5574 tibi,
1246 5505 1277 5566 te
1305 5505 1519 5568 redderemus
1557 5510 1680 5570 nostris
1711 5509 1828 5572 litteris
1857 5522 1921 5568 cer-

296 5593 487 5668 allegatum,
515 5595 548 5654 et
575 5593 778 5670 disputatum
810 5595 894 5656 hinc·
923 5596 1011 5670 inde,
1049 5611 1089 5657 ac
1144 5600 1274 5662 tiorem.
1297 5602 1366 5663 Nos
1387 5618 1466 5678 ergo
1487 5603 1687 5668 fraternitati
1706 5609 1770 5668 tuae
1788 5606 1921 5667 breviter

295 5691 367 5765 ipse
387 5689 553 5766 superbis
574 5705 646 5768 quae
663 5705 773 5753 coram
797 5709 836 5754 eo
858 5695 932 5754 acta
957 5691 1090 5756 fuerant
1144 5698 1392 5774 respondemus,
1405 5699 1492 5777 quod
1503 5702 1613 5762 nullus
1624 5702 1821 5774 testimonio,
1831 5715 1920 5780 quan·
