3948 6328
8 357 52 420 ce
645 369 874 430 emenone.
899 369 977 430 mn.
1001 371 1086 432 v111.
1314 397 1373 451 ,ν
1508 429 1512 450 ,
1629 377 1690 436 ero

8 521 82 584 ritus
96 519 243 584 audeat
258 525 471 600 praedicare,
489 527 554 589 nisi
570 542 589 590 a
605 529 757 592 ministro
772 542 834 606 ge·
889 495 1077 604 mulierum,
1105 532 1139 594 et
1164 545 1206 594 ne
1232 525 1464 610 ingrediantur
1484 535 1688 598 monasteria

8 619 101 680 lerali
114 620 236 696 liujus
250 623 489 688 fraternitatis
499 626 600 689 luerit
612 628 832 700 examinatus,
889 629 1140 701 monacharum,
1163 631 1285 706 praeter
1308 629 1385 691 illos
1409 630 1528 708 quibus
1554 647 1574 693 a
1601 632 1688 696 Sede

8 719 25 778 t
47 718 302 795 approbatus,
334 724 367 784 et
386 723 428 784 ab
448 739 488 784 eo
511 725 657 786 otiicium
672 725 836 802 praedica-
888 727 1077 802 Apostolica
1100 741 1259 789 concessa
1280 728 1332 790 est
1357 728 1493 791 licentia
1517 730 1685 807 specialis.

8 817 96 876 ionis
129 817 208 878 sibi
238 833 466 883 concessum.
501 823 620 884 Moneo
645 839 774 900 quoque
803 827 836 886 et
889 825 958 885 Nec
971 824 1053 886 liant
1067 827 1253 902 compatres
1265 827 1478 889 virorumvel
1490 827 1682 900 mulierum,

8 913 131 976 oedem
148 913 303 978 iratres
324 919 408 980 utin
423 919 659 996 praedicatione
671 932 769 998 quam
783 921 835 984 ta·
889 937 930 982 ne
947 921 1011 984 bac
1031 924 1206 984 occasione
1226 923 1314 986 inter
1333 924 1454 987 iratres
1477 925 1531 988 vel
1549 925 1591 988 de
1612 925 1687 988 ira-

8 1013 88 1073 eiunt
110 1013 190 1075 sint
215 1017 432 1078 examinata
454 1018 486 1079 et
512 1019 604 1080 casta
627 1032 741 1080 eorum
764 1019 836 1080 elo-
887 1018 994 1080 tribus
1008 1020 1202 1082 scandalum
1216 1022 1355 1084 oriatur.
1631 1017 1632 1025 ’

8 1111 85 1188 puia,
101 1111 148 1172 ad
162 1113 377 1177 utilitatem
389 1116 422 1177 et
436 1115 691 1178 edificationem
706 1117 832 1194 populi,
1201 1155 1279 1217 CAP·
1295 1157 1368 1216 XII·

8 1209 253 1272 renuntiando
281 1213 342 1273 eis
365 1213 447 1274 vitia
471 1214 505 1274 et
528 1213 679 1284 virtutae,
702 1229 833 1290 poenam

8 1307 31 1368 st
50 1305 223 1381 gloriam,
256 1325 348 1370 cum
374 1310 537 1372 brevitate
558 1311 734 1383 sermonis,
755 1312 833 1388 quia

8 1404 140 1464 verbum
168 1405 430 1470 abbreviatum
453 1408 531 1470 tecit
552 1408 712 1470 Dominus
734 1422 834 1486 super

8 1503 141 1564 terram.
920 1559 926 1572 .
1649 1563 1656 1576 .

368 1613 414 1676 CA
461 1614 491 1676 X
885 1557 947 1620 tris
974 1560 1246 1636 provinciahbus.
1284 1563 1429 1623 Ministri
1460 1578 1540 1624 vero
1574 1562 1677 1623 nullis

414 1629 446 1676 Ρ·
494 1659 502 1675 “
886 1657 986 1718 eundi
998 1657 1167 1720 licentiam
1179 1655 1338 1734 tribuant,
1353 1660 1419 1721 nisi
1433 1659 1482 1720 eis
1493 1676 1574 1737 quos
1585 1659 1680 1722 vide-

42 1755 199 1828 FratreS,
217 1756 290 1834 qui
303 1756 384 1820 sunt
394 1756 539 1819 ministri
549 1756 582 1818 et
591 1755 679 1818 servi
689 1755 832 1820 aliorum
884 1753 953 1815 rint
965 1753 1103 1815 idoneos
1119 1754 1159 1816 ad
1176 1753 1427 1817 admittendum.

8 1850 158 1924 fratrum,
179 1852 344 1917 visitent
365 1856 398 1917 et
418 1856 576 1917 moueant
598 1854 720 1917 iratres
740 1869 830 1926 suos,
923 1849 972 1911 Ad
991 1851 1064 1913 hacc
1081 1867 1140 1930 per
1158 1851 1379 1913 obedientiam
1396 1854 1535 1932 injungo
1559 1851 1679 1914 minis-

10 1949 237 2012 etbumiliter
252 1954 295 2013 et
309 1953 486 2016 caritative
499 1943 668 2027 corrigant
680 1967 749 2024 eos,
764 1965 831 2012 non
884 1947 957 2020 tris,
986 1949 1022 2008 ut
1048 1947 1161 2024 petant
1187 1963 1206 2008 a
1231 1947 1364 2010 domino
1392 1951 1483 2026 Papa
1509 1962 1612 2010 unum
1638 1950 1680 2011 de

10 2047 256 2124 precipientes
292 2051 346 2111 eis
372 2049 509 2129 aliquid,
529 2049 615 2128 quod
643 2049 687 2111 sit
715 2050 831 2110 contra
885 2046 1008 2107 sanctae
1023 2048 1180 2107 Romanae
1195 2046 1352 2107 Ecclesiae
1367 2046 1605 2119 cardinalibus
1619 2047 1678 2124 qui

13 2143 154 2206 animam
180 2162 308 2220 suam,
337 2149 370 2210 et
390 2147 540 2224 regulam
563 2147 723 2209 nostram.
748 2149 832 2208 Fra·
884 2142 928 2204 sit
963 2142 1165 2219 gubernator
1196 2144 1230 2206 et
1255 2145 1422 2220 protector
1453 2145 1485 2206 et
1513 2145 1681 2206 corrector

14 2241 73 2302 tres
99 2257 203 2315 vero,
248 2245 317 2322 qui
346 2247 423 2308 sunt
451 2245 583 2318 subditi,
615 2244 831 2306 recordentur
884 2240 1216 2314 illiusmaternitatis‚
1232 2243 1268 2304 ut
1279 2255 1412 2320 semper
1423 2241 1545 2304 subditi
1556 2243 1589 2304 et
1599 2241 1679 2303 sub-

17 2338 264 2418 quodpropter
281 2345 389 2404 Deum
407 2343 656 2419 abnegaverunt
677 2343 830 2420 proprias
879 2337 960 2415 jacti
975 2338 1113 2415 pedibus
1127 2339 1274 2416 ejusdem
1290 2339 1414 2401 sanctae
1429 2338 1586 2402 Ecclesiae
1603 2339 1677 2402 sta-

17 2435 217 2499 voluntates.
248 2439 353 2502 Unde
373 2441 513 2502 tirmiter
532 2440 688 2519 praecipio
710 2440 770 2513 eis,
795 2440 830 2503 ut
882 2435 966 2496 biles
978 2436 1088 2498 iniide
1101 2436 1265 2498 catholica
1277 2438 1506 2516 paupertatem
1520 2434 1678 2499 ethuml·

20 2531 170 2597 obediant
199 2537 284 2598 suis
311 2538 485 2611 ministris,
510 2539 547 2598 in
576 2537 728 2600 omnibus
755 2553 829 2616 quae
882 2532 1020 2606 litatem,
1054 2534 1087 2596 et
1116 2531 1266 2597 sonetum
1295 2535 1512 2611 Evangelium
1543 2533 1676 2596 Domini

21 2631 250 2706 promiserunt
266 2635 412 2696 Domino
428 2634 617 2708 observare,
634 2636 668 2696 et
680 2649 747 2697 non
762 2635 829 2697 sint
881 2631 988 2693 nostri
1016 2635 1097 2694 Jesu
1121 2629 1257 2706 Christi,
1285 2632 1371 2710 quod
1393 2632 1533 2694 tirmiter
1551 2633 1679 2708 prorui-

23 2730 183 2791 contraria
200 2732 338 2794 animae
359 2733 392 2796 et
406 2732 530 2810 regulae
545 2733 678 2795 nostrae.
697 2735 737 2794 Et
753 2731 829 2793 ubi-
882 2729 997 2796 simus,
1014 2729 1239 2792 observemus.

25 2839 154 2904 cumque
168 2831 260 2892 sunt
274 2829 410 2904 tratres,
426 2830 482 2908 qui
496 2830 621 2892 scirent
634 2830 667 2891 et
681 2845 826 2906 cognos-
921 2827 1013 2888 Nulli
1033 2841 1112 2904 ergo
1130 2829 1266 2890 omnino
1281 2827 1452 2890 hominum
1468 2827 1568 2888 liceat
1588 2825 1678 2890 buno

26 2927 127 2986 carent
147 2942 187 2987 se
212 2943 291 2988 non
314 2943 413 3004 posse
436 2928 586 3004 regulam
608 2927 828 3006 spiritualiter
881 2925 1036 3002 paginam
1051 2923 1175 2988 nostrae
1194 2921 1458 2987 confirmationis
1478 2923 1674 3000 intringere,

29 3017 210 3096 observare,
244 3025 293 3086 ad
325 3041 404 3088 suos
434 3025 604 3088 ministros
633 3025 774 3086 debeant
796 3023 828 3086 et
880 3021 934 3083 vel
958 3023 991 3083 ei
1018 3037 1104 3084 ausu
1129 3023 1307 3085 temerario
1334 3022 1513 3084 contraire.
1539 3023 1576 3082 Si
1599 3021 1675 3098 quis

29 3119 146 3190 possint
167 3137 369 3184 recurrere.
391 3123 536 3186 Ministri
554 3138 635 3184 vero
655 3121 827 3184 caritative
880 3116 1002 3193 autem,
1027 3122 1088 3182 etc.
1112 3122 1232 3184 Datum
1252 3121 1420 3190 Laterani,
1446 3121 1492 3182 ill
1512 3114 1676 3180 kalendas

927 1267 1132 1346 Quicumque
1156 1269 1297 1332 fratrum
1321 1271 1434 1332 divina
1460 1270 1683 1348 inspiratione

886 1460 988 1531 deles,
1009 1463 1123 1540 petant
1145 1464 1223 1526 inde
1241 1465 1411 1527 licentiam
1432 1481 1453 1526 a
1474 1466 1545 1526 suis
1560 1467 1680 1527 minis-

32 3213 212 3293 etbenigne
227 3235 292 3282 eos
307 3221 483 3297 recipiant,
497 3221 531 3282 et
543 3221 670 3283 tantam
682 3219 828 3282 familia·
880 3216 1075 3288 decembris,
1091 3218 1302 3296 pontificatus
1317 3218 1423 3282 nostri
1440 3231 1529 3280 anno
1544 3217 1673 3280 octavo.

32 3311 150 3375 ritatem
169 3317 329 3380 habeant
347 3318 436 3381 circa
455 3319 556 3396 ipsos,
574 3317 610 3380 ut
624 3318 734 3380 dicere
749 3333 828 3394 pos-

34 3406 90 3470 sint
102 3411 163 3485 eis,
179 3415 215 3478 et
238 3415 355 3478 iacere
368 3416 456 3480 sicut
475 3415 600 3478 domini
615 3416 722 3478 servis
738 3415 825 3488 snis;

34 3517 99 3566 narn
115 3510 161 3572 ita
177 3511 284 3576 debet
299 3530 373 3576 esse
392 3513 478 3592 quod
494 3513 638 3576 ministri
652 3515 721 3576 sint
737 3513 827 3575 servi
1251 3495 1303 3583 Ll

38 3607 169 3668 omnium
180 3609 342 3672 fratrum.
355 3613 475 3674 Moneo
485 3627 615 3689 qnoque
626 3614 659 3674 et
668 3610 827 3675 exhortor
1046 3647 1099 3708 Ad
1111 3647 1281 3708 pisanum
1304 3648 1507 3710 antistitem·

37 3698 66 3758 in
78 3705 215 3767 Domino
232 3711 319 3771 lesu
338 3708 471 3771 Christo
493 3709 529 3770 nt
548 3710 688 3772 caveant
705 3709 826 3771 iratres
1084 3729 1089 3744 ·

41 3795 73 3856 ab
98 3804 183 3864 omni
211 3779 387 3884 superbia,
418 3821 506 3868 vana
537 3805 656 3883 gloria,
684 3805 823 3877 invidia,
1139 3775 1305 3834 memb·
1327 3778 1407 3836 ¹²²³·
1516 3836 1520 3850 ¹

40 3898 176 3973 avaritia,
194 3915 283 3965 cura
298 3904 330 3966 et
345 3901 568 3984 sollicitudine
580 3905 680 3982 liujus
695 3903 822 3976 saeculi,
1003 3899 1141 3964 [sapiant
1155 3900 1248 3951 muel.
1269 3899 1302 3952 ae
1318 3911 1376 3951 ⁸⁰¹¹·
1389 3899 1460 3960 ¹2²³,
1473 3901 1486 3966 t
1497 3901 1549 3966 ’bl

43 3989 232 4061 detractione
243 4003 280 4063 et
290 4001 562 4064 murmuratione.
576 4004 616 4065 ut
629 4019 695 4063 non
708 4001 825 4064 curent
896 4025 929 4082 m
945 4024 1061 4082 maniat
1077 4023 1151 4082 utin
1166 4023 1652 4100 eelesrrssuenoeeesiscorrigat

42 4091 212 4156 nescientes
237 4097 370 4160 litteras
394 4099 534 4170 discere,
560 4099 618 4160 sed
640 4099 821 4171 attendant,
1090 4111 1458 4189 quetuerintcorrigenda.

46 4187 115 4257 luod
126 4205 226 4268 super
238 4195 354 4256 omnia
366 4195 556 4258 desiderare
568 4197 689 4260 debent
701 4196 824 4258 babere

45 4281 179 4352 spiritum
205 4291 352 4364 Domini,
378 4295 411 4354 et
434 4295 582 4354 sanctam
605 4296 678 4372 ejus
698 4309 822 4371 opera-

48 4373 163 4455 tionem,
180 4402 282 4450 orare
295 4403 427 4466 semper
440 4389 481 4450 ad
497 4393 600 4452 Deum
612 4407 695 4467 puro
710 4391 821 4464 corde,

48 4473 74 4533 et
84 4473 196 4545 babere
209 4486 444 4560 humilitatem,
460 4488 653 4565 patientiam
661 4489 701 4550 ‘in
714 4505 824 4566 perse·

51 4573 173 4652 cutione,
189 4585 223 4644 et
235 4583 271 4646 in
286 4584 479 4647 infirmitate
493 4587 526 4648 et
541 4586 679 4662 diligere
692 4603 749 4649 eos
765 4588 823 4665 qui

50 4681 97 4729 110³
107 4683 354 4758 persequuntur,
368 4683 616 4760 reprehendunt
625 4685 658 4745 et
665 4687 820 4760 arguunt,

53 4767 115 4836 quia
128 4771 203 4838 dicit
217 4781 376 4842 Dominus
394 4797 401 4842 :
419 4783 557 4858 butptte
573 4784 731 4844 inimicos
743 4798 823 4844 ces-

53 4859 111 4925 tros
126 4873 155 4932 et
169 4879 265 4940 orate
275 4893 344 4953 pro
353 4881 637 4953 persequentibus
649 4881 683 4941 et
697 4886 822 4942 outtem-

56 4961 203 5032 uicutibus
227 4989 305 5048 cos‚·
337 4977 426 5038 beuti
457 4979 515 5050 cut
544 4979 822 5050 persecutionem

53 5060 210 5129 mittentur
220 5075 366 5146 propter
376 5074 566 5147 justitium,
586 5077 749 5148 quostiam
763 5079 819 5149 ip-

56 5164 153 5222 sorum
171 5169 220 5228 est
247 5185 394 5246 reguum
420 5175 595 5243 celorum,
621 5176 680 5246 eut
702 5175 821 5235 autem

55 5261 306 5408 bertseoemcertt
319 5281 426 5341 usque
445 5270 482 5329 tu
496 5269 612 5342 (tieem,
626 5272 682 5332 bic
702 5275 821 5334 suteris

60 5352 100 5408 ert
115 5395 121 5410 .

918 4239 1001 4312 Quia
1015 4239 1102 4302 sicut
1123 4239 1272 4303 dolentes
1293 4240 1481 4304 audivimus
1501 4243 1534 4304 et
1553 4239 1673 4303 referi-

877 4353 963 4410 mus,
977 4336 1111 4414 quidam
1126 4335 1324 4416 presbyteri,
1341 4339 1374 4400 et
1397 4338 1458 4400 alii
1475 4338 1588 4400 clerici
1606 4339 1672 4400 tuae

877 4434 1030 4496 dioecesis
1044 4435 1166 4498 Christi
1182 4451 1302 4514 corpus
1323 4437 1547 4499 irreverenter
1568 4450 1673 4513 expo·

876 4533 971 4604 nunt,
988 4534 1022 4594 et
1037 4549 1105 4594 non
1120 4533 1227 4595 solum
1243 4532 1403 4596 ecclesias
1423 4533 1594 4595 dimittunt
1612 4531 1670 4593 in-

876 4632 993 4704 cultas,
1010 4647 1124 4693 verum
1146 4631 1247 4692 etiam
1266 4647 1347 4692 vasa
1371 4631 1562 4704 ministerii,
1587 4647 1669 4694 ves-

874 4728 1012 4790 timenta
1030 4726 1270 4795 ministrorum,
1287 4728 1393 4804 pallas
1406 4728 1535 4802 altaris,
1551 4729 1670 4806 etipsa

875 4825 1062 4902 corporalia
1076 4828 1144 4886 tarn
1160 4824 1329 4886 immunda
1351 4826 1556 4904 relinquunt,
1582 4826 1670 4905 quod

874 4922 1040 4984 interdum
1056 4921 1222 4999 aliquibus
1231 4925 1309 4985 sunt
1319 4924 1463 5000 horrori;
1473 4925 1687 4988 nealienam‘

874 5019 1005 5095 culpam
1020 5017 1124 5080 iacias
1139 5035 1213 5080 esse
1232 5020 1334 5093 tuam,
1357 5023 1386 5082 si
1405 5023 1472 5084 tam
1487 5023 1589 5085 latam
1608 5039 1669 5084 ne-

873 5115 1066 5192 gligentiam
1084 5117 1273 5193 neglexeris
1286 5119 1462 5196 castigare,
1475 5119 1668 5182 fraternita—

874 5217 939 5275 tem
954 5216 1046 5275 tuam
1059 5229 1242 5288 monemus,
1259 5231 1319 5293 per
1332 5215 1522 5293 apostolica
1542 5213 1666 5293 scripta

873 5310 1079 5382 mandantes,
1090 5315 1253 5388 qiratenus
1268 5313 1426 5374 ecclesias
1437 5315 1501 5376 tuce
1513 5313 1666 5375 dioecesis

872 5409 1013 5470 visitans
1024 5409 1212 5486 diligenter,
1224 5426 1323 5488 super
1333 5411 1377 5471 iis
1390 5410 1580 5488 specialiter
1590 5427 1667 5474 cor-

871 5505 962 5582 rigas
977 5523 1050 5584 quae
1065 5505 1190 5569 suerint
1210 5507 1418 5584 corrigenda,
1436 5507 1576 5571 subditis
1597 5511 1665 5572 tuis

92 5580 230 5667 l’raecipio
251 5595 389 5658 firmiter
410 5595 569 5659 tratribus
589 5598 756 5660 universis
776 5616 818 5662 ne
872 5603 1076 5680 injungendo
1092 5603 1251 5676 districte,
1269 5607 1304 5667 ut
1318 5621 1438 5682 corpus
1454 5607 1576 5668 Christi
1589 5625 1664 5668 cum

63 5668 178 5747 babeant
201 5694 351 5769 suspecta
385 5693 563 5767 consortia,
598 5694 651 5759 vel
678 5697 817 5758 consilia
871 5701 963 5762 omni
982 5701 1235 5764 honoriticentia
1258 5703 1412 5766 studeant
1431 5705 1608 5778 custodire,
1632 5705 1666 5766 et

343 5472 422 5533 Gar.
438 5473 495 5533 Xl.

886 1364 1054 1428 voluerint
1071 1367 1121 1430 ire
1137 1368 1226 1430 inter
1240 1371 1425 1431 Saracenos
1447 1369 1480 1432 et
1497 1369 1584 1431 alios
1597 1369 1681 1431 inii·
1759 1385 1769 1405 ²
