4002 6326
274 341 336 406 485
897 343 1074 408 HONORII
1095 346 1141 408 111
1162 347 1311 411 OPERA.
1853 358 1900 422 let
1977 419 1978 428 ,

274 501 392 582 quinta
403 501 617 580 vicejuravit
631 517 668 564 se
681 500 839 580 deinceps
853 505 971 568 contra
994 503 1075 568 dde-
1128 505 1346 586 denegentur,
1374 513 1411 574 ut
1435 525 1498 574 nee
1524 473 1665 591 corpora
1690 513 1900 581 decedentium

275 599 403 662 litatem
420 598 528 661 eidem
540 599 613 676 regi
634 599 777 662 debitam
793 616 860 663 non
874 603 1070 676 venturum,
1127 607 1365 670 ecclesiasticae
1374 609 1553 687 sepulturae
1565 611 1750 676 tradantur.

276 697 310 759 et
324 713 384 774 per
406 712 468 760 nos
491 697 623 759 tandem
638 697 781 760 obtinuit
801 700 1072 778 compositionem
1168 705 1330 769 Praelatos
1341 723 1471 785 quoque
1486 723 1526 770 ao
1548 709 1699 784 clericos,
1714 711 1771 789 qui
1787 713 1900 776 easdem

274 793 465 872 hujnsmodi
477 795 679 858 confirmari.
1128 803 1310 866 sententias
1323 819 1389 866 non
1404 807 1622 880 servaverint,
1644 809 1685 870 ad
1700 811 1843 871 nostram
1861 811 1901 872 fa·
1941 787 1953 810 ⁸

316 893 415 953 Nunc
429 909 508 954 vero
523 893 621 964 idem,
647 894 805 972 anquam
828 891 926 956 homo
941 910 1073 972 praeva-
1128 901 1224 962 oiatis
1240 903 1463 978 praesentiam,
1480 905 1600 967 officiis
1613 906 1901 980 etbeneficiis,cum
1978 893 1979 900 ἵ

276 989 434 1051 ricationi
458 992 624 1063 assuetus,
641 992 676 1053 et
698 991 808 1053 facilis
821 991 862 1053 ad
878 991 1070 1066 fallendum,
1126 999 1249 1060 restris
1261 999 1542 1064 testimonialibus
1568 1003 1689 1066 litteris
1710 1003 1824 1068 venire
1841 1022 1902 1068 sus-

276 1102 313 1148 se
326 1085 423 1148 simul
440 1088 472 1150 et
485 1087 618 1161 famam,
633 1091 665 1152 et
679 1089 1069 1168 promissaconfundens,
1127 1112 1258 1174 pensos.

276 1185 349 1260 regi
365 1183 499 1248 obedire
527 1186 670 1258 recusat,
701 1187 734 1248 et
759 1187 881 1260 castra,
898 1186 961 1248 sibi
978 1186 1019 1248 ab
1032 1203 1072 1249 eo
1168 1195 1260 1268 Quod
1277 1196 1306 1258 si
1321 1197 1456 1260 vexatio
1471 1199 1579 1262 adhue
1594 1199 1701 1264 eidem
1714 1216 1781 1263 non
1795 1201 1903 1264 tribue-

276 1282 468 1355 commissa,
484 1281 631 1355 dimone,
644 1297 737 1344 arma
754 1285 870 1346 contra
890 1285 998 1362 ipsum
1012 1300 1071 1347 re·
1127 1292 1173 1354 rit
1187 1292 1405 1370 intellectum,
1424 1298 1460 1358 ut
1482 1297 1554 1375 regi
1569 1313 1671 1375 super
1686 1297 1740 1360 his
1763 1299 1901 1361 satisfac-
1979 1259 1980 1348 ἶ

276 1394 353 1456 gem
373 1380 496 1456 erexit3
517 1382 550 1443 et
572 1381 615 1455 ei,
637 1381 670 1442 et
684 1383 756 1459 eius
772 1381 935 1455 fidelibus,
952 1381 1074 1459 praeci·
1127 1390 1253 1453 tionem
1266 1407 1448 1470 congruam
1466 1411 1534 1457 non
1555 1395 1735 1473 impendat,
1762 1412 1821 1458 ros
1844 1401 1904 1473 post

274 1492 340 1554 pue
361 1477 464 1540 nobili
492 1479 565 1540 viro
578 1478 748 1540 Willelmo
777 1479 890 1541 comiti
912 1479 1074 1542 Pembro-
1127 1505 1189 1550 sex
1200 1491 1611 1569 mensesatemporetalis
1627 1492 1805 1567 interdicti,
1819 1495 1903 1555 etin·

276 1575 380 1648 censi,
394 1574 520 1638 ballivo
533 1577 637 1652 regio,
654 1591 809 1652 guerram
823 1578 944 1650 movet,
958 1593 978 1638 a
993 1577 1072 1656 qui·
1127 1585 1305 1650 novatione
1321 1589 1562 1652 sententiarum
1574 1592 1735 1668 ipsarum,
1747 1591 1788 1653 ab
1802 1589 1904 1654 homa·

276 1669 349 1745 bns,
366 1675 399 1736 et
413 1674 490 1734 aliis
504 1673 662 1752 nequitiis
684 1675 754 1736 suis
776 1675 937 1737 desistere
952 1675 1069 1748 noluit,
1126 1685 1181 1760 gio
1205 1687 1239 1746 et
1265 1683 1424 1750 fidelitate
1448 1687 1553 1765 ipsius
1578 1688 1818 1752 denuntiaretis
1845 1693 1904 1766 ejus
1980 1715 1981 1722 ¹

275 1768 356 1832 licet
369 1769 410 1833 ab
423 1771 496 1848 ipso
516 1788 594 1848 rege
616 1771 716 1834 fuerit
731 1789 750 1834 a
764 1773 949 1834 venerabili
969 1772 1072 1836 fratre
1126 1782 1274 1847 subditos
1285 1785 1687 1862 absolutos;exponendis
1697 1787 1793 1848 bonis
1804 1788 1867 1848 suis
1880 1787 1905 1848 et

276 1867 390 1930 nostro
430 1869 597 1946 Stephano
626 1870 860 1932 cantuariensi
886 1871 1073 1947 archiepis·
1127 1883 1903 1961 suorumettantaeiniquitatisauctoribusnon,

274 1979 369 2042 00P0‚
386 1969 510 2030 sanct&
533 1971 691 2030 Roman&
713 1967 871 2030 Ecclesiffi
895 1967 1069 2042 cardinali,
1126 1979 1192 2040 nisi
1213 1980 1433 2058 personaliter
1447 1981 1617 2042 adsedem
1627 1980 1906 2058 Apostolicamve·

275 2063 531 2142 mfllwltolitsssso
544 2064 620 2138 10⁰1,
635 2067 668 2128 θῐ
676 2065 829 2128 Omnibus
841 2065 911 2127 fere
925 2065 1071 2142 praelatis
1126 2077 1231 2150 uiant,
1241 2077 1905 2156 absolvendis.DatumAnagniaelllnouas

275 2164 310 2224 et
335 2161 541 2322 pzincipibus
569 2163 692 2226 vicinis
716 2163 841 2226 attente
864 2163 1009 2225 monitus
1039 2163 1072 2226 θῑ
1126 2174 1281 2248 octobris,
1299 2175 1510 2254 pontificatus
1525 2176 1729 2240 nostrianno
1743 2179 1865 2240 octavo.

277 2273 359 2336 roga
377 2276 426 2322 us·

317 2359 437 2432 Quare,
471 2359 521 2423 tot
542 2360 574 2422 et
606 2359 709 2422 tantis
729 2359 940 2438 exigentibus
964 2357 1072 2436 culpis

276 2455 430 2530 notoriis,
451 2457 484 2519 et
510 2457 695 2520 manifestis
726 2461 798 2535 ejus
829 2457 978 2530 offensis,
1004 2473 1071 2519 una

277 2569 353 2614 cum
380 2555 596 2632 complicibus
624 2556 659 2619 et
685 2555 870 2618 fautoribus
903 2555 985 2628 suis,
1012 2569 1073 2632 per
1465 2519 1578 2608 XVII

275 2649 450 2728 praeratum
465 2653 756 2731 metropolitanum
772 2658 805 2716 et
819 2653 979 2732 quosaam
999 2655 1072 2729 ejus
1128 2669 1354 2732 acaronem
1373 2672 1415 2732 ee
1435 2671 1722 2742 cranemerae«,
1734 2671 1769 2732 s.
1785 2673 1905 2734 arnoia

275 2748 519 2828 suffiassassffls»
536 2750 656 2828 quibus
680 2751 934 2829 injunxeramus
951 2752 988 2812 ut
1000 2765 1072 2811 om·
1168 2765 1203 2826 et
1222 2768 1265 2826 dc
1284 2769 1384 2828 domo
1398 2769 1433 2829 S.
1451 2769 1607 2829 Floriani
1619 2767 1906 2844 prosperrimae-

275 2861 335 2908 nes
368 2847 617 2924 perturbatores
646 2847 797 2926 praedicti
815 2847 905 2924 regis
929 2849 962 2911 et
975 2847 1074 2924 regni
1167 2865 1258 2924 03323
1278 2863 1512 2926 pataviam

275 2945 329 3004 sui
344 2945 564 3022 spiritualiter
573 2947 606 3010 et
619 2945 848 3024 temporaliter
860 2947 1070 3018 exercerent,
1416 2993 1539 3053 woh·
1558 2995 1638 3054 litt.

276 3044 476 3106 auctoritate
504 3045 693 3122 apostolica
719 3044 932 3107 denuntiatus
960 3043 1074 3106 extitit
1524 3119 1529 3130 Ι

277 3141 635 3203 excommunicationis
650 3141 823 3204 sententiae
836 3141 1022 3219 subjacere,
1032 3156 1072 3202 ac
1292 3115 1467 3182 [manmena
1484 3119 1571 3178 ΒΜ
1584 3118 1652 3178 '¹¹¹¹’
1680 3117 1748 3182 Μ]

277 3237 377 3298 terrae
403 3238 551 3313 ipsorum
575 3238 802 3300 ecclesiastico
823 3238 949 3300 fuerint
967 3238 1075 3300 inter·
1128 3243 1178 3300 llis
1191 3241 1351 3301 mandetur
1365 3244 1394 3300 iu
1406 3259 1492 3302 causa
1504 3243 1815 3315 excommunicationis,
1830 3259 1906 3317 quarn

277 3334 366 3396 dicto
395 3335 561 3398 conclusae
578 3357 585 3396 ς
604 3335 691 3397 unde
716 3351 778 3397 rex
806 3336 877 3413 ipse
901 3335 1073 3399 humiliter
1164 3331 1253 3389 abbas
1267 3331 1303 3390 de
1316 3331 1486 3390 walrebach
1500 3332 1620 3406 eJ'urque
1634 3333 1798 3407 cellegteed
1814 3334 1907 3391 insten-

278 3431 621 3511 postulavitutjuxta
635 3433 910 3511 supplicationem
923 3433 1073 3510 exparte
1163 3419 1646 3480 ¹¹⁰ffl¹11¹d⁰l¹⁰id⁰⁰l⁸fflv⁸riae
1673 3429 1771 3480 ⁰⁰¹¹tr⁸
1787 3421 1906 3480 ebbemm
1984 3467 1985 3490 2

277 3544 347 3594 sua·
362 3528 457 3591 nohis
475 3529 668 3604 exhibitam,
694 3529 830 3592 obviare
853 3531 954 3592 tantae
980 3531 1073 3591 illius
1162 3517 1393 3584 conventumque
1417 3510 1582 3568 monasterti
1606 3511 1904 3586 priviningensismle-

277 3627 475 3701 insolentiae,
490 3644 530 3691 ac
551 3628 615 3690 sibi
634 3630 668 3691 et
691 3644 795 3706 regno
808 3642 880 3701 suo,
895 3642 996 3706 super
1010 3629 1073 3690 boo
1163 3606 1228 3700 ΜΨ
1254 3607 1323 3700 ⁹⁰⁸¹,
1352 3599 1572 3702 8Ι)Ι)θΠ”ῑῙοΠθξΠ
1603 3599 1810 3701 Ῑῐξῑθψῡθῑῑθῑῦ,
1835 3599 1906 3673 juxte

276 3726 451 3789 consulere
461 3725 687 3804 dignaremur·
1163 3703 1290 3761 priorum
1305 3688 1462 3746 litterarum
1476 3695 1684 3748 continentiam
1699 3687 1859 3763 procedent.

318 3825 386 3886 Nos
410 3825 523 3900 igitur,
540 3826 630 3902 regis
647 3827 680 3888 et
691 3825 786 3901 regni
797 3823 1073 3909 tranquillitatem
1168 3824 1530 3904 Honoriusepiscopus,
1539 3841 1654 3888 servus
1667 3841 1836 3888 servorum
1844 3824 1903 3894 Dei,

277 3921 434 3995 zelantes,
449 3923 482 3984 et
494 3919 873 4000 pacemetmultiplioem
883 3923 1075 4000 transgres-
1128 3921 1258 3985 dilectis
1270 3922 1349 3984 filiis
1359 3922 1470 3985 abbati
1481 3923 1801 3998 decremimunster,
1813 3925 1844 3985 S.
1854 3922 1906 3984 Ni-

279 4015 410 4081 sionem¹
428 4019 505 4082 fidei
526 4019 648 4082 nobilis
670 4019 850 4098 supradicti
875 4019 993 4082 merito
1012 4019 1073 4080 de·
1128 4019 1214 4080 colai
1229 4023 1263 4082 et
1276 4019 1317 4081 de
1332 4019 1429 4082 domo
1452 4021 1565 4084 Sancti
1587 4020 1736 4083 Floriani
1754 4019 1903 4099 praeposi-

276 4117 449 4190 testantes,
473 4133 549 4179 cum
572 4119 608 4179 in
637 4117 911 4180 consuetudinem
936 4115 1073 4178 duxisse
1126 4118 1170 4179 tis
1194 4117 1403 4179 pataviensis
1426 4117 1592 4193 dioecesis,
1608 4117 1749 4182 salutem
1768 4119 1905 4196 etdpos-

275 4216 434 4277 noscatur
459 4215 557 4277 fidem
586 4213 756 4292 frangere,
776 4229 877 4293 seque
892 4214 932 4276 ad
949 4213 1073 4275 fallen·
1127 4215 1261 4276 tolicnm
1274 4213 1551 4278 benedictionem.

277 4313 355 4375 dum
377 4311 508 4376 facilem
535 4312 704 4385 exhibere,
734 4311 934 4374 fraternitati
953 4311 1073 4374 vestrae
1168 4313 1235 4374 Sua
1250 4311 1383 4373 nobis...
1412 4311 1514 4374 abbas
1530 4313 1563 4375 et
1586 4313 1769 4375 conventus
1784 4327 1905 4374 monas-

250 4430 256 4446 ·
276 4426 336 4490 per
347 4411 537 4490 apostolica
554 4411 677 4487 scripta
697 4409 920 4487 praecipiendo
935 4409 1073 4470 mauda-
1126 4409 1204 4472 terii
1219 4409 1486 4487 Priviningensis
1506 4409 1734 4472 insinuatione
1750 4409 1903 4472 monstra-

277 4526 351 4572 mus
373 4511 548 4588 quatenus,
564 4507 749 4570 sententias
773 4506 893 4584 quibus
914 4505 1072 4585 praefatus
1127 4508 1215 4580 runt,
1233 4507 1319 4589 quod
1333 4525 1434 4587 quum
1450 4505 1571 4570 nobilis
1585 4508 1639 4569 vir
1651 4507 1837 4570 Ludovicus
1851 4507 1906 4568 dux

275 4608 441 4670 nobiliset
457 4607 604 4669 fauwres
620 4605 743 4683 suiper
757 4605 1074 4667 antedictosmetro·
1127 4606 1301 4681 Bavarlae,
1340 4605 1593 4683 Ratisponensis
1627 4605 1793 4677 dioecesis,
1829 4605 1905 4683 ipsos

277 4705 461 4784 politanum
496 4705 529 4768 et
554 4703 785 4780 suffraganeos
816 4704 889 4779 ejus
928 4701 1072 4764 nuntiati
1127 4704 1383 4784 superquodam
1396 4701 1903 4776 mouteaorebusaliiscoram...

277 4805 356 4866 sunt
380 4803 577 4864 auctoritate
591 4799 782 4878 apostolica
806 4799 990 4878 subjacere,
1013 4812 1074 4876 per
1128 4803 1246 4866 abbate
1272 4803 1313 4865 de
1341 4803 1543 4864 Walrebach
1567 4804 1600 4864 et
1625 4803 1697 4878 ejus
1722 4802 1855 4879 collegis
1871 4814 1905 4861 ex

277 4917 391 4964 omnes
402 4899 621 4966 cathedrales,
631 4898 758 4959 etalias
767 4897 938 4960 civitatum
949 4897 982 4958 et
992 4895 1073 4958 dioe-
1127 4899 1336 4978 delegatione
1350 4901 1542 4978 apostolica
1553 4899 1711 4962 traxisset
1726 4899 1761 4962 in
1772 4913 1901 4968 causam,

278 4999 588 5062 casumvestrarum
601 4995 772 5067 ecclesias,
785 4994 925 5072 pulsatis
938 5008 1074 5071 campa·
1127 5001 1205 5077 qnia
1226 4999 1307 5062 dicti
1327 4999 1460 5077 judices
1475 4999 1587 5059 nullas
1607 4997 1647 5059 ad
1669 4996 1904 5061 deliberandum

277 5099 342 5171 nis,
368 5098 401 5160 et
421 5095 572 5158 accensis
597 5092 765 5165 candelis,
789 5091 933 5169 singulis
957 5090 1073 5152 diebus
1128 5093 1280 5155 inducias
1291 5092 1518 5156 concedebant
1529 5109 1666 5171 prorsus
1677 5093 1802 5154 eisdem
1812 5089 1903 5153 humi·

278 5193 454 5258 dominicis
469 5194 502 5255 et
516 5191 655 5263 festivis,
672 5189 802 5253 sublato
818 5188 994 5267 cujuslibet
1008 5205 1072 5266 ap·
1129 5191 1205 5254 liter
1216 5191 1381 5268 requisiti,
1405 5191 1523 5254 dicti...
1550 5188 1653 5252 abbas
1678 5191 1713 5254 et
1738 5189 1904 5253 conventus

277 5293 468 5373 pellationis
478 5291 511 5353 et
521 5287 793 5352 contradictionis
807 5286 947 5366 objectu,
957 5287 1074 5348 solem·
1128 5289 1309 5351 sentientes
1337 5288 1483 5350 indebite
1520 5303 1556 5349 se
1600 5288 1746 5364 gravari,
1773 5290 1904 5349 nostram

278 5393 368 5454 niter
382 5389 591 5460 innovantes
609 5387 719 5450 terras
732 5386 880 5464 ipsorum
897 5384 1074 5447 interdicto
1128 5383 1332 5445 audientiam
1342 5382 1562 5462 appellarunt.
1572 5381 1672 5444 Atilii
1680 5395 1795 5444 eorum
1805 5379 1906 5459 appel·

278 5487 466 5554 arctissimo
504 5485 728 5559 concludatis;
768 5484 816 5545 ita
832 5482 929 5562 quod,
952 5483 1074 5561 praeter
1128 5482 1252 5544 latione
1265 5483 1452 5558 contempta
1467 5480 1822 5542 excommunicationis
1834 5478 1906 5540 tule

277 5587 453 5666 baptisma,
467 5584 697 5664 poenitentiam
723 5582 934 5645 atriaticum
953 5581 989 5641 in
1008 5595 1073 5642 ex·
1128 5581 1206 5642 runt
1227 5580 1426 5644 sententiam
1442 5579 1478 5640 iu
1507 5579 1653 5640 eosdem.
1680 5575 1906 5670 Ideoquetdis·

276 5685 404 5756 tremis,
421 5684 532 5749 omnia
553 5683 600 5745 ibi
617 5680 825 5745 sacramenta
845 5677 1073 5744 ecclesiastica
1129 5679 1270 5742 crationi
1286 5678 1404 5742 vestrae
1419 5692 1478 5758 per
1490 5675 1679 5754 apostolice
1693 5675 1813 5755 scripta
1828 5686 1904 5736 man·
