4036 6330
161 321 196 412 j
264 336 324 394 nn

268 493 376 554 manis
390 491 600 570 pontificibus
614 483 724 553 ordini
739 495 849 554 nestro
867 507 1054 565 concessas,

266 608 328 653 nec
343 606 410 653 non
425 590 596 650 libertates
616 591 649 652 ct
670 589 897 664 exemptiones
912 591 1055 652 saecula-

266 689 352 750 rium
368 687 579 748 exactionum
600 686 767 760 aregibus
789 687 823 752 et
836 685 1054 763 principibus,

266 786 318 847 vel
339 785 416 846 aliis
439 783 593 844 fidelibus
616 783 859 845 rationabiliter
883 784 978 844 vohis
1002 784 1057 844 in-

265 883 384 954 dultas,
397 882 595 943 auctoritate
610 880 704 942 vobis
719 882 907 958 apostolica
932 881 1058 942 conflr-

266 995 393 1041 mamus
413 981 446 1041 et
462 979 635 1056 praesentis
647 979 760 1054 scripti
774 978 950 1054 privilegio
966 994 1057 1039 com-

266 1079 444 1138 munimus.
462 1075 676 1136 Decernimus
688 1091 771 1151 ergo·
782 1077 818 1136 ut
828 1075 911 1136 nulli
923 1075 1056 1136 omnino

267 1174 437 1235 hominnm
483 1173 581 1235 liceat
615 1171 788 1249 praelatum
821 1173 1057 1234 monasterium

266 1272 390 1333 temere
409 1269 619 1347 perturbare,
648 1271 704 1330 ant
732 1272 805 1346 ejus
830 1270 1057 1346 possessiones

267 1368 411 1434 auterre,
434 1367 487 1428 nel
509 1365 636 1427 ablatas
653 1366 799 1428 retinere
818 1367 875 1427 aut
895 1367 1056 1435 minnere,

269 1481 330 1526 sen
350 1463 550 1541 quibuslibet
568 1463 800 1525 vexationibus
821 1463 961 1539 fatigare
976 1485 983 1522 :
1001 1462 1057 1523 sed

269 1562 380 1622 omnia
406 1561 536 1636 integra
563 1562 823 1632 conserventur,
850 1576 965 1622 eorum
998 1575 1058 1636 pro

268 1673 407 1734 quorum
421 1656 661 1732 gubernatione
672 1656 705 1717 et
719 1656 958 1718 sustentatione
973 1670 1057 1716 con·

268 1769 360 1814 cessa
387 1755 487 1825 sunt,
513 1753 628 1813 usibus
652 1753 850 1814 omnimodis
872 1753 1057 1830 protutura,

268 1852 361 1915 salva
378 1850 472 1912 Sedis
487 1850 686 1927 Apostolicae
704 1850 912 1911 auctoritate.
940 1849 975 1910 Si
995 1863 1059 1926 qua

268 1949 371 2024 igitur
386 1949 421 2008 in
436 1947 583 2010 futurum
596 1948 822 2008 ecclesiastica
846 1946 1059 2007 saecularisve

268 2061 410 2121 persona
437 2045 523 2106 hanc
553 2046 674 2105 nostrae
700 2043 945 2105 constitutionis
966 2043 1061 2118 pagi-

269 2157 346 2201 nam
362 2141 482 2212 sciens,
499 2142 613 2202 contra
632 2156 705 2200 eam
722 2141 848 2201 temere
859 2139 973 2200 venire
988 2141 1061 2201 ten-

169 2247 172 2252 “
268 2239 402 2305 taverit,
424 2237 569 2298 secundo
593 2237 732 2298 tertiove
753 2237 965 2308 commonita,
994 2236 1059 2296 nisi

269 2336 398 2396 reatum
434 2351 530 2395 sunm
561 2349 707 2409 congrua
732 2333 960 2396 satisfactione
986 2348 1062 2394 cor-

270 2433 410 2503 rexerit,
436 2432 608 2508 potestatIs
637 2430 839 2508 honorisque
865 2431 917 2490 sni
949 2431 1062 2491 careat

271 2529 441 2604 dignitate,
468 2543 624 2604 reamque
648 2543 684 2588 se
706 2527 820 2588 divino
841 2527 968 2605 judicio
986 2527 1061 2586 exi-

270 2627 358 2687 stere
373 2626 412 2686 de
427 2628 614 2701 perpetrata
630 2625 806 2700 iniquitate
821 2623 1012 2698 cognoscat,
1028 2625 1061 2683 et

271 2739 291 2784 a
316 2722 541 2784 sacratissimo
558 2737 696 2798 corpore
719 2724 751 2782 et
771 2721 933 2796 sanguine
957 2720 1014 2780 Dei
1030 2721 1063 2782 et

270 2817 401 2881 Domini
432 2818 661 2894 Redemptoris
692 2817 799 2878 nostri
833 2819 914 2879 Jesu
937 2815 1061 2877 Christi

271 2917 382 2978 aliena
411 2915 489 2986 nat,
527 2918 625 2991 atque
660 2915 695 2975 in
735 2913 883 2976 extremo
910 2913 1062 2974 examine

271 3013 430 3075 districtae
450 3012 567 3077 ultioni
592 3011 771 3089 subjaceat.
795 3010 928 3073 Cunctis
953 3010 1063 3070 autem

272 3109 378 3172 eidem
405 3109 478 3170 loco
504 3125 564 3170 sua
585 3112 664 3185 jura
693 3107 903 3170 servantibus
930 3107 974 3168 sit
997 3121 1064 3183 pax

271 3207 403 3268 Domini
418 3206 523 3268 nostri
537 3208 616 3268 iesu
631 3205 765 3276 Christi,
780 3205 942 3280 quatenus
962 3205 994 3264 et
1009 3203 1064 3262 hic

272 3304 416 3365 fructum
430 3302 525 3364 honae
545 3301 686 3363 actionis
708 3301 903 3378 percipiant,
921 3301 954 3362 et
977 3297 1061 3375 apud

273 3401 459 3462 districtum
481 3399 627 3477 judicem
654 3398 792 3474 praemia
820 3397 952 3458 aeternae
972 3395 1064 3472 pacis

273 3497 455 3560 inveniant.
473 3499 589 3557 Arnen.

313 3594 431 3656 Datum
452 3592 628 3664 Laterani,
659 3607 719 3669 per
747 3607 881 3652 manum
912 3589 1064 3666 magistri

274 3692 445 3762 Gnidonis,
463 3705 556 3768 papan
573 3689 706 3761 notarii,
731 3691 806 3750 XIV
821 3688 887 3748 kal.
902 3686 1062 3764 januarii,

273 3788 453 3851 indictione
481 3789 579 3858 Xlll,
613 3785 855 3849 incarnationis
886 3783 1065 3846 Dominicae

265 3903 360 3962 ‚anno
380 3887 578 3958 MCCXXIV,
603 3884 812 3960 pontificatus
834 3897 914 3944 vero
940 3880 1065 3944 domini

274 4000 367 4062 papae
383 3986 429 4044 ΙΙΙ
445 3998 534 4043 anno
551 3997 649 4043 nono.

644 4271 695 4358 LI

273 4459 324 4518 Ad
335 4452 453 4516 Snrzctt
462 4451 611 4525 hemian
621 4448 655 4510 et
668 4449 903 4509 deMcclrcrtts
916 4447 1063 4518 annates,

321 4552 499 4628 tiernensis
514 4547 548 4610 et
562 4547 800 4608 atrebatensis
820 4546 1013 4605 dioecesum.

533 4687 569 4744 20
583 4685 713 4743 decemb.
729 4684 808 4742 litt.

273 4821 367 4886 [Fonds
384 4821 494 4876 biorean,
514 4765 533 4870 t.
547 4817 725 4875 llCLXXXlll,
739 4832 764 4881 p.
777 4817 816 4874 88,
834 4815 897 4866 Bibl.
907 4814 1063 4878 Nationale.j

289 4946 404 5009 Mandat
418 4952 449 5003 nt
462 4950 621 5002 convocent
639 4941 794 5020 capitulum
807 4940 887 5013 juxta
901 4939 1045 4998 decretum

523 5030 641 5089 Concilii
656 5029 810 5102 generalis.

311 5160 478 5224 Honorius
489 5157 676 5234 episcopus,
686 5169 802 5215 servus
811 5167 982 5214 servornm
992 5139 1060 5226 Dei,

270 5260 400 5323 dilectis
410 5251 643 5318 tiliis...Sancti
652 5250 794 5326 Remigii
805 5251 979 5311 Remensis
992 5251 1061 5312 et...

269 5360 310 5420 de
324 5354 504 5418 Machariis
519 5349 746 5412 atrebatensis
762 5347 914 5410 dioecesis
930 5347 1062 5408 abbati-

268 5455 341 5526 bus,
354 5453 494 5517 salutem
510 5450 542 5510 et
551 5447 774 5525 apostolicam
785 5443 1061 5506 benedictionem.
1096 5503 1099 5510 ,

224 5592 229 5602 ,
309 5549 512 5627 Sapientiam
528 5561 601 5623 qnae
623 5560 666 5605 ex
681 5559 738 5606 ore
757 5541 867 5619 prodit
886 5541 1059 5613 Altissimi‚

268 5654 363 5729 cnjus
373 5645 503 5712 deliciae
517 5643 594 5704 sunt
609 5657 682 5704 esse
698 5656 771 5703 cnm
788 5639 865 5699 tiliis
877 5639 1061 5709 hominum,

867 303 1060 398 'nononu
1082 337 1128 396 111
1150 337 1299 398 ornan.

1848 337 1923 395 748

1108 495 1270 556 intereos
1292 493 1460 563 habitura,
1476 493 1511 554 in
1531 494 1606 570 ipso
1630 493 1694 554 sibi
1710 493 1920 570 paradisum

1110 589 1288 667 voluptatis
1324 579 1486 667 plantavit
1520 591 1713 660 claustrum,
1747 588 1921 651 videlicet

1110 687 1324 761 regularium,
1351 689 1385 747 in
1406 703 1472 764 quo
1500 689 1610 763 posuit
1635 687 1800 760 homines,
1823 703 1921 763 quos

1110 784 1321 854 formaverat,
1334 787 1404 861 jam
1427 801 1493 844 non
1518 784 1615 860 primi
1635 784 1715 845 Adae
1735 772 1920 860 portantes

1110 880 1301 955 imaginem,
1319 881 1377 940 sed
1392 881 1540 952 secundi,
1558 883 1591 943 et
1605 881 1807 942 benedicens
1820 881 1853 941 ei
1871 881 1920 941 de

1110 992 1186 1039 rore
1202 979 1289 1050 omli,
1304 981 1341 1039 ut
1352 978 1452 1038 flores
1467 977 1578 1039 odoris
1594 980 1627 1039 et
1641 978 1769 1039 tructus
1782 978 1921 1038 hones-

1112 1075 1189 1135 tatis
1204 1075 1376 1151 proterret,
1392 1075 1479 1136 sicut
1491 1091 1571 1150 ager
1583 1075 1712 1152 plenus,
1725 1076 1780 1135 cni
1792 1075 1921 1136 Domi-

1112 1187 1176 1230 nus
1191 1171 1361 1233 benedixit
1373 1172 1481 1248 ipsum
1496 1173 1591 1233 vario
1612 1187 1734 1246 genere
1749 1171 1918 1232 arborum

1112 1270 1145 1330 et
1165 1268 1342 1330 herbarum
1364 1269 1584 1330 redolentium
1599 1269 1775 1340 consitum,
1792 1271 1916 1329 Bene-

1113 1365 1210 1437 dicto,
1226 1366 1385 1427 Dominus
1402 1365 1575 1427 benedicto
1589 1366 1728 1430 tradidit
1745 1366 1919 1428 excolen-

1113 1463 1199 1523 dam.
1217 1463 1279 1534 Qui
1299 1466 1370 1540 eJus
1385 1479 1465 1525 cura
1481 1465 1644 1540 suscepta,
1663 1479 1704 1524 ne
1725 1462 1767 1524 ad
1782 1462 1916 1524 deras-

1111 1561 1248 1622 tandum
1264 1561 1356 1620 illum
1371 1562 1504 1637 possent
1521 1560 1651 1636 ingredi
1663 1559 1760 1622 malae
1773 1559 1914 1631 bestiae,

1114 1659 1248 1735 aparte
1274 1657 1420 1734 capituli,
1445 1659 1549 1720 veluti
1573 1657 1735 1720 Orientali
1757 1658 1912 1735 Justitia,

1113 1757 1184 1817 eta
1208 1755 1392 1816 meridiana
1413 1753 1581 1816 refectorii
1602 1755 1823 1830 temperantia
1846 1769 1917 1814 nec

1114 1869 1180 1913 non
1197 1851 1238 1912 ab
1254 1851 1450 1913 occidentali
1466 1852 1560 1928 quasi
1579 1850 1745 1912 forinseca
1765 1851 1914 1912 tortitu-

1114 1951 1202 2017 dine,
1227 1948 1329 2009 acab
1353 1949 1518 2025 aquilone,
1546 1963 1650 2025 aquo
1672 1948 1796 2008 malum
1821 1964 1916 2024 pan-

1115 2047 1204 2106 ditur
1219 2061 1320 2122 super
1338 2045 1471 2116 terram,
1489 2045 1675 2121 prudentia,
1694 2045 1789 2122 quasi
1802 2045 1915 2104 muris

1115 2143 1315 2203 firmissimis
1336 2143 1560 2203 communivit.
1578 2142 1626 2203 nd
1642 2143 1812 2203 valvarum
1832 2157 1917 2202 cus-

1114 2240 1238 2302 todiam
1254 2240 1416 2316 deputans
1429 2240 1581 2300 timorem
1594 2239 1697 2300 divini
1709 2238 1864 2308 nominis,
1878 2239 1916 2298 et

1115 2353 1273 2408 amorem,
1290 2336 1388 2398 oditis
1411 2337 1444 2395 in
1463 2351 1502 2398 eo
1519 2336 1614 2397 modo
1628 2335 1774 2406 vivendi,
1794 2336 1828 2396 et
1849 2349 1913 2395 re-

1115 2434 1287 2509 gularibus
1312 2433 1483 2495 institutis.
1507 2433 1632 2504 Quibus
1652 2434 1686 2493 in
1709 2432 1824 2493 eodem
1845 2432 1913 2491 tir-

1116 2532 1214 2592 miter
1238 2529 1433 2602 observatis,
1457 2530 1562 2607 ipsius
1583 2529 1717 2590 arbores
1741 2528 1912 2604 multipli-

1117 2629 1200 2690 citer
1213 2629 1442 2699 excreverunt,
1466 2629 1680 2689 extendentes
1701 2641 1812 2688 ramos
1830 2641 1912 2686 suos

1118 2724 1287 2802 usquead
1316 2725 1466 2785 ultimum
1494 2725 1604 2792 terrae,
1641 2739 1682 2785 ac
1717 2723 1909 2800 operientes

1117 2823 1216 2883 etiam
1244 2823 1359 2883 cedros
1393 2821 1510 2882 Libani
1546 2821 1754 2897 protulerunt
1781 2820 1911 2881 fructus

1117 2919 1369 2996 pulcherrimos,
1386 2920 1419 2980 et
1431 2933 1563 2979 suaves.
1581 2921 1724 2989 Quorum
1739 2918 1843 2979 odore
1857 2917 1911 2977 his

1117 3015 1236 3091 quibus
1251 3016 1409 3077 Dominus
1423 3016 1463 3076 de
1474 3019 1572 3078 terrae
1588 3014 1790 3091 pinguedine
1803 3014 1910 3076 bene-

1118 3113 1259 3184 dixerat,
1276 3114 1370 3174 extra
1386 3113 1494 3188 ipsum
1509 3111 1699 3188 paradisum
1720 3111 1821 3186 positi
1836 3112 1912 3172 sunt

1117 3210 1244 3280 relecti,
1261 3209 1294 3272 ct
1310 3209 1459 3286 deposita
1474 3210 1606 3270 sarcina
1622 3210 1837 3280 camelorum,
1854 3208 1911 3268 di-

1118 3306 1295 3384 missisque
1320 3307 1425 3378 soliis,
1450 3307 1483 3368 et
1510 3305 1636 3367 divitiis
1659 3305 1908 3382 temporalibus,

1119 3417 1192 3464 cnm
1206 3403 1307 3464 multa
1321 3403 1506 3464 humilitate
1522 3404 1555 3463 in
1568 3403 1683 3463 eodem
1698 3403 1910 3479 postularunt

1118 3500 1259 3567 admitti,
1275 3500 1391 3560 salutis
1407 3499 1540 3561 divitias
1558 3499 1741 3576 recepturi;
1753 3499 1909 3575 quoniam

1119 3597 1294 3673 sapientia,
1309 3599 1342 3658 et
1356 3597 1506 3667 scientia,
1522 3597 1622 3656 timor
1634 3597 1776 3667 Domini,
1794 3597 1911 3672 etipse

1119 3694 1295 3756 thesaurus
1306 3695 1390 3771 etus.
1402 3693 1541 3756 vivente
1557 3693 1591 3754 in
1602 3708 1641 3754 eo
1651 3693 1794 3769 denique
1806 3695 1911 3754 Bene-

1120 3791 1218 3862 dicto,
1235 3807 1294 3866 per
1306 3791 1485 3866 regularia,
1501 3805 1574 3866 quae
1587 3790 1736 3850 ediderat
1747 3789 1906 3860 instituta,

1119 3888 1218 3950 vinea
1235 3891 1307 3966 ejus
1332 3903 1409 3948 rore
1435 3887 1511 3948 coeli
1539 3886 1683 3962 perlusa,
1713 3887 1746 3948 ot
1769 3887 1907 3962 irrigata

1120 3985 1360 4061 quadripartito
1371 3985 1508 4044 flumine
1522 3984 1768 4059 scripturarum
1785 3983 1906 4056 floruit,

1120 4082 1153 4143 et
1167 4082 1256 4143 dedit
1270 4081 1404 4142 odorem
1420 4097 1526 4153 sunm,
1543 4081 1699 4158 cultuque
1710 4080 1850 4157 justitia
1864 4084 1909 4142 te·

1121 4178 1219 4240 nente
1243 4178 1412 4240 silentium
1436 4178 1582 4255 operarii
1606 4180 1677 4253 eJus
1699 4177 1856 4238 sederunt
1875 4178 1907 4238 in

1120 4275 1365 4353 pulchritudine
1384 4275 1487 4352 pacis
1511 4276 1544 4337 et
1560 4275 1594 4335 in
1613 4275 1707 4350 regia
1729 4274 1905 4350 opulentia.

1119 4375 1161 4436 At
1175 4374 1231 4435 nbi
1247 4374 1345 4450 coepit
1357 4373 1547 4434 divitiarum
1557 4370 1760 4433 torrentibus
1776 4371 1906 4446 irrigari

1120 4474 1153 4533 et
1169 4487 1284 4548 regum
1303 4471 1423 4531 lactari
1437 4469 1603 4541 mamillis,
1625 4469 1796 4530 eructante
1809 4471 1906 4530 terrea

1120 4556 1340 4631 crassitudine
1353 4583 1547 4644 supeream,
1560 4565 1802 4643 Benedictoque
1815 4566 1906 4642 qnasi

1120 4666 1249 4728 sublato
1264 4666 1305 4726 de
1321 4664 1428 4725 medio
1451 4680 1493 4724 ex
1508 4663 1709 4739 pinguedine
1728 4662 1831 4723 multa
1851 4663 1907 4723 de·

1119 4777 1295 4838 generans,
1311 4761 1435 4836 spinas,
1450 4761 1484 4821 et
1494 4758 1634 4820 tribulos
1649 4757 1858 4834 germinavit,
1876 4761 1906 4819 et

1119 4858 1299 4921 fructiferae
1342 4857 1479 4918 arbores
1512 4855 1721 4916 luxuriantes
1756 4855 1792 4916 in
1818 4855 1902 4927 tolia,

1118 4955 1244 5018 tructus
1270 4956 1380 5016 nullos
1414 4954 1566 5040 attulere,
1603 4953 1656 5013 vel
1693 4967 1805 5026 raros;
1834 4967 1905 5042 nam

1118 5054 1218 5116 tiores
1246 5068 1359 5113 earum
1385 5051 1629 5120 emarcuerunt,
1655 5049 1688 5110 et
1716 5049 1904 5110 deciderunt

1118 5153 1294 5227 antequam
1324 5147 1548 5210 formarentur
1575 5146 1610 5206 in
1639 5144 1777 5216 tructus,
1802 5146 1904 5223 etqui

1117 5247 1295 5324 aliqnando
1310 5243 1536 5322 provenerunt
1550 5258 1593 5303 ex
1608 5242 1687 5314 illis,
1705 5245 1784 5304 ante
1799 5245 1902 5304 matu-

1116 5345 1248 5406 ritatem
1272 5343 1405 5403 omnino
1427 5341 1497 5402 lere
1520 5339 1670 5415 insipidi,
1694 5340 1727 5400 et
1749 5339 1904 5401 acidide-

1116 5440 1300 5514 fluxerunt3
1327 5439 1406 5501 vitis
1440 5451 1569 5515 quoque
1597 5437 1716 5500 Soreth
1738 5437 1774 5497 in
1798 5437 1904 5499 eodem

1114 5537 1264 5614 ¹plantata
1284 5535 1321 5595 in
1346 5535 1566 5597 amaritudine
1590 5534 1668 5594 uitis
1692 5533 1812 5595 alienae
1829 5549 1904 5596 con-

1117 5649 1225 5704 versa,
1247 5631 1492 5709 produxitnon
1516 5645 1598 5692 uvas
1623 5621 1829 5708 praecoquas,
1852 5633 1902 5694 sed
