4018 6320
287 309 347 370 815
512 324 519 342 ·
704 384 706 411 ,
902 311 1080 371 HONORII
1102 312 1148 370 111
1169 312 1317 372 OPERA.
1868 309 1925 372 816

286 468 424 532 lienrici
451 467 594 532 illustris
623 468 804 545 anglorum
839 471 939 546 regis,
975 485 1077 532 sexa·
1133 470 1254 532 cuntur
1277 469 1487 532 decernimus
1512 471 1698 548 pervenire.
1714 470 1924 532 Decernimus

144 603 152 617 «
244 631 247 636 ,
286 568 379 643 ginta
408 566 449 627 de
483 567 614 629 redditu
648 571 720 643 ejus
755 566 795 627 da
830 559 1000 628 bondonia
1038 566 1077 627 de
1132 567 1806 643 ergo,utnulliomninohominum,etc.‚
1825 583 1925 641 usque
1999 591 2000 594 ¹

286 665 383 725 tlrma
405 663 1077 753 0131131331333133313131311333331-
1133 663 1317 740 profutura,
1343 663 1438 724 salva
1462 663 1557 724 Sedis
1583 663 1782 741 apostolicae
1811 666 1924 724 aucto-

284 761 398 823 ritatis
443 762 591 823 Winton.
617 764 755 838 Insuper
775 763 1079 824 autemconsuetu-
1132 762 1242 824 ritate.
1268 761 1317 822 Ad
1352 760 1512 821 indicium
1538 762 1649 822 autem
1673 761 1775 836 hujus
1799 775 1820 820 a
1845 760 1923 820 Sede

285 859 379 919 dines
410 858 509 930 illas,
541 875 622 936 quas
654 858 775 920 nobilis
801 861 855 920 313
876 859 1074 931 Willelmus,
1131 859 1322 935 Apostolica
1336 861 1499 935 perceptae
1511 859 1685 930 libertatis,
1698 857 1923 934 etquodprae-

284 957 497 1018 Pictavorum
519 971 649 1029 comes,
673 956 816 1018 habebat
836 958 871 1018 in
893 957 1015 1018 loresta
1037 957 1077 1018 de
1132 956 1236 1017 latum
1269 957 1506 1018 monasterium
1532 956 1575 1017 sit
1596 957 1685 1032 juris
1716 955 1805 1016 beati
1838 955 1925 1015 Petri

283 1057 420 1129 Argent,
433 1053 585 1115 ecclesiae
598 1055 711 1115 Fontis
724 1054 867 1115 Ebraudi
880 1055 1028 1126 contulit,
1046 1055 1078 1115 et
1132 1070 1233 1112 unum
1256 1069 1394 1114 aureum
1417 1052 1513 1114 nobis
1541 1053 1732 1128 nostrisque
1753 1067 1924 1112 successo-

283 1151 391 1212 loeum
415 1151 565 1226 magistri
581 1151 733 1213 ciliberti
749 1151 788 1213 de
805 1155 910 1213 Boseo
930 1151 970 1213 de
992 1154 1076 1212 casa
1133 1149 1225 1211 ribus
1253 1151 1351 1210 annis
1386 1150 1528 1226 singulis
1554 1149 1762 1227 persolvetis.
1796 1149 1830 1210 Si
1861 1164 1924 1224 qua

282 1264 356 1308 oum
370 1248 580 1324 pertinentiis
594 1249 675 1320 suis,
692 1265 764 1326 quae
787 1248 873 1309 idem
895 1248 1075 1310 Gilibertus
1131 1249 1233 1324 igitur
1262 1248 1295 1308 in
1324 1247 1481 1320 futurum,
1513 1249 1588 1320 etc,
1612 1262 1719 1322 aesque
1745 1245 1922 1323 subjaceat.

280 1345 316 1404 in
331 1345 527 1411 castellaria
543 1346 582 1406 de
598 1347 682 1406 casa
698 1346 731 1406 et
743 1345 874 1406 castell.
890 1362 933 1407 ex
948 1347 1077 1407 Sareio·
1131 1347 1275 1418 cunctis,
1293 1347 1370 1418 etc,
1386 1361 1494 1420 usque
1505 1345 1692 1406 inveniant.
1708 1347 1824 1406 Amen.

280 1457 355 1503 rum
377 1443 525 1502 fidelium
545 1442 722 1518 largitione
745 1444 958 1520 acquisierat,
974 1448 1006 1506 et
1025 1445 1073 1505 te·
1169 1444 1261 1504 Nulli
1277 1459 1368 1520 erge,
1394 1447 1471 1515 etc„
1502 1443 1589 1504 hanc
1618 1442 1775 1518 paginam
1804 1443 1922 1502 nostra

280 1539 390 1611 nebat,
408 1539 630 1601 obedientiam
647 1540 686 1601 de
699 1542 852 1617 cupario,
870 1542 903 1602 et
917 1541 1076 1602 obedien·
1130 1541 1365 1612 concessionis,
1377 1543 1439 1602 etc.
1453 1540 1487 1601 Si
1501 1541 1575 1616 quis
1592 1541 1715 1611 autem,
1734 1541 1797 1600 etc.
1809 1537 1922 1600 Datum

168 1665 169 1668 ¹
279 1637 361 1698 tiam
383 1654 456 1714 quae
481 1641 531 1699 est
558 1639 593 1698 in
621 1637 745 1699 1033313
771 1638 811 1698 13
842 1641 953 1700 Monte
980 1639 1075 1700 Rivel
1130 1631 1804 1711 13131331,11111333333111,33303030.

278 1734 366 1810 apud
382 1751 424 1794 ex
440 1737 556 1796 Sareio
572 1738 678 1812 Hyon,
694 1737 727 1797 et
748 1737 824 1797 octo
845 1736 969 1797 solidos
991 1753 1074 1799 cen-

279 1832 391 1892 suales
407 1833 657 1908 Andagavensis
681 1835 822 1895 1303313
847 1834 903 1911 qui
929 1835 1012 1897 liunt
1035 1834 1075 1894 de

276 1929 384 1991 tribus
407 1930 621 1992 Bondelleriis
644 1931 730 2008 apud
753 1932 880 1992 Bellum
904 1933 1026 2006 Pracll,
1043 1934 1075 1994 31
1478 1891 1578 1977 CXV

277 2031 642 2090 Brancamcurvamet
661 2029 885 2091 deJalberalt.
1128 2042 1180 2101 aa
1218 2043 1264 2102 Η,
1300 2044 1593 2117 Baraeaataasem
1639 2040 1673 2101 et
1717 2039 1922 2115 manistram

317 2127 483 2186 Praeterea
498 2125 694 2194 molendina
704 2127 744 2187 de
757 2127 913 2189 Mirobelt
926 2127 960 2188 in
977 2143 1076 2188 casa·
1167 2142 1199 2200 J,
1223 2139 1345 2199 Barat,
1375 2139 1684 2200 cathalaunensem
1709 2139 1920 2198 archid-taco-

276 2223 388 2282 mento
412 2224 501 2298 regis
523 2224 610 2300 apud
635 2225 746 2285 Bituni
773 2225 972 2296 existentia,
1001 2241 1073 2301 quae
1168 2251 1252 2297 31333
1267 2238 1301 2298 et
1312 2237 1490 2296 delatorem
1503 2235 1822 2296 cathalaunensem.

275 2320 513 2380 Arclrimbaud.
539 2321 579 2381 de
605 2321 715 2382 Soliac
734 2323 766 2384 et
785 2322 873 2384 lilius
900 2325 973 2399 ejus
1001 2323 1073 2384 cilo
1404 2367 1437 2423 lt
1456 2367 1550 2423 marm
1566 2365 1644 2422 itti.

276 2417 812 2481 01311331133331333131333330
827 2419 1074 2485 rationabiliter

277 2516 525 2587 concesserunt,
542 2519 574 2577 et
589 2515 683 2576 bonae
700 2517 868 2578 memoriae
885 2516 1073 2578 Ludovicus

276 2613 442 2690 quondam
458 2613 599 2674 illustris
615 2616 819 2675 Francorum
836 2631 909 2687 rex,
922 2614 962 2676 de
977 2617 1073 2691 cujus
1129 2617 1183 2674 bat
1201 2617 1228 2672 ei
1251 2615 1428 2688 provinciam
1443 2613 1616 2672 informandi
1633 2613 1668 2670 de
1683 2614 1718 2671 113
1733 2629 1796 2686 quae
1810 2613 1862 2670 Th.
1874 2628 1919 2669 eo·

275 2710 373 2771 sendo
396 2709 529 2772 suerent
553 2711 666 2787 scripti
691 2711 739 2772 tui
765 2713 887 2788 pagina
902 2711 1074 2774 roboravit
1163 2719 1225 2761 mes
1245 2705 1399 2776 Ctffllflssifl
1420 2705 1449 2761 5¹¹
1471 2703 1738 2760 ⁰5V1²⁸¹0Tf00ess⁸i
1760 2708 1920 2774 fflsslflfflllfl

276 2809 458 2870 secundum
473 2809 633 2881 tenorem,
651 2809 706 2887 qui
727 2810 762 2870 jn
785 2813 857 2886 ejus
873 2811 995 2886 scripto
1011 2825 1074 2871 au,
1163 2793 1292 2849 libertate
1307 2791 1499 2849 ecclesiastica
1518 2797 1718 2861 attentaverat,
1734 2798 1764 2848 31
1773 2793 1919 2848 veritatem

273 2907 421 2969 thentico
443 2908 633 2969 continetur
647 2907 740 2968 vobis
758 2907 975 2969 nihilominus
990 2924 1073 2968 con·
1163 2879 1316 2939 adsedem
1332 2879 1526 2954 AP⁰S²⁰¹i⁰⁰¹¹¹
1540 2878 1692 2936 'emendi'

276 3005 459 3065 firmamus.
478 3005 512 3066 Si
528 3005 602 3082 quis
620 3021 699 3066 vero
722 3005 868 3066 fidelium
885 3005 1071 3067 devotionis
1167 3007 1346 3078 Honorius,
1359 3009 1434 3078 313,
1453 3006 1582 3068 dilectis
1598 3005 1677 3066 filiis
1690 3008 1730 3066 li.
1745 3006 1915 3081 Burdoga-

276 3103 399 3164 intuitu
421 3102 565 3180 aliquem
585 3104 693 3164 locum
716 3103 811 3165 vobis
830 3099 1019 3175 contulerit,
1036 3105 1071 3164 in
1126 3105 1228 3177 lensi,
1257 3109 1290 3167 et
1311 3106 1471 3181 magistro
1492 3107 1522 3168 J.
1539 3104 1639 3164 Barat
1661 3101 1915 3165 cathalaunensi

276 3216 340 3276 quo
353 3201 536 3262 oratorium
545 3200 656 3261 velitis
670 3201 864 3262 construere
874 3200 915 3260 ad
926 3203 1071 3262 vestram
1126 3203 1374 3274 archidiacone,
1405 3204 1473 3264 et...
1501 3201 1630 3263 cantori
1649 3201 1914 3272 cathalaunensi,

277 3297 533 3372 postulationem
560 3312 679 3374 aquam
701 3297 919 3370 benedictam,
945 3298 978 3358 et
1003 3299 1070 3360 alia
1126 3299 1267 3361 salutem
1281 3300 1313 3360 et
1325 3299 1549 3376 apostolicam
1562 3299 1838 3362 benedictionem.

275 3395 496 3470 competentia
511 3393 606 3456 vobis
620 3395 847 3456 ecclesiastica
862 3397 1070 3458 sacramenta
1166 3400 1306 3458 Gravem
1321 3395 1522 3458 venerabilis
1539 3395 1651 3458 fratris
1666 3397 1810 3457 nostri...
1825 3396 1916 3472 epis-

275 3491 519 3569 archiepiscopi
545 3493 577 3553 et
601 3493 747 3570 episcopi
779 3493 813 3552 in
843 3509 981 3569 quorum
1011 3510 1072 3570 pa·
1125 3493 1199 3572 copi
1210 3493 1578 3570 Trecensisrecepimus
1594 3494 1822 3570 quaestionem,
1834 3492 1915 3568 qnod

275 3589 391 3652 rochia
413 3590 500 3649 idem
523 3589 615 3650 locus
632 3587 729 3652 luerit
746 3589 944 3667 episcopalis
969 3589 1071 3651 oldcii
1126 3609 1198 3654 cum
1208 3591 1398 3668 jurisdictio
1414 3591 1612 3652 clericorum
1623 3607 1693 3651 suae
1708 3591 1871 3661 110303313,
1885 3589 1915 3650 31

276 3687 388 3749 debito
400 3687 494 3748 vobis
510 3687 633 3765 absque
653 3688 803 3748 molestia
819 3687 1015 3762 largiantur.
1126 3689 1268 3750 aliorum
1290 3690 1402 3761 etiam,
1427 3689 1482 3766 qui
1509 3689 1706 3765 delinquunt
1730 3687 1914 3756 incivitate
1999 3711 2000 3714 “

315 3788 402 3846 Sane
431 3786 600 3846 novalium
630 3786 828 3854 vestrorum,
859 3787 934 3856 etc,
965 3801 1071 3860 usque
1125 3787 1291 3854 Trecensi,
1306 3787 1470 3864 pertineat
1490 3785 1531 3848 ad
1551 3785 1714 3856 eumdem,
1730 3785 1852 3846 nobilis
1867 3785 1915 3846 rir

274 3884 465 3960 praesumat.
495 3883 774 3954 Quemadmodum
804 3884 913 3944 autem
944 3899 1002 3944 303
1029 3883 1070 3944 ab
1125 3885 1185 3946 Th.
1210 3900 1320 3944 comes
1344 3885 1545 3961 campaniae,
1563 3884 1649 3944 sicut
1664 3882 1832 3952 convenit,
1855 3897 1916 3943 non

274 3981 364 4042 omni
386 3981 560 4041 exactione
583 3981 706 4041 liberas
722 3996 796 4041 esse
815 3981 1002 4052 statuimus,
1024 3981 1070 4042 ita
1126 3982 1298 4044 attendens
1314 3981 1399 4058 quod
1421 3981 1517 4042 laicis
1537 3996 1637 4057 super
1656 3981 1819 4051 ecclesiis,
1841 3995 1915 4056 per-

274 4077 375 4138 etiam
393 4078 575 4138 servientes
597 4080 726 4138 vestros
752 4078 875 4154 absque
900 4077 1070 4154 inquietu-
1126 4080 1227 4151 sonia,
1245 4080 1299 4142 331
1320 4080 1420 4141 rebus
1444 4079 1682 4140 ecclesiasticis
1702 4078 1794 4138 nulla
1810 4078 1853 4139 sit
1867 4079 1916 4138 at-

275 4176 353 4236 dine
368 4174 534 4251 obsequiis
556 4175 795 4235 vestrislibere
813 4191 933 4236 vacare
948 4191 1069 4236 cense—
1124 4177 1247 4238 tributa
1276 4177 1437 4253 potestaS,
1465 4191 1546 4253 quos
1576 4175 1778 4252 obsequendi
1808 4174 1917 4234 menet

275 4289 361 4344 mus,
382 4274 417 4333 ut
432 4273 509 4332 dum
530 4272 565 4332 in
588 4273 724 4333 33331110
743 4274 855 4332 333130
872 4289 1069 4350 permanse-
1125 4276 1308 4336 necessitas
1332 4289 1397 4334 non
1420 4274 1601 4334 auctoritas
1627 4271 1826 4348 imperandi,
1851 4271 1914 4331 bu-

272 4371 343 4432 3131
357 4370 451 4432 inulti
473 4370 680 4430 sacerdotum
696 4370 736 4430 ad
753 4386 891 4447 quorum
913 4371 1069 4446 parochia
1120 4371 1267 4448 jusmodi
1270 4371 1535 4447 jurisdictionem
1546 4373 1791 4446 ejusenervans
1803 4385 1916 4445 quem-

274 4465 856 4545 spectarenoscuntur,lassiteosad
869 4467 1069 4529 oblationem
1125 4470 1200 4530 dam
1220 4469 1389 4540 clericum,
1416 4484 1513 4545 quem
1529 4468 1562 4528 in
1585 4468 1723 4528 mortem
1737 4482 1832 4526 suam
1848 4482 1916 4526 ma·
1999 4463 2000 4470 ’

273 4566 337 4626 3111
361 4565 583 4626 exhibendam
603 4565 812 4642 compellere,
832 4564 940 4626 33131
958 4567 1070 4641 sepul·
1125 4566 1294 4628 chinatum
1310 4581 1384 4625 esse
1405 4565 1546 4638 dicebat,
1568 4580 1675 4641 nuper
1689 4564 1724 4623 in
1744 4565 1915 4638 contemp-

272 4667 382 4724 turam
405 4666 520 4724 contra
542 4679 657 4724 eornm
679 4663 829 4740 recipere
851 4663 1067 4734 voluntatem,
1124 4666 1192 4726 tum
1212 4663 1271 4724 Dei
1292 4666 1324 4724 et
1339 4663 1576 4724 ecclesiasticae
1590 4661 1754 4723 libertatis
1770 4675 1916 4738 persuos

1160 2489 1279 2554 [Regest.,
1292 2489 1337 2540 lib.
1348 2489 1391 2546 lx,
1404 2489 1478 2554 epist.
1492 2489 1547 2538 ael.
1559 2491 1617 2540 1133.
1629 2490 1664 2548 l,a
1674 2488 1751 2539 Porto
1765 2485 1799 2538 dn
1809 2487 1900 2551 rhein]

272 4759 330 4820 sed
359 4759 467 4834 potius
493 4761 521 4820 si
544 4761 631 4836 apud
653 4776 712 4822 vos
737 4759 871 4836 sepeliri
894 4760 1066 4836 elegerint,
1123 4762 1201 4824 lecit
1236 4761 1398 4837 captivari
1433 4759 1578 4832 balivos,
1610 4775 1708 4836 quem
1732 4775 1805 4820 cum
1832 4759 1915 4818 idem
1999 4819 2000 4828 ,

272 4857 414 4918 liberum
437 4857 480 4919 sit
493 4858 678 4933 capellanis
693 4859 813 4919 vestris
830 4858 870 4918 ad
886 4857 1069 4920 consessio·
1123 4862 1297 4936 episcopus
1320 4875 1339 4919 a
1358 4858 1445 4920 dicto
1470 4857 1589 4918 comite
1619 4873 1677 4918 ore
1706 4857 1841 4932 proprio
1865 4869 1915 4915 re-

270 4972 347 5018 nem
373 4955 533 5034 recipere,
564 4957 792 5032 paenitentiam
825 4955 917 5023 dare,
947 4973 1068 5034 eosque
1124 4957 1292 5034 quisisset,
1308 4956 1340 5016 31
1354 4957 1490 5032 paratus
1506 4955 1603 5026 esset,
1619 4954 1751 5030 cognita
1765 4953 1913 5021 33311313,

271 5054 403 5115 tradere
428 5053 619 5129 sepulturae.
644 5055 853 5130 sepulturam
870 5069 999 5130 quoque
1015 5054 1068 5131 ip·
1123 5055 1163 5115 de
1179 5055 1249 5132 ipso
1264 5053 1451 5114 festinatam
1459 5051 1811 5132 justitiamexhibere,
1822 5051 1914 5128 prout

271 5151 1068 5225 siusloci,etc,asqzmassumuntur.llassane
1124 5153 1164 5214 ad
1194 5151 1382 5228 episcopale
1418 5150 1564 5211 osticium
1597 5147 1801 5225 pertinebat,
1832 5147 1913 5208 idem
1999 5213 2000 5218 ,

270 5249 494 5323 indulgentias
524 5264 590 5309 non
615 5249 722 5309 solum
747 5249 788 5309 ad
814 5249 926 5310 30313
948 5251 1066 5326 capite,
1124 5249 1276 5311 comesid
1293 5245 1913 5310 311133333033013330103030333-

272 5346 328 5407 sed
343 5345 382 5406 ad
397 5345 464 5406 alia
481 5346 580 5407 etiam
595 5347 797 5407 monasteria
811 5347 937 5408 ordinis
953 5348 1065 5420 333131,
1123 5349 1180 5419 311,
1195 5363 1310 5408 rerum
1322 5345 1421 5406 etiam
1433 5344 1590 5405 clericum
1602 5343 1720 5421 ipsum,
1733 5359 1808 5404 cum
1821 5357 1914 5420 appa-

271 5459 345 5522 quae
380 5443 421 5502 ad
444 5443 553 5503 minus
579 5443 737 5520 triginta,
771 5443 823 5503 vel
848 5444 1068 5520 qnadraginta
1123 5446 1216 5508 rebat
1241 5459 1375 5515 corona,
1401 5442 1516 5503 eodem
1545 5443 1700 5518 episcopo
1726 5441 1914 5503 incivitate
1999 5513 2000 5518 ἵ

271 5540 588 5612 sanctimonialium,
612 5541 664 5602 331
680 5541 823 5618 amplius
845 5541 968 5603 habere
989 5559 1069 5604 con·
1124 5544 1380 5614 morante,ausu
1392 5541 1557 5616 sacrilego
1570 5538 1710 5600 distrahi
1722 5537 1801 5600 lecit
1810 5537 1911 5614 equis,
1999 5557 2000 5614 3

270 5641 417 5708 ventum,
438 5639 649 5717 vostrumque
668 5639 816 5702 ordinem
834 5655 970 5701 servare
987 5657 1068 5702 nos·
1124 5643 1156 5702 et
1171 5639 1379 5718 postmodum
1390 5639 1425 5699 in
1437 5637 1569 5714 publico
1581 5635 1652 5698 loro
1666 5634 1822 5712 suspendi
1837 5635 1913 5696 mul·
