4104 6330
118 363 173 426 fro
727 363 955 426 EPISTOLAE.
979 363 1056 426 ΜΒ.
1079 365 1134 428 VI.
1696 368 1754 430 fra

117 539 195 592 mus,
223 539 396 585 monemus
424 523 458 585 ef
482 523 701 585 exhortamur
730 523 904 598 attentius,
960 525 1022 586 fris
1052 523 1115 587 fuit
1143 526 1349 604 propositum
1385 541 1497 588 coram
1536 527 1643 600 nohis,
1669 524 1755 605 quod

117 623 274 700 qnatenus
288 622 543 699 praeposituram
558 620 742 698 prefatam,
758 621 799 683 ob
812 636 908 684 reve·
961 621 1048 683 idem
1070 639 1132 684 rex
1152 637 1212 700 per
1237 624 1399 686 Graeciam
1417 624 1595 686 transitum
1615 625 1754 697 faciens,

116 719 254 782 rentiam
269 719 357 782 beati
381 719 471 781 Petri
487 719 520 780 et
543 720 702 792 nostram,
728 720 906 797 praeposito
961 719 1038 781 dum
1059 718 1185 782 rediret
1199 721 1240 782 de
1261 721 1411 798 partibus
1432 721 1677 802 transmarinis,
1692 725 1757 784 As-

116 818 243 880 rostitui
273 817 378 878 facias
409 818 603 878 memorato.
641 818 760 880 ilatum
786 817 903 890 Alatri,

116 916 154 976 vi
166 915 232 977 kal.
246 915 348 994 junii,
363 930 451 976 auno
463 914 570 977 sexto.

412 1183 606 1271 CXCVIII

116 1337 163 1397 Aa
179 1337 407 1396 Arscstcrtscm
426 1335 460 1396 ct
484 1331 795 1408 Weradelsnscasrm
817 1334 908 1408 cpis-

188 1447 290 1506 copos
304 1431 338 1494 cf
352 1431 539 1494 sacristam
552 1435 816 1493 Romanensem.

398 1562 432 1622 27
449 1561 518 1620 maii
536 1561 617 1620 1222.

229 1683 454 1751 [submisimus
466 1685 495 1736 af
504 1685 655 1745 cammah,
668 1685 714 1746 11,
726 1685 793 1748 ita]

116 1811 153 1869 lle
166 1809 279 1869 indrea
296 1809 510 1884 archiepiscopo
525 1808 561 1867 ob
575 1807 761 1866 incurabilem
781 1808 908 1882 corporis

147 1898 340 1958 infirmitatem
360 1897 446 1956 officii
464 1897 614 1972 pastoralis
628 1897 790 1956 cessionem
805 1905 905 1971 peten-

146 1995 173 2046 te
186 1987 234 2046 dat
248 1988 396 2046 mandata.

149 2113 360 2178 Venerabilis
385 2113 489 2179 frater
507 2113 621 2176 noster
642 2111 829 2175 Lundensis
850 2127 908 2174 ar-

116 2213 342 2291 chiepiscopus
362 2228 422 2288 per
442 2227 519 2274 suas
534 2210 629 2272 nobis
645 2210 773 2272 litteras
794 2209 908 2270 humi-

116 2310 186 2372 liter
202 2309 460 2388 supplicavit,ut
473 2324 547 2370 cum
562 2307 741 2369 incurabili
757 2307 906 2384 corporis

116 2407 304 2470 infirmitate
323 2408 481 2484 gravatus
502 2405 641 2484 exsequi
663 2405 807 2484 nequeat
828 2403 905 2466 ofd-

118 2505 197 2566 cium
226 2505 397 2583 pastorale
430 2505 615 2566 cessionem
647 2505 719 2580 ejus
756 2503 907 2580 recipere

117 2601 338 2680 dignaremur,
354 2619 418 2664 usu
441 2601 504 2664 sibi
525 2599 765 2678 pontificalium
782 2599 908 2661 nihilo-

117 2701 219 2762 minus
251 2700 438 2762 reservato.
469 2699 539 2760 Nos
567 2699 672 2776 igitur
702 2695 811 2760 debito
843 2696 907 2757 sihi

117 2798 350 2874 compatientes
365 2797 498 2866 affectu,
513 2795 714 2858 fraternitati
730 2795 851 2857 vestrae
867 2793 907 2856 de

118 2910 174 2972 qua
188 2895 325 2973 plenam
343 2895 378 2956 in
394 2895 533 2956 Domino
549 2893 704 2954 fiduciam
721 2892 906 2954 obtinemus

118 3007 171 3068 per
181 2992 373 3070 apostolica
389 2992 514 3069 scripta
526 2990 734 3062 mandamus,
746 2991 907 3067 quintanas

119 3090 260 3151 eumdem
278 3089 567 3167 archiepiscopum
581 3089 626 3160 ut,
640 3085 668 3148 sl
687 3102 832 3164 unquam
847 3103 909 3164 po-

118 3187 185 3260 test,
199 3188 349 3250 officium
366 3186 535 3264 pastorale
550 3200 616 3246 non
630 3182 757 3246 deferat
770 3199 908 3246 monea-

118 3284 155 3345 tis
170 3286 362 3362 prudenter,
377 3286 410 3347 el
427 3283 608 3345 efficaciter
625 3281 801 3345 inducatis.
816 3279 906 3354 Quod

119 3381 144 3441 si
166 3383 264 3445 alifer
285 3399 360 3444 esse
382 3398 448 3443 non
471 3380 578 3459 potest
598 3381 671 3442 vice
699 3383 813 3441 nostra
833 3395 908 3441 ces-

119 3479 236 3542 sionem
264 3480 468 3557 recipientes
500 3477 659 3558 ejusdem,
682 3477 714 3540 ei
747 3477 906 3538 debonis

118 3578 260 3642 ecclesiae
285 3577 473 3639 Lundensis
498 3577 586 3638 unde
611 3575 781 3637 commode
796 3563 907 3637 valeat

119 3677 303 3748 sustentari,
321 3674 496 3752 prouidere
511 3673 645 3736 surella.
657 3673 807 3750 capitulo
823 3689 907 3751 quo-

119 3789 174 3850 que
194 3775 302 3852 ipsius
323 3773 473 3834 ecclesiae
488 3771 671 3849 injungatis
692 3771 729 3832 ut
742 3785 802 3848 per
818 3770 907 3832 elec-

119 3870 232 3932 tionem
252 3871 450 3932 canonicam
471 3869 512 3931 de
533 3883 674 3946 persona
697 3867 817 3930 idonea
842 3867 905 3928 sihi

118 3968 148 4028 et
157 3969 306 4030 ecclesiae
322 3985 392 4030 suae
404 3967 578 4046 provideat
590 3967 624 4026 in
640 3966 818 4044 pastorem,
831 3981 905 4044 quae

119 4066 201 4127 tanto
216 4065 381 4145 congruat
397 4065 493 4128 oneri
513 4066 546 4127 et
564 4063 696 4126 honori.

153 4164 268 4226 Datum
282 4162 401 4238 Alatri,
413 4165 457 4224 VI
470 4161 630 4224 kalendas
639 4160 751 4241 junii.

432 4447 584 4545 CXCIX

119 4611 166 4671 Ad
178 4611 393 4688 Apmcrascm,
405 4611 605 4670 Vaaiaasem
615 4606 650 4670 et
661 4563 913 4672 Varadieasem

414 4709 607 4782 episcopos.

394 4837 430 4895 rs
449 4837 518 4894 maii
539 4835 617 4894 1222.

121 4961 240 5025 [Ἡιοίηοῃ
251 4964 419 5014 linamente
429 4959 669 5024 tridentinorum,
679 4963 698 5009 t.
707 4957 762 5023 l,p.
771 4956 811 5020 33,
822 4954 905 5020 ndi]

121 5083 227 5146 lisndat
249 5095 281 5146 ut
302 5081 456 5145 informent
472 5083 514 5143 de·
533 5082 714 5157 sponsalibus
739 5079 816 5140 Belia
835 5095 903 5138 con·

285 5175 383 5234 tracho
398 5189 464 5232 cum
479 5173 572 5246 puella
586 5171 736 5246 impuberi.

156 5301 512 5379 Honoriusepiscopus,
526 5314 642 5360 servus
651 5312 824 5360 servorum
835 5295 905 5370 Dei,

121 5400 359 5462 uenerabilibus
392 5398 588 5460 iratribus...
622 5395 796 5472 figmensi,
825 5397 909 5455 Wa-

123 5493 905 5572 eiemfetwaraoiensiepiseopis,salutem,etc.

158 5597 205 5656 fix
217 5597 313 5672 parte
327 5593 449 5656 nobilis
464 5592 529 5655 uiri
543 5595 580 5654 B.
597 5591 667 5654 nati
689 5589 855 5652 carissimi
873 5589 907 5651 iu

125 5691 246 5756 ChrIsto
260 5693 321 5755 filii
337 5691 481 5755 nostrl...
503 5691 592 5768 regis
610 5689 791 5766 Hungariae
806 5685 906 5750 illus-

961 815 1075 889 charo,
1092 815 1169 877 darm
1189 817 1297 880 adhuc
1320 817 1391 895 lpse
1415 817 1566 896 impuber
1584 819 1755 893 existeret,

961 912 1059 974 fldem
1072 913 1172 986 dedit,
1185 913 1270 992 quod
1284 929 1358 976 cum
1371 915 1462 976 illius
1473 915 1542 976 fllia
1555 916 1758 978 infraannos'

961 1009 1092 1073 nubiles
1125 1012 1281 1074 existenti
1314 1013 1527 1075 matrimonio
1566 1015 1753 1091 copularet,

962 1123 1050 1170 nunc
1064 1124 1145 1171 vero
1160 1109 1267 1172 dictus
1281 1110 1360 1172 iicet
1375 1111 1409 1171 in
1429 1111 1527 1174 aetate
1539 1110 1662 1172 tenella
1680 1127 1755 1173 cum

961 1205 1073 1284 puella
1092 1206 1207 1268 eadem
1225 1205 1396 1284 sponsalia
1410 1209 1643 1279 contraxisset,
1654 1223 1756 1285 quum

961 1303 1002 1365 ad
1016 1303 1221 1380 pubertatem
1235 1295 1436 1380 pervenerit,
1451 1305 1664 1378 matrimonio
1675 1321 1757 1368 con·
1805 1311 1807 1322 “

961 1401 1105 1473 tradicit,
1122 1401 1294 1464 humiliter
1314 1403 1525 1479 postulando,
1544 1404 1582 1465 ut
1605 1403 1668 1465 sibi
1694 1405 1757 1466 tri-

961 1498 1280 1560 buamuslicenfiam
1291 1499 1332 1561 ab
1343 1499 1533 1577 hujusmodi
1544 1501 1755 1578 sponsalibus

961 1595 1149 1669 recedendi,
1164 1597 1197 1660 et
1211 1597 1428 1659 contrahendi
1444 1613 1518 1658 cum
1541 1599 1619 1670 alia,
1638 1599 1678 1660 de
1691 1614 1756 1676 qua

962 1695 1070 1771 major
1089 1695 1194 1771 possit
1208 1694 1335 1757 utilitas
1357 1711 1460 1772 regno
1484 1695 1634 1758 Francius
1653 1695 1757 1776 (Hun-

961 1787 1079 1868 gariaa)
1091 1791 1279 1867 provenire.
1291 1791 1374 1864 QuIa
1386 1806 1466 1853 sero
1477 1791 1572 1853 nobis
1583 1808 1650 1854 non
1663 1808 1757 1854 cons·

961 1887 1029 1950 tifit
1048 1887 1089 1948 de
1107 1887 1300 1964 praemissis,
1324 1888 1527 1951 fraternitati
1543 1895 1673 1962 vestras,
1699 1897 1757 1966 per

962 1985 1150 2062 Apostolica
1179 1985 1302 2062 scripta
1340 1987 1549 2060 mandamus,
1580 1989 1752 2064 quatenus,

961 2083 1088 2144 vocatis
1096 2084 1153 2161 qui
1164 2081 1288 2145 fuerint
1299 2084 1512 2156 evocandi,et
1526 2084 1686 2161 inquisita
1701 2101 1753 2145 su·
1852 2089 1856 2096 '

962 2193 1022 2259 per
1044 2181 1097 2242 his
1122 2181 1327 2256 diligentius,
1348 2181 1382 2243 et
1403 2181 1536 2256 cognita
1555 2181 1706 2254 veritate,
1725 2179 1754 2243 si

962 2277 1149 2340 constiterit
1170 2278 1215 2340 ita
1231 2293 1316 2351 esse,
1331 2278 1490 2355 praedicto
1503 2279 1539 2339 Β.
1554 2279 1757 2356 postulatam

961 2377 1131 2438 licentiam
1155 2375 1355 2438 concedatis
1394 2377 1485 2448 Quod
1520 2375 1549 2437 si
1584 2389 1650 2438 non
1683 2391 1758 2438 om-

962 2489 1032 2546 nes,
1051 2475 1113 2535 etc.
1137 2473 1255 2536 Datum
1281 2471 1399 2546 Alatri,
1418 2475 1446 2536 V
1467 2470 1634 2535 kalendas
1657 2473 1759 2552 junii,

962 2585 1050 2634 anno
1066 2570 1173 2634 sexto.

1330 2795 1388 2884 CC

961 2949 1014 3010 Aa
1027 2949 1212 3021 episcopas,
1226 2947 1365 3008 abbates
1383 2949 1418 3009 ct
1430 2949 1571 3020 pmores
1586 2948 1623 3007 ta
1638 2948 1758 3008 diaece-

1001 3047 1094 3106 aibas
1116 3044 1236 3106 Sancti
1257 3046 1418 3117 Andreae,
1441 3046 1637 3121 amassem,
1665 3047 1758 3106 Daca—

1001 3145 1131 3205 bctdca.
1568 3157 1569 3160 ¹

1245 3218 1282 3280 30
1299 3219 1367 3276 mali
1387 3219 1466 3278 itti.

1025 3341 1179 3408 [nagistrum
1198 3343 1222 3395 S.
1235 3341 1321 3394 aare
1333 3343 1365 3392 ds
1377 3341 1509 3402 Naubotle,
1519 3341 1575 3402 202,
1585 3357 1611 3392 n.
1622 3341 1692 3406 tib]

962 3458 1077 3518 blandai
1092 3466 1120 3516 st
1133 3457 1261 3533 precipit
1274 3463 1305 3515 ut
1320 3455 1584 3530 malefactorespul
1598 3457 1756 3532 possesslo·

997 3562 1049 3606 nes
1072 3549 1119 3606 vel
1143 3561 1188 3604 res
1214 3545 1331 3622 fratrum
1360 3547 1527 3604 monasterii
1547 3547 1583 3604 de
1605 3546 1756 3618 Noubotle,

996 3635 1194 3697 cisterciensis
1203 3634 1320 3704 ordinis,
1333 3637 1509 3703 invaserunt,
1519 3634 1631 3708 publice
1642 3649 1757 3692 excom·

995 3725 1198 3783 mmicadonis
1210 3725 1351 3782 saumatis
1368 3725 1531 3797 percellant.

1001 3850 1133 3928 Repetit
1154 3849 1321 3912 Honorius
1337 3849 1513 3928 epistolam
1533 3849 1574 3911 ad
1591 3849 1759 3912 Eberhar-

961 3947 1038 4010 dum
1047 3947 1334 4026 archfepiscopum
1346 3947 1653 4024 salzeburgensem,
1662 3949 1703 4010 20
1713 3948 1757 4010 fe-

959 4044 1089 4107 bruarii
1104 4047 1193 4106 1222.

1000 4143 1076 4206 Non
1090 4140 1215 4222 absque
1229 4143 1356 4218 dolore,
1374 4143 1438 4206 etc.
1449 4141 1533 4206 Vide
1551 4157 1664 4224 supra.

1315 4357 1396 4450 aci

1054 4513 1106 4574 Ad
1120 4487 1379 4573 archidiaconos
1395 4509 1599 4570 lismensem
1612 4521 1654 4570 ac

1197 4609 1441 4677 Scaoaeasem,
1461 4604 1524 4666 etc.

1254 4735 1288 4794 31
1302 4735 1370 4793 maii
1386 4735 1469 4795 fars.

961 4853 1097 4918 [bouquet.
1111 4851 1169 4904 llec.
1185 4851 1228 4902 des
1238 4850 1314 4908 ilisa,
1323 4855 1343 4901 t.
1357 4851 1425 4911 xix,
1436 4849 1532 4916 pith
1545 4848 1760 4916 herenthals,

1281 4922 1356 4986 epist.
1370 4921 1439 4986 tlh]

942 5025 946 5070 Γ
962 5029 1189 5089 Recrudescente
1204 5029 1277 5087 iuter
1287 5027 1514 5088 Gulllelmnmde
1529 5030 1683 5101 Silllniaoo,
1702 5032 1756 5090 Pa·

996 5120 1147 5178 risiensem
1161 5120 1338 5192 episcopum,
1356 5133 1390 5176 ac
1405 5122 1595 5193 magistroset
1609 5119 1757 5178 scholares

997 5207 1081 5266 studii
1106 5197 1289 5266 Parisiensis'
1308 5207 1441 5278 dissidio,
1477 5207 1631 5280 prudenter
1659 5215 1758 5266 monet

997 5297 1140 5354 Honorius
1168 5303 1208 5366 ut,
1232 5303 1299 5354 ante
1321 5297 1430 5370 negotii
1452 5295 1638 5365 decisionem,
1653 5295 1758 5355 laisein

998 5385 1152 5458 magistros
1171 5393 1199 5442 et
1213 5385 1360 5443 scholares
1374 5384 1680 5442 excommunicahonis
1690 5400 1757 5444 sen-

998 5475 1093 5533 tentiaa
1118 5489 1177 5532 non
1192 5480 1260 5532 rate
1278 5473 1447 5544 habeantur,
1463 5480 1492 5530 et
1512 5473 1624 5531 interim
1636 5475 1761 5547 partium

997 5563 1060 5638 jura
1073 5563 1229 5622 constituit.

1003 5690 1170 5765 Honorius
1194 5689 1419 5768 episcopus...,
1450 5689 1580 5752 dilectIs
1596 5657 1758 5752 dliisite-
