4018 6320
63 399 122 458 801

65 559 276 632 tumcumque
290 553 468 630 religiosus
488 553 621 625 existat,
642 551 707 614 nisi
727 554 858 630 juratus

63 652 265 730 deposuerit,
290 653 325 712 in
349 653 488 715 alterius
511 650 741 728 praejudicinm
761 649 860 711 debet

65 749 168 812 credi.
198 751 317 810 Datum
352 749 519 822 Laterani,
554 747 707 810 kalendis
734 747 857 820 martii,

64 863 155 909 anno
170 863 257 909 nono
273 845 334 929 (1).

450 1086 477 1175 G

191 1243 243 1302 Ad
256 1243 423 1302 decanum
437 1239 728 1300 suessionensem.

350 1380 363 1435 l
379 1377 474 1435 martti
488 1376 568 1434 1225.

86 1503 209 1567 [Regem
221 1499 266 1552 lib.
277 1501 322 1560 ix,
333 1499 407 1565 epist.
419 1499 476 1550 284.
488 1501 546 1551 diss.
560 1501 596 1550 La
605 1501 681 1550 Porto
692 1497 727 1550 dn
739 1498 833 1562 rheu]

64 1633 198 1708 Indulget
212 1633 239 1691 ei
253 1639 285 1692 ut
303 1631 440 1706 quamdiu
461 1631 490 1689 in
509 1629 630 1690 ecclesia
646 1630 857 1700 Suessionensi‚

96 1729 215 1796 propter
226 1720 398 1779 discordiam
413 1721 486 1778 inter
500 1721 578 1794 ipsos
592 1728 620 1776 et
634 1720 712 1778 cives
727 1719 856 1778 Suessio-

95 1825 204 1868 nenses
214 1817 352 1880 exortam,
364 1809 490 1866 residere
505 1823 562 1866 non
573 1817 678 1882 posset,
695 1809 724 1866 in
737 1808 858 1866 ecclesia

95 1897 281 1956 Laudunensi
294 1897 401 1971 degere
414 1898 515 1971 possit.

100 2041 856 2120 Honoriusepiscopns,servusservorumDei,

63 2141 185 2202 dilecto
200 2139 304 2200 tilio...
320 2140 446 2201 decano
458 2139 703 2213 suessionensi,
717 2138 858 2202 salutem

63 2241 95 2299 et
105 2237 334 2315 apostolicam
347 2236 623 2299 benedictionem.

101 2336 140 2395 ln
165 2336 281 2396 nostra
305 2334 506 2411 proposuisti
528 2333 707 2412 praesentia
729 2335 857 2398 consti-

63 2433 163 2504 tutus,
181 2432 267 2509 quod
281 2448 355 2493 cum
367 2433 403 2494 tu
416 2448 455 2493 ac
468 2447 584 2494 omnes
599 2431 857 2497 suessionenses

64 2529 217 2591 canonici
238 2529 350 2607 elapso
369 2532 439 2606 jam
461 2529 605 2590 secundo
622 2545 709 2590 auno
724 2530 858 2608 propter

64 2626 265 2688 discordiam
275 2627 363 2690 inter
373 2643 432 2688 vos
448 2627 481 2689 et
495 2627 584 2688 cives
601 2628 857 2689 Suessionenses

63 2725 225 2798 exortam,
256 2725 491 2788 suessionensi
527 2725 677 2786 exieritis
710 2725 855 2798 civitate,

64 2838 100 2883 ac
114 2825 150 2883 in
167 2822 239 2900 ipso
255 2823 347 2884 exitu
363 2823 521 2885 statutum
542 2822 642 2884 suerit
660 2838 679 2884 a
700 2824 855 2900 capitulo,

66 2923 99 2981 ut
113 2921 344 2998 unusquisque
360 2921 494 2982 interim
517 2921 703 2981 moraretur
717 2919 752 2980 in
771 2920 855 2994 loce,

65 3033 159 3093 quem
179 3017 245 3078 sibi
265 3017 371 3093 magis
395 3017 551 3078 idoneum
576 3017 756 3093 reputaret,
771 3018 858 3079 tem-

65 3131 142 3192 pore
170 3131 236 3192 quo
263 3115 398 3192 propter
422 3114 615 3192 praedIotam
639 3129 775 3176 causam
799 3130 857 3176 vos

65 3211 219 3274 absentes
247 3227 320 3273 esse
351 3212 560 3288 contingeret
584 3227 644 3290 pro
674 3212 857 3273 residentia

66 3311 226 3388 reputato,
251 3310 289 3371 tu
316 3310 357 3371 ad
386 3311 639 3371 Laudunensem
668 3310 855 3382 ecclesiam,
912 3361 919 3374 .

66 3411 156 3485 cujus
174 3423 211 3468 es
227 3408 418 3480 canonicus,
436 3408 619 3480 accessisti,
636 3406 784 3469 facturus
799 3408 858 3468 iu-

64 3503 157 3566 terim
173 3507 265 3565 tuam
278 3505 494 3566 residentiam
507 3505 541 3565 in
554 3505 681 3569 eadem.
696 3507 857 3568 Gaeterum

66 3601 260 3677 quibusdam
276 3603 392 3664 contra
410 3603 442 3664 te
459 3601 753 3674 murmurantibus,
772 3603 856 3680 quod

66 3715 135 3760 cum
152 3699 322 3777 juraveris
348 3699 582 3761 suessionensi
606 3699 755 3761 ecclesiae
772 3701 858 3761 resi-

66 3795 220 3870 dentiam,
233 3813 300 3858 non
312 3797 408 3858 licuit
418 3797 478 3858 tibi
491 3795 638 3858 residere
651 3797 686 3857 in
699 3797 857 3874 praedicta

67 3895 275 3956 Laudumensi
291 3895 445 3967 ecclesia,
460 3911 535 3956 oum
554 3911 620 3956 non
637 3895 746 3971 possis
760 3895 857 3955 simul

66 3991 230 4069 duplicem
240 3992 350 4054 facere
361 3993 591 4068 residentiam;
604 3993 681 4053 aliis
691 4008 770 4054 vero
781 4009 858 4054 sen-

67 4089 224 4151 tientibus
239 4093 466 4168 jnramentum
489 4090 681 4167 hup'usmodi
703 4107 769 4155 non
794 4090 857 4152 ob-

66 4187 159 4260 stare,
178 4187 259 4266 quin
274 4187 379 4250 libere
395 4189 501 4265 possis
517 4187 551 4249 in
566 4189 708 4250 ecclesia
724 4189 858 4250 Laudu-

67 4287 157 4346 nensi
186 4285 401 4347 residentiam
437 4285 559 4358 facere,
600 4287 758 4364 quamdiu
790 4303 857 4348 non

67 4385 153 4458 potes
171 4385 207 4444 in
226 4384 457 4446 suessionensi
477 4384 620 4446 ecclesia
641 4385 800 4456 residere,
821 4387 858 4447 tu

67 4479 99 4540 in
124 4479 330 4542 dubitatione
357 4497 416 4558 per
439 4481 631 4559 hujusmodi
659 4483 857 4544 sententiam

69 4573 151 4657 (stc),
181 4579 354 4641 varietatis
380 4579 551 4649 inductus,
584 4579 795 4657 supplicasti,
820 4581 858 4642 ut

70 4689 163 4752 super
185 4676 249 4737 boc
269 4678 359 4738 tuam
384 4677 595 4754 complanare
619 4679 857 4740 conscientiam

69 4769 289 4848 dignaremur.
315 4777 395 4834 Cum
418 4790 499 4851 ergo
523 4775 673 4837 ecclesiae
703 4775 858 4838 suessio-

69 4871 158 4931 nensi
180 4871 265 4934 nibil
288 4872 455 4950 depereat,
481 4873 509 4934 si
526 4873 651 4934 resides
669 4873 704 4936 in
725 4873 858 4935 Laudu-

70 4969 157 5028 ueusi
173 4969 326 5041 ecclesia,
348 4970 425 5030 dnm
447 4970 595 5031 residere
612 4971 647 5031 in
663 4971 735 5048 ipsa
756 4973 858 5033 snes-

684 391 911 454 EPISTOLAE.
935 391 1012 452 LIB.
1037 391 1092 456 lx.

1647 384 1707 456 soa

1286 554 1335 642 CI

913 711 964 769 Ad
977 675 1187 784 moptstrum
1201 707 1235 767 ct
1249 705 1382 780 fratres
1396 706 1517 765 donares
1525 705 1560 766 S.
1577 704 1705 766 Martae

1161 803 1456 864 anacronismum.

1190 932 1207 990 3
1228 929 1416 988 maturitas.

907 1046 909 1050 '
1021 1055 1280 1121 [wirtembergisches
1294 1055 1407 1114 un.,1u‚
1422 1054 1597 1120 resume]

1012 1181 1060 1238 llis
1070 1180 1197 1238 decimas
1207 1178 1242 1236 de
1257 1178 1432 1238 lierenkeim
1445 1178 1603 1236 conllrmet.

953 1314 1703 1394 Honoriusepisoopus,servusservorumnei,

912 1415 1042 1476 dilectis
1068 1413 1146 1477 tiliis
1175 1413 1333 1488 magistro
1354 1413 1387 1473 et
1409 1410 1569 1473 tratribus
1591 1411 1707 1472 domus

914 1513 947 1572 s.
963 1511 1079 1572 Mariae
1099 1509 1392 1578 Tbeutonioorum,
1409 1509 1562 1580 salutem,
1577 1509 1639 1569 etc.

951 1609 1057 1670 Justis
1082 1607 1264 1684 petentium
1290 1605 1629 1680 desideriis-dignum
1654 1605 1708 1665 est

912 1721 973 1768 nos
999 1703 1131 1766 facilem
1159 1703 1308 1780 praebere
1334 1718 1521 1773 assensum,
1547 1703 1580 1763 et
1615 1703 1704 1774 vota,

911 1819 1020 1882 quaea
1044 1802 1184 1864 rationis
1200 1800 1331 1863 tramite
1354 1815 1420 1861 non
1435 1798 1638 1867 discordant,
1654 1798 1706 1859 et-

912 1901 999 1964 tectu
1014 1899 1234 1977 prosequente
1254 1898 1431 1974 complere.
1449 1899 1643 1973 Eupropter,
1661 1896 1708 1956 di-

912 1998 988 2061 lecti
1003 1998 1038 2058 in
1053 1997 1192 2058 Domino
1216 1995 1289 2068 filii,
1304 1995 1424 2057 vestris
1435 1994 1537 2071 justis
1552 1992 1706 2070 precibus

912 2095 1081 2167 inclinati,
1110 2094 1256 2156 decimas
1278 2093 1319 2153 de
1343 2091 1553 2162 Merenkein,
1576 2091 1707 2152 vobisa

910 2193 1094 2255 venerabili
1107 2192 1209 2260 tratre
1218 2191 1369 2252 nostre...
1384 2189 1539 2266 episcopo
1550 2187 1709 2265 Herbipo÷

911 2291 1008 2362 lensi,
1023 2290 1161 2366 capituli
1188 2289 1241 2353 sui
1255 2287 1433 2350 accedente
1449 2301 1629 2356 consensu,
1654 2285 1710 2361 pia

910 2389 1112 2450 liberalitate
1121 2387 1272 2458 collatas,
1281 2384 1533 2460 sicuteasjuste,
1547 2383 1709 2444 canonice

911 2502 951 2548 ac
977 2485 1115 2563 pacifice
1143 2483 1338 2564 possidetis,
1372 2480 1468 2543 vobis
1504 2481 1537 2542 et
1565 2496 1625 2557 per
1650 2495 1710 2542 vos

911 2583 1023 2646 domui
1035 2583 1156 2644 vestrae
1172 2579 1370 2642 auctoritate
1380 2579 1571 2656 apostolica
1586 2577 1711 2639 contir-

912 2695 1041 2742 mamus
1057 2679 1089 2740 et
1099 2678 1273 2756 praesentis
1287 2677 1402 2754 scripti
1413 2675 1600 2754 patrocinio
1612 2691 1707 2737 com-

912 2778 1090 2842 munimus.
1108 2777 1200 2838 Nulli
1226 2791 1305 2852 ergo
1327 2776 1462 2836 omnino
1478 2774 1649 2834 hominurn
1664 2772 1708 2832 li-

911 2878 985 2938 ceat
1009 2875 1096 2936 hano
1116 2874 1271 2951 paginam
1293 2877 1416 2934 nostrae
1447 2869 1709 2938 confirmationis

911 2972 1104 3047 intringere,
1116 2970 1171 3032 vel
1184 2971 1215 3030 ei
1231 2986 1314 3030 ausu
1328 2969 1507 3031 temerario
1527 2966 1706 3034 contraire,

913 3069 1038 3152 Siquis
1056 3069 1166 3128 autem
1184 3065 1248 3127 hoc
1267 3067 1431 3128 attentare
1446 3065 1706 3140 praesumpserit,

910 3161 1709 3242 indignationemomnipotentisDeietbeatorum

911 3264 1002 3325 Petri
1015 3263 1048 3324 et
1071 3262 1168 3323 Pauli
1195 3261 1421 3338 apostolorum
1443 3262 1515 3336 ejus
1531 3275 1566 3320 se
1579 3259 1712 3321 noverit

911 3375 1134 3423 incursurum.
1151 3359 1269 3432 Datum
1285 3357 1452 3426 Laterani,
1469 3360 1611 3419 Vnouas
1622 3371 1708 3417 mar·

911 3459 961 3528 tii,
973 3457 1185 3536 pontificatus
1198 3455 1303 3522 nostri
1323 3470 1411 3518 anno
1425 3469 1524 3518 nono.

1272 3733 1342 3820 CII

940 3889 991 3948 Ad
1008 3885 1163 3948 abbatem
1181 3885 1214 3946 et
1229 3884 1435 3945 conventum
1449 3883 1568 3945 sancit
1582 3883 1684 3944 Petri

1208 3981 1409 4040 Garrdcasis.

1201 4111 1218 4168 3
1233 4109 1326 4166 martii
1339 4108 1417 4167 1225.

913 4235 1058 4297 [tectiorem
1074 4233 1161 4284 chart,
1174 4233 1206 4284 do
1216 4232 1332 4298 l'abbaye
1345 4231 1377 4283 do
1387 4231 1523 4291 St-Pierre,
1540 4233 1594 4292 lta,
1603 4247 1629 4282 n.
1638 4231 1706 4295 tls]

964 4358 1149 4418 Dittinitivam
1171 4359 1344 4416 sententiam
1367 4371 1454 4430 super
1478 4357 1652 4429 sepulturam

1045 4446 1233 4520 quorumdum
1248 4446 1397 4504 bominum
1412 4444 1571 4503 confirmat.

950 4583 1118 4646 Honorius
1129 4583 1314 4661 episcopus,
1325 4595 1622 4643 servusservorum
1632 4581 1703 4654 Dei,

912 4681 1042 4744 dilectis
1054 4679 1133 4742 liliis
1149 4677 1262 4740 abbati
1278 4680 1309 4740 et
1325 4677 1504 4739 conventui
1518 4678 1631 4739 sancti
1646 4681 1706 4740 Pe-

910 4779 954 4841 tri
974 4777 1170 4850 (laudensis,
1191 4775 1334 4838 salutem
1354 4775 1387 4838 et
1405 4775 1627 4852 apostolicam
1642 4775 1704 4838 be-

910 4876 1145 4938 uediotionem.

951 4975 1069 5034 Cuma
1092 4971 1189 5034 nobis
1209 4971 1332 5048 petitur
1354 4970 1440 5050 quod
1456 4972 1583 5048 justum
1607 4973 1705 5034 estet

70 5064 210 5128 sionensi
223 5083 289 5128 non
304 5069 408 5144 potes,
430 5068 627 5146 auctoritate
641 5070 856 5146 praesentium
910 5072 1097 5140 honestum,
1118 5072 1186 5132 tam
1205 5069 1302 5144 vigor
1317 5068 1484 5145 aequitatis
1504 5085 1603 5145 quam
1624 5068 1705 5131 ordo

69 5160 122 5222 tibi
137 5164 292 5225 duximus
306 5166 563 5238 concedendum,
580 5168 616 5229 ut
630 5167 788 5244 quamdiu
802 5183 858 5229 re·
909 5169 1015 5244 exigit
1032 5167 1186 5238 rationis,
1204 5167 1240 5227 ut
1258 5165 1291 5226 id
1305 5180 1366 5242 per
1384 5165 1641 5227 sollicitudinem
1655 5166 1707 5228 ot·

71 5259 171 5322 sidere
184 5261 219 5322 in
233 5263 465 5325 suessionensi
477 5263 619 5325 ecclesia
635 5280 702 5325 non
715 5263 854 5337 valebis,
911 5265 977 5326 licii
992 5265 1097 5326 nostri
1111 5264 1151 5325 ad
1163 5263 1310 5325 debitum
1323 5262 1524 5340 perducatur
1539 5261 1702 5326 eflectum.

70 5355 123 5416 tibi
139 5359 237 5422 liceat
247 5360 282 5420 in
295 5361 471 5438 saepedicta
485 5359 697 5422 Laudunensl
714 5363 856 5424 ecclesia
910 5362 1119 5440 Exposuistis
1132 5377 1213 5422 sane
1226 5360 1321 5422 nobis
1334 5359 1420 5437 quod
1432 5362 1504 5421 orta
1515 5358 1592 5421 olim
1607 5377 1708 5439 super

71 5453 220 5518 residere.
242 5457 359 5519 Datum
379 5457 548 5532 Laterani,
565 5458 718 5521 kalendis
731 5459 853 5534 martii,
910 5459 1082 5539 sepultura
1102 5459 1321 5537 quorumdam
1341 5457 1524 5530 hominum,
1545 5458 1634 5522 inter
1648 5477 1708 5522 vos

72 5563 152 5614 anno
168 5570 266 5617 nono.
910 5574 954 5622 ex
964 5559 1144 5635 parteuna,
1154 5559 1187 5618 et
1198 5555 1377 5618 canonicos
1388 5556 1519 5620 sanctae
1530 5557 1706 5630 Pareildis,

106 5709 145 5782 (t)
165 5711 235 5770 Vide
248 5713 380 5784 minium
396 5713 636 5786 compilationem,
651 5714 699 5772 lib.
717 5717 752 5784 ll,
769 5715 811 5773 tit.
830 5731 879 5786 ιιι,
901 5715 1206 5787 nezemuisclen.

261 5851 379 5896 rurnon.
396 5851 470 5896 rous
484 5839 532 5900 lv.
1464 5838 1498 5900 26
