4108 6328
1685 405 1745 468 sis
1770 430 1774 439 ·

722 366 956 472 ¹arnsronau.
980 409 1060 471 ma.
1083 411 1122 470 ιι.

101 413 164 472 ula

100 585 216 632 coram
251 569 358 642 nobis,
381 569 481 630 nimis
507 567 622 631 stricte
647 565 896 645 interpretando
992 565 1236 630 Votaiidelium
1257 563 1413 644 pietatem
1428 564 1742 638 insecoutinsntia,

99 668 345 743 indulgentiam
369 668 518 728 nostram
533 679 719 736 asseruere,
736 665 821 742 quod
838 679 897 742 per
951 665 1070 742 quibus
1094 667 1239 726 maxime
1263 663 1400 726 libertas
1427 664 1620 740 inquiritur,
1641 675 1743 739 quum

99 779 178 826 eam
197 763 347 840 praedicti
372 763 492 826 iratres
519 765 640 839 praeter
654 762 894 839 episcoporum,
951 759 1144 824 favorabilis
1160 777 1215 823 res
1235 762 1360 835 existit,
1377 762 1491 824 lavore
1506 763 1583 821 sunt
1596 773 1745 835 congruo

98 861 272 933 abbatum,
288 864 320 923 et
336 861 479 922 aliorum
497 860 710 937 praelatorum
724 873 897 920 assensum
951 859 1193 936 prosequenda,
1218 875 1345 936 nosque
1360 860 1442 936 ipsis
1466 860 1619 919 tenemur
1631 862 1742 934 Apos-

98 958 215 1019 iacere
237 959 299 1018 nor
324 973 390 1018 non
410 959 565 1034 possunt;
586 955 721 1033 propter
739 957 824 1033 quod
840 969 896 1016 eos
951 957 1086 1018 tolicum
1116 955 1308 1032 praesidium
1337 957 1512 1033 impertiri.
1542 953 1634 1016 Unde
1666 954 1745 1016 licet

98 1053 274 1114 celebrare
292 1055 389 1130 juxta
413 1053 654 1128 indulgentiam
674 1053 896 1128 apostolicam
951 1053 1250 1130 supplicationibus
1278 1054 1440 1130 porrectis
1464 1052 1559 1114 nobis
1583 1065 1682 1127 super
1699 1051 1745 1112 li-

98 1167 168 1211 non
191 1151 395 1227 permittunt.
413 1153 493 1210 Cum
508 1151 631 1222 autem,
656 1149 684 1210 si
709 1165 763 1210 res
785 1150 897 1210 taliter
951 1151 1187 1228 bertatequam
1203 1149 1324 1211 nobilis
1335 1149 1388 1211 vir
1402 1155 1439 1210 ii.
1451 1148 1741 1220 comes-Forensis,

98 1263 137 1307 se
160 1247 311 1319 haberet,
328 1248 413 1308 nibil
430 1249 480 1309 eis
504 1247 671 1308 conterret
691 1246 896 1322 induigentia
951 1263 1053 1324 nepos
1068 1250 1155 1320 tuus,
1168 1247 1358 1308 hominibus
1372 1248 1463 1308 villae
1479 1247 1592 1308 saneti
1606 1249 1741 1321 Ragna-

97 1347 297 1417 memorata,
316 1347 388 1406 sine
414 1361 479 1422 qua
505 1345 538 1404 id
567 1345 743 1420 episcopis,
767 1346 800 1406 et
820 1343 896 1405 aliis
950 1344 1049 1416 berti,
1066 1344 1099 1406 et
1123 1345 1355 1422 parochiarum
1371 1359 1518 1416 suarum,
1535 1343 1665 1406 scilicet
1678 1345 1744 1403 Bo-

96 1443 251 1519 praelatis
280 1441 503 1504 annuentibus
527 1441 644 1502 liceret
667 1441 803 1514 eisdem,
833 1439 897 1502 ira·
952 1443 1103 1515 neronis,
1142 1442 1321 1510 Gbamblte,
1360 1441 1474 1502 Sancti
1511 1440 1680 1518 cypriani,
1709 1438 1744 1500 et

98 1538 254 1601 ternitati
269 1540 333 1600 tuae
349 1554 410 1616 per
420 1538 611 1616 apostolica
625 1537 748 1614 scripta
758 1537 897 1598 manda·
952 1540 1065 1600 Sancti
1089 1531 1177 1602 iusti
1203 1540 1245 1601 ad
1276 1539 1513 1601 monasterium
1544 1537 1587 1598 de
1622 1536 1743 1598 Sancto

98 1651 189 1708 mus,
215 1639 379 1712 quatenus
405 1635 679 1711 interpretatione
707 1633 896 1712 bipusmodi
952 1636 1162 1712 Ragneberto
1201 1638 1424 1714 spectantium
1450 1635 1572 1696 intuitu
1609 1633 1741 1710 pietatis
1773 1711 1776 1720 Ι

99 1731 293 1808 reprobata,
315 1733 391 1792 dum
413 1733 524 1794 tamen
546 1732 587 1793 ab
612 1722 699 1803 aliis,
727 1747 800 1808 quae
820 1735 896 1808 jure
950 1734 1095 1808 gratuita
1110 1733 1265 1796 libertate
1290 1733 1415 1796 dieitur
1436 1729 1629 1802 indulsisse,
1644 1730 1684 1790 de
1699 1729 1744 1788 ii-

96 1829 287 1905 parochiali
322 1831 533 1906 proveniunt,
562 1845 597 1888 se
622 1845 759 1906 prorsus
788 1829 895 1890 absti-
950 1829 1126 1892 beralitate
1151 1829 1341 1892 dubitantes
1378 1830 1493 1892 eadem
1529 1843 1548 1888 a
1578 1825 1743 1904 principio

95 1925 217 1998 neant;
235 1925 345 1986 datam
373 1926 422 1986 eis
440 1927 488 1987 sic
512 1925 681 1986 licentiam
706 1925 895 1986 celebrandi
951 1925 1104 1987 difficiles
1118 1926 1307 1998 fuissemus,
1323 1927 1364 1988 de
1379 1926 1451 2002 ipso
1465 1927 1575 1985 tamen
1595 1925 1743 1998 pertuas

96 2023 300 2082 auctoritate
325 2025 439 2083 nostra
463 2039 528 2082 non
554 2022 689 2083 differas
714 2023 894 2098 publicare,
951 2023 1144 2098 eteiusdem
1161 2024 1291 2084 comitis
1305 2023 1434 2084 litteras
1449 2011 1741 2100 certioreseffecti,

96 2117 146 2178 ita
166 2119 253 2194 quod
275 2119 354 2180 dicti
370 2119 489 2180 iratres
505 2120 650 2196 aliquam
664 2135 707 2180 ex
720 2119 897 2195 indulgen·
951 2119 1117 2192 praedictis
1129 2119 1435 2197 supplicationibus,
1450 2113 1741 2192 devotioneipsius

96 2213 146 2274 tia
162 2218 278 2276 nostra
293 2216 472 2277 videantur
485 2216 521 2276 in
541 2215 603 2276 hoc
616 2215 757 2291 gratiam
774 2231 895 2276 conse·
951 2216 1080 2277 comitis
1104 2218 1464 2293 approbataduximus
1486 2213 1662 2290 benignius
1685 2227 1745 2274 an·
1783 2203 1792 2215 '

97 2312 180 2372 cuti.
197 2314 315 2373 Datum
326 2314 440 2384 Reate,
471 2313 671 2374 Visaiendas
686 2311 893 2388 septembris,
951 2315 1130 2374 nuendum.
1156 2315 1304 2390 Denique
1326 2315 1411 2375 sicut
1432 2329 1492 2390 per
1519 2313 1648 2373 litteras
1672 2325 1743 2372 eas·

98 2423 191 2469 anno
205 2409 343 2470 decimo.
950 2411 1024 2471 dem
1039 2411 1215 2472 didicimus
1227 2427 1328 2488 quum
1343 2411 1517 2472 comitibus
1539 2409 1741 2471 Forensibus

949 2508 1016 2570 tuis
1031 2509 1063 2568 et
1077 2508 1184 2583 ipsius
1207 2509 1337 2569 comitis
1354 2507 1619 2585 progenitoribus
1635 2505 1671 2567 in
1685 2505 1743 2566 ho-

950 2605 1087 2667 noribus
1107 2605 1195 2666 villae
1210 2604 1377 2681 praedictae
1399 2605 1511 2668 Sancti
1527 2601 1741 2679 Ragneberti,

950 2706 983 2766 et
1006 2703 1104 2764 dictis
1127 2702 1296 2780 parochiis
1321 2703 1405 2762 nibil
1421 2703 1508 2779 juris
1528 2695 1740 2777 competeret,

950 2799 1167 2860 nibilominus
1200 2799 1374 2860 occasione
1403 2799 1561 2860 custodiae
1593 2797 1742 2856 locorum

950 2896 1108 2972 ipsorum,
1125 2909 1224 2972 quam
1249 2895 1350 2956 iidem
1374 2893 1561 2954 habuerant
1586 2891 1628 2952 ab
1650 2889 1741 2950 anti-

951 3009 1026 3069 que,
1043 3007 1130 3068 saepe
1151 3007 1270 3068 graves
1289 2992 1389 3053 talias
1412 2991 1574 3052 dictorum
1593 2988 1742 3048 locorum

950 3087 1140 3150 bominibus
1168 3090 1283 3150 contra
1309 3092 1424 3160 Deum,
1441 3088 1474 3150 et
1493 3085 1657 3164 justitiam
1677 3083 1743 3144 im-

951 3185 1127 3262 ponebant,
1151 3187 1184 3247 et
1207 3186 1274 3248 alia
1298 3187 1347 3246 eis
1375 3183 1521 3246 indebita
1547 3180 1743 3258 gravamina

951 3281 1153 3359 irrogabant.
1180 3285 1303 3344 Verum
1343 3281 1501 3360 praelatus
1541 3293 1651 3342 comes
1686 3277 1741 3354 pio

951 3381 1133 3458 inspiratus
1159 3379 1280 3443 affectu
1303 3380 1344 3440 de
1362 3377 1540 3457 praeteritis
1559 3377 1687 3447 dolens,
1711 3375 1744 3435 et

951 3493 1053 3554 super
1066 3477 1189 3540 tuturis
1200 3479 1336 3555 cupiens
1348 3475 1598 3553 gravaminibus
1614 3488 1744 3550 praeca-

951 3591 1029 3638 vere
1043 3589 1085 3635 ne
1106 3576 1142 3635 in
1162 3589 1258 3634 usum
1273 3575 1306 3636 et
1324 3573 1596 3636 consuetudinem
1618 3567 1741 3631 abusus

951 3665 1141 3749 hujusmodi
1156 3669 1328 3733 deveniret
1342 3671 1382 3731 de
1394 3671 1452 3730 tuo
1469 3668 1620 3739 consilio,
1637 3669 1671 3730 et
1684 3681 1740 3728 as-

952 3785 1062 3840 sensu,
1080 3785 1155 3829 cum
1171 3771 1243 3845 ejus
1265 3768 1472 3828 dioecesanus
1494 3766 1618 3828 existas
1630 3777 1689 3840 pro
1704 3777 1741 3822 se

952 3879 991 3925 ac
1005 3864 1253 3924 successoribus
1275 3865 1346 3924 suis
1360 3863 1484 3934 tallias,
1500 3865 1532 3924 et
1546 3859 1742 3938 gravamina

952 3962 1110 4038 praedicta
1144 3961 1284 4032 remisit,
1306 3961 1437 4037 plenam
1463 3959 1649 4020 libertatem
1674 3957 1745 4017 eis-

952 4057 1026 4118 dem
1062 4058 1146 4118 locis
1174 4058 1208 4120 et
1237 4057 1426 4119 hominibus
1452 4055 1673 4127 concedendo,
1710 4054 1744 4116 et

952 4154 1038 4231 prod
1064 4151 1157 4215 nulio
1180 4155 1329 4232 tempore
1352 4155 1599 4217 contraveniret
1626 4167 1662 4214 se
1688 4165 1745 4212 as-

951 4252 1070 4314 trinxit
1090 4252 1224 4313 vinculo
1245 4253 1438 4330 juramenti,
1475 4253 1633 4322 statuens,
1656 4247 1744 4326 quod

952 4349 1005 4409 sui
1020 4363 1231 4410 successores
1248 4352 1281 4412 et
1292 4350 1417 4427 posteri
1432 4349 1590 4425 praestare
1605 4344 1745 4407 debeant

953 4446 1062 4506 simile
1077 4448 1323 4523 jusjurandum.
1340 4447 1379 4507 at
1393 4447 1470 4522 quia
1493 4445 1588 4522 proni
1604 4443 1682 4504 sunt
1701 4441 1743 4502 ad

953 4543 1077 4604 malum
1105 4543 1256 4604 homines
1281 4543 1489 4620 potiusquam
1510 4541 1551 4602 ad
1575 4540 1697 4602 bonum
1712 4539 1745 4600 et

953 4639 1066 4715 plures
1092 4642 1179 4711 sunt,
1207 4640 1264 4717 qui
1292 4640 1574 4716 praedecessorum
1608 4651 1745 4699 suorum

953 4751 1020 4796 non
1045 4737 1185 4798 virtutes
1212 4737 1269 4798 sed
1291 4737 1374 4798 vitia
1400 4737 1583 4809 imitantur,
1600 4751 1675 4797 cum
1703 4735 1743 4795 de

953 4835 1006 4895 die
1027 4835 1162 4895 indiam
1177 4837 1299 4896 caritas
1316 4835 1521 4910 refrigescat,
1536 4835 1569 4898 et
1583 4833 1743 4911 iniquitas

953 4932 1099 4994 abundet
1123 4932 1314 5005 multorum,
1337 4933 1534 4994 auctoritate
1555 4931 1743 5009 Apostolica

456 2631 546 2718 XXI

202 2783 255 2843 Ad
275 2785 489 2844 &rainelmum
504 2785 797 2857 archiepiscopum

397 2882 600 2942 Remcnsea.

367 3009 403 3066 30
422 3009 536 3082 augusti
551 3007 630 3068 tait.

204 3130 341 3193 [Shevalea
357 3131 453 3182 bullar.
469 3131 605 3190 Francisc„
618 3132 638 3189 i,
651 3131 690 3189 22,
704 3145 729 3180 n.
743 3131 796 3196 au]

100 3255 220 3314 iiandat
244 3255 459 3329 archiepiscopo
482 3256 625 3323 ltemansi,
638 3261 670 3312 ut
692 3255 836 3312 sinistram
851 3255 893 3312 in·

136 3343 370 3414 turpi-elationem
396 3339 538 3413 predictae
567 3343 763 3398 concessionis
787 3355 803 3398 a
832 3342 894 3414 qui·

135 3429 258 3488 busdam
281 3431 428 3486 inventam
450 3429 618 3488 auctoritate
637 3429 801 3502 Apostolica
815 3443 893 3488 com·

136 3526 248 3592 pascat,
263 3526 292 3575 et
318 3517 419 3576 iratres
442 3519 471 3574 in
497 3519 632 3576 exercitio
658 3519 800 3592 privilegii
817 3534 894 3577 con·

135 3613 244 3664 servet.

139 3731 310 3793 Honorius
321 3733 506 3810 episcopus,
518 3748 635 3794 servus
644 3749 815 3796 servorum
824 3735 894 3806 Dei,

91 3829 287 3891 venerabili
317 3829 413 3890 tratri
447 3831 699 3908 archiepiscopo
727 3832 894 3906 Remensi,

102 3928 243 3988 salutem
255 3925 288 3988 et
299 3926 523 4003 Apostolicam
533 3927 808 3990 benedictionem.

140 4027 179 4085 in
206 4023 366 4100 hisquae
393 4023 435 4084 ad
460 4025 585 4086 cultum
610 4025 759 4086 divinum
785 4024 897 4086 iacere

102 4119 353 4196 dignoscuntur,
379 4121 454 4191 etc,
477 4123 516 4181 ut
530 4125 568 4182 ia
579 4123 791 4195 praecedenti
804 4126 897 4198 epis-

103 4216 180 4280 tola.
195 4217 314 4280 Datum
324 4219 439 4288 Reate,
452 4219 498 4279 iii
513 4218 674 4280 kalendas
688 4219 894 4298 septembris,

102 4313 314 4388 pontificatus
324 4313 431 4376 nostri
441 4330 529 4376 anno
544 4315 682 4376 decimo.

444 4571 556 4659 XXII

165 4726 219 4784 Ad
239 4725 533 4797 archiepiscopum
553 4725 826 4799 Lrtgduneesem.

369 4852 531 4934 ddaugusti
552 4852 631 4910 itit.

129 4977 250 5040 magnai,
262 4975 307 5026 lib.
320 4973 354 5038 X,
370 4975 443 5040 epist.
454 4973 494 5024 33.
512 4975 569 5026 liss.
586 4977 623 5026 La
637 4977 712 5026 Porta
727 4977 761 5026 du
776 4975 870 5042 Thali]

105 5100 157 5158 Dat
181 5101 208 5157 ei
233 5106 261 5156 et
282 5099 495 5158 successoribus
514 5099 575 5173 ejus
600 5101 776 5174 provinciam
798 5101 895 5159 delen·

137 5188 223 5246 dandi
235 5203 268 5246 ac
283 5189 545 5246 tuendilibertatem
558 5204 645 5262 quam
655 5191 788 5248 Forensis
800 5205 898 5248 comes

140 5275 305 5336 hominibus
319 5277 393 5335 villae
407 5279 502 5336 Sancti
518 5277 691 5351 linguebant
706 5287 896 5337 concesserat.

144 5414 311 5474 Honorius
320 5414 506 5491 episcopus,
517 5429 633 5476 servus
644 5417 895 5489 servorumDei,

106 5510 288 5572 venerabili
313 5511 460 5572 fratri...
486 5511 739 5588 archiepiscopo
763 5514 899 5589 Lugdu-

107 5609 213 5681 nensi,
230 5609 422 5672 salutemet
442 5609 668 5686 apostolicam
687 5609 896 5673 benedictio·

109 5719 192 5766 nem.

953 5029 1084 5090 delendi
1100 5030 1205 5092 voluit
1225 5029 1310 5107 quod
1335 5031 1388 5108 pie
1410 5044 1510 5108 super
1528 5031 1591 5092 hoc
1613 5027 1746 5090 duxerit

953 5125 1151 5188 iaciendum.
1165 5129 1274 5198 Quare
1289 5129 1425 5189 concedi
1440 5143 1459 5188 a
1475 5129 1569 5188 nobis
1583 5143 1642 5204 per
1656 5127 1747 5188 litte·-

952 5237 1008 5284 ras
1023 5241 1102 5286 suas
1119 5225 1289 5287 humiliter
1299 5225 1508 5303 supplicavit,
1522 5227 1558 5286 ut
1572 5227 1601 5285 si
1613 5225 1745 5301 quando

952 5321 1035 5396 ipse,
1053 5337 1092 5381 ac
1119 5337 1329 5384 successores
1351 5324 1402 5383 sui
1425 5321 1611 5382 libertatem
1633 5323 1745 5398 liujus·

953 5415 1042 5476 modi
1058 5417 1185 5478 violare
1201 5417 1483 5494 praesumpserint,
1515 5415 1744 5493 archiepisco-

952 5528 1014 5590 pus
1030 5514 1275 5588 Lugdunensis,
1293 5516 1350 5591 qui
1376 5531 1435 5590 pro
1458 5516 1606 5590 tempore
1632 5513 1744 5587 fuerit,

953 5611 1018 5672 nisi
1031 5613 1105 5688 post
1118 5612 1376 5674 admonitionem
1388 5611 1493 5688 ipsius
1502 5611 1640 5673 emenda
1650 5611 1749 5672 exhi-

952 5709 1070 5770 beatur
1082 5725 1104 5770 a
1120 5709 1282 5772 violatore
1297 5711 1487 5785 competens
1497 5709 1584 5771 inira
1601 5721 1746 5770 inensem
