4104 6330
860 276 1036 338 HONORII
1057 277 1105 338 111
1125 278 1272 340 OPERA.

248 270 305 358 119
405 361 407 368 y
1828 279 1894 342 rao

246 430 399 494 obstante
419 430 548 494 frivolae
565 431 797 509 appellationis
813 432 954 514 objectu,
972 435 1041 500 idc-
1094 438 1327 502 imminuentes
1350 437 1493 515 gratiam
1514 453 1613 516 qnam
1636 455 1794 502 exercere
1817 455 1893 502 eue-

247 528 321 590 neis
347 527 498 590 conferre
516 530 678 606 personis,
703 531 962 595 contradictores
981 550 1042 611 per
1094 536 1203 614 pimus
1217 551 1297 612 erga
1316 536 1436 613 ipsum,
1451 536 1508 597 sed
1531 553 1605 600 eam
1621 537 1662 600 de
1681 536 1890 613 benignitate

248 641 424 688 censuram
442 626 715 696 ecclesiasticam,
739 628 962 705 appellatione
985 645 1041 691 re-
1094 633 1192 696 solita
1212 633 1321 711 potius
1347 633 1556 709 ampliantes,
1583 635 1768 712 promptum
1796 633 1889 696 circa

248 723 350 794 mota,
372 739 595 800 compescens.
611 723 705 786 Nulli
719 741 809 801 erge,
826 727 902 800 etc,
918 728 1040 790 nostrae
1095 731 1317 807 receptionem
1329 730 1435 806 ipsius
1454 732 1592 808 majoris
1605 732 1638 793 et
1649 731 1793 792 sanioris
1808 747 1890 808 par-

250 820 475 882 concessionis
488 819 680 896 infringere.
699 822 734 884 Si
749 823 823 899 quis
837 825 959 896 autem,
976 826 1038 887 etc.
1095 827 1138 887 tis
1153 827 1357 904 propositum
1373 826 1487 888 favore
1500 827 1690 904 apostolico
1705 843 1890 906 prosequa-

248 917 369 978 Datnm
379 917 631 994 Anagniae,le
640 917 800 982 kalendas
815 919 1040 998 aprilis,anno
1095 939 1180 984 mur.
1204 924 1365 996 Quocirca
1385 924 1576 987 discretioni
1591 925 1657 986 tnae
1671 939 1731 1001 per
1745 924 1889 1002 Aposto-

245 1013 361 1086 ‚sexto
1096 1019 1161 1080 lica
1176 1020 1300 1097 scripte
1314 1021 1522 1094 mandamus,
1539 1023 1701 1100 qnatenus
1712 1021 1799 1098 quod
1814 1035 1890 1082 ma·

1092 1118 1148 1194 jor
1162 1119 1196 1178 et
1210 1118 1325 1180 sanior
1333 1133 1411 1194 pars
1426 1119 1546 1180 Meten.
1560 1117 1697 1195 capituli
1712 1119 1782 1180 sive
1797 1118 1888 1180 circa

1096 1211 1319 1288 receptionem
1333 1213 1453 1290 ipsine,
1470 1229 1531 1275 seu
1551 1212 1775 1290 provisionem
1795 1227 1889 1274 eam·

572 1264 725 1352 CXLIV
1096 1307 1170 1368 dem
1185 1310 1358 1386 acceptare
1375 1324 1411 1370 se
1426 1309 1559 1382 dixerit,
1577 1308 1614 1371 tu
1632 1309 1715 1370 illud
1736 1308 1887 1371 auctori·

250 1415 303 1474 Ad
322 1413 531 1489 magistrum
550 1417 852 1489 Bartholomaeum
875 1418 1042 1482 decanum
1095 1403 1163 1468 tate
1176 1406 1366 1483 Apostolica
1382 1407 1456 1466 fleri
1470 1407 1574 1468 facias
1589 1407 1622 1469 et
1636 1407 1775 1468 servari.
1794 1406 1887 1478 Quod

553 1514 736 1575 comatae.

527 1641 561 1698 le
575 1643 670 1700 martii
684 1642 763 1700 itti.

282 1763 404 1826 [liegest.,
415 1762 512 1824 libvl,
523 1765 596 1829 epist.
604 1763 660 1815 332.
671 1767 729 1818 uss.
739 1765 777 1816 La
786 1765 861 1817 Porte
871 1766 906 1816 dn
915 1766 1008 1830 rusti]

251 1889 288 1946 Ut
298 1887 373 1959 quod
382 1888 536 1960 capitulum
545 1890 726 1964 Metenerga
734 1891 886 1948 vivianum
896 1866 1041 1962 clericum,

287 1989 339 2031 seu
366 1982 481 2047 propter
505 1977 698 2048 receptionem
727 1977 755 2034 in
783 1979 967 2045 canonicum,
991 1993 1042 2036 sen

287 2069 401 2134 propter
424 2063 616 2136 provisionem
644 2063 801 2123 decreverit
824 2063 895 2136 fleri,
913 2065 997 2124 faciat
1015 2073 1046 2124 el

287 2149 405 2206 servari.

292 2277 470 2349 Honorius,
486 2277 561 2350 etc,
574 2278 693 2341 dilecto
705 2279 774 2340 filio
789 2279 950 2356 magistro
960 2283 1043 2341 Bar·

243 2371 439 2445 tholomaeo,
456 2375 581 2438 decano
597 2377 771 2438 carnoten.

293 2471 397 2541 Quum
417 2471 496 2532 olim
510 2489 570 2549 pro
589 2473 710 2536 dilecto
732 2474 801 2536 filio
816 2474 956 2538 Viviano
969 2474 1041 2536 cle-

210 2603 213 2610 ·
250 2566 333 2640 rico,
354 2570 474 2630 Meten.
494 2571 638 2647 capitulo
659 2571 918 2649 scripsissemus,
932 2573 967 2634 nt
988 2573 1042 2648 ip-

248 2680 324 2736 sum
350 2665 537 2742 reciperent
558 2668 594 2728 in
618 2669 827 2741 canonicum,
849 2670 882 2730 et
908 2669 942 2728 in
967 2669 1041 2730 fra·

1097 1501 1125 1562 si
1138 1501 1258 1563 Meteri.
1273 1502 1465 1579 capitulum,
1486 1503 1539 1564 vel
1554 1505 1662 1580 major
1676 1519 1754 1581 pars
1766 1505 1841 1580 ejus
1856 1503 1890 1564 et
1962 1563 1966 1568 .
2042 1545 2043 1612 ss

1097 1599 1255 1660 saniorin
1269 1615 1415 1661 ananiam
1428 1600 1576 1678 ejusdem
1591 1599 1705 1662 clerici
1720 1599 1889 1677 provisio·

1096 1711 1171 1756 nem
1187 1696 1320 1758 duxerit
1331 1695 1573 1768 declinandum,
1586 1696 1772 1773 quindecim
1783 1695 1889 1758 libras

1096 1793 1223 1854 usualis
1241 1795 1380 1856 monetae
1396 1793 1500 1856 facias
1514 1792 1620 1855 eidem
1634 1795 1730 1855 annis
1746 1793 1889 1870 singulis

1097 1889 1265 1962 exhibere,
1281 1891 1449 1968 quiscum
1469 1891 1510 1952 de
1519 1891 1739 1969 ,proveniensi
1753 1892 1890 1964 moneta

1097 1987 1304 2064 scripsimus,
1330 2003 1403 2049 eam
1431 1989 1578 2064 regionis
1598 1989 1763 2050 credimus
1783 2003 1889 2049 nsua-

1096 2084 1172 2156 lem,
1189 2084 1476 2146 nonobstantibus
1498 2085 1616 2147 litteris
1634 2085 1711 2146 ad...
1734 2084 1888 2147 abbatem

1098 2181 1209 2244 Sancti
1229 2181 1395 2244 vincentii
1418 2184 1537 2244 Meten.
1556 2184 1589 2244 et
1611 2183 1756 2258 collegas
1779 2183 1887 2260 ipsius

1097 2295 1198 2356 super
1223 2281 1329 2341 hoca
1359 2279 1443 2342 Sede
1468 2280 1657 2356 Apostolica
1689 2281 1885 2357 impetratis.

1097 2376 1364 2438 contradictores
1394 2393 1454 2454 per
1481 2393 1655 2440 censuram
1683 2378 1888 2439 ecclesiasti-

1097 2474 1413 2550 cam,appellatione
1426 2475 1619 2552 postposita,
1636 2475 1885 2552 compescendo.

1096 2573 1170 2632 Non
1193 2571 1344 2633 obstante
1364 2571 1597 2633 constitutione
1621 2571 1759 2634 concilii
1782 2587 1886 2648 gene-

1096 2669 1188 2740 ralis,
1206 2684 1272 2744 qna
1296 2670 1442 2738 caretur,
1457 2684 1500 2730 ne
1519 2669 1593 2745 quis
1609 2669 1695 2730 ultra
1711 2669 1792 2730 duas
1805 2668 1888 2730 dias-

249 2759 386 2834 trem...,
402 2762 520 2825 abbate
534 2765 647 2826 Sancti
663 2766 836 2827 Michaelis
852 2767 885 2826 et
903 2766 1041 2842 collegis
1096 2769 1147 2828 tas
1165 2767 1259 2828 extra
1281 2781 1376 2827 snam
1399 2766 1569 2827 dioecesim
1590 2766 1631 2826 ad
1649 2765 1812 2843 judicium
1827 2781 1887 2842 per

251 2859 321 2918 suis
347 2859 413 2920 sibi
436 2877 534 2939 super
559 2863 622 2924 hoo
646 2879 666 2924 a
689 2862 785 2924 nobis
807 2863 1041 2925 executoribus
1097 2863 1226 2926 litteras
1253 2863 1460 2940 Apostolicas
1492 2863 1581 2924 trabi
1613 2863 1728 2939 possit.
1767 2864 1886 2924 Datum

250 2952 427 3031 deputatis,
445 2973 556 3020 coram
577 2959 659 3036 ipsis
679 2961 812 3021 nomine
830 2958 935 3036 ipsius
950 2961 1043 3037 capi-
1096 2961 1267 3037 Anagniae,
1284 2962 1343 3022 XV
1358 2959 1517 3022 kalendas
1532 2960 1660 3037 aprilis,
1677 2975 1764 3021 anno
1780 2961 1884 3026 sexte.

250 3050 312 3112 tuli
327 3054 458 3115 servilis
474 3056 673 3118 conditionis
691 3057 842 3133 exceptio
856 3057 920 3118 fuit
934 3073 1040 3135 cppe-

251 3147 316 3210 sita
336 3152 451 3211 contra
465 3151 589 3228 ipsum;
606 3153 640 3213 in
656 3169 721 3230 qua
736 3153 814 3215 licet
829 3153 939 3230 ipsum
949 3155 1043 3231 capi.-

141 3295 144 3302 .
249 3245 355 3308 tulum
366 3248 498 3324 penitus
514 3249 682 3323 defuisset,
700 3250 739 3311 ad
756 3251 948 3313 instantiam
961 3252 1039 3313 tan-

250 3342 324 3403 dem
337 3342 450 3405 dilecti
465 3344 525 3405 tilii
539 3348 574 3406 Ε.
586 3347 707 3408 Meten.
724 3347 919 3423 primicerii,
933 3348 991 3424 qui
1005 3365 1041 3410 se

249 3456 309 3517 pro
335 3442 457 3502 Meton.
479 3443 628 3504 ecclesie
655 3445 869 3520 procuratore
892 3445 1038 3523 gerebat,

163 3559 167 3562 ·
248 3537 297 3600 ita
325 3538 479 3600 duximus
510 3540 759 3616 providendum,
787 3543 824 3603 nt
859 3541 1041 3618 capitulum

248 3635 358 3712 ipsum
374 3637 530 3713 praedicto
552 3638 676 3700 clerico
692 3655 752 3716 pro
774 3655 835 3700 sua
850 3639 1041 3716 provisione

249 3733 437 3810 quindecim
467 3734 570 3796 libras
596 3737 866 3812 proveniensium
890 3738 1041 3798 Franciae

248 3830 409 3893 solverint
435 3816 624 3905 annuatim,
652 3833 756 3895 donec
783 3835 891 3911 majus
917 3835 960 3906 ei,
987 3834 1041 3895 vel

248 3928 451 4004 aeqnivalens
472 3928 668 3992 beneficium
683 3931 905 4006 assignarent,
923 3933 956 3993 et
973 3930 1040 3992 hu-

244 4025 391 4101 jusmodi
404 4025 504 4088 fuerit
513 4026 600 4087 idern
611 4026 752 4091 clericus
761 4027 951 4104 provisione
961 4044 1042 4090 cou-

1161 3575 1163 3580 .
1235 3523 1286 3583 Ad
1313 3524 1507 3598 cpbcopam
1532 3523 1740 3584 Xcractcnca.

1368 3653 1401 3710 ltl
1420 3652 1514 3710 martii
1534 3653 1612 3712 itti.

1126 3748 1349 3841 [aagendam
1361 3774 1498 3840 apansa.
1511 3775 1568 3826 ns.
1582 3777 1619 3827 ua
1630 3775 1706 3826 aare
1715 3775 1751 3827 ns
1761 3775 1854 3841 russi]

1096 3903 1132 3960 Ut
1157 3915 1220 3973 qum
1246 3898 1455 3958 reformationis
1484 3897 1579 3957 ofsscio
1606 3901 1718 3957 noverit
1744 3899 1885 3974 indigere,

1250 3989 1394 4062 corrigere
1409 4003 1444 4046 sc
1457 3987 1612 4048 reformare
1626 3989 1729 4046 valeat.

247 4121 370 4183 tentus.
386 4123 501 4198 Nuper
512 4123 622 4184 autem
639 4123 818 4185 multorum
834 4124 874 4185 de
894 4124 1039 4202 capitulo
1134 4124 1312 4198 Honorius,
1329 4125 1404 4197 etc,
1418 4123 1601 4186 venerabili
1619 4123 1716 4186 fratri
1730 4125 1885 4201 episcopo

248 4219 434 4296 recepimus
450 4219 565 4280 eodem
582 4219 710 4282 litteras
726 4221 943 4294 continentes,
953 4221 1039 4298 quod
1094 4222 1300 4284 xanctonen.

247 4316 424 4393 praedictns
440 4316 661 4394 primicerius,
676 4333 740 4394 quo
754 4317 897 4380 instante
911 4319 951 4380 ad
962 4337 1041 4397 pro-
1134 4321 1203 4381 Etsi
1225 4319 1266 4380 ad
1285 4317 1499 4394 corrigendos
1526 4317 1731 4380 subditorum
1750 4319 1884 4380 tuorum

246 4413 410 4476 visionem
447 4415 669 4492 processimus
703 4416 938 4493 supradictam,
972 4433 1040 4478 non
1095 4433 1261 4488 excessus,
1276 4417 1358 4478 satis
1381 4415 1441 4477 tibi
1465 4415 1608 4477 sufficiat
1627 4414 1809 4477 auotoritas
1825 4429 1885 4476 cr·

247 4513 356 4574 fuerat
370 4515 491 4576 Meten.
509 4513 659 4575 ecclesiae
674 4516 884 4590 procurator,
898 4516 931 4577 et
944 4531 1039 4576 eam·
1095 4515 1236 4586 dinaria,
1245 4514 1389 4576 attamen
1401 4514 1438 4574 ut
1447 4513 1583 4589 adjectae
1591 4512 1764 4590 potestatis
1773 4511 1887 4587 vigore

195 4684 199 4691 .
248 4611 322 4672 dem
335 4611 559 4687 provisionem
572 4611 637 4687 ipsi
648 4611 797 4674 ecclesiae
810 4613 955 4674 existere
966 4629 1040 4674 one
1095 4612 1249 4673 suffultus
1264 4609 1482 4671 confidentius
1497 4610 1538 4671 ad
1554 4609 1793 4671 correctionem
1809 4624 1886 4686 pro-

247 4723 370 4776 rosam,
386 4709 420 4769 et
432 4709 613 4770 maximnm
628 4709 709 4770 inde
725 4725 823 4786 posse
847 4710 1040 4771 scandalum
1095 4711 1213 4771 cedere
1227 4707 1351 4779 valeas,
1372 4707 1405 4769 et
1423 4722 1597 4790 processus
1621 4705 1698 4767 tuns
1724 4721 1885 4768 reveren-

246 4805 412 4882 generari,
429 4807 463 4868 et
479 4805 565 4882 qnod
580 4806 668 4868 sicut
682 4806 829 4884 ipsarum
853 4808 1039 4870 litterarum
1094 4807 1160 4869 tius
1173 4805 1377 4877 observetur,
1388 4804 1586 4866 auctoritate
1596 4803 1657 4865 tibi
1673 4803 1887 4880 praesentium

247 4903 351 4965 series
392 4903 608 4980 exprimebat,
644 4904 741 4965 bonae
774 4905 1039 4967 conversationis
1094 4904 1316 4978 indulgemus,
1332 4901 1448 4962 utnon
1464 4900 1615 4962 obstante
1630 4899 1757 4962 frivolae
1773 4899 1888 4977 appel-

246 5001 334 5064 idem
352 5001 506 5074 clericus,
522 5003 555 5062 et
569 5001 732 5077 sanguine
750 5017 932 5077 generosus
945 5003 1039 5064 exis·
1093 5000 1229 5062 lationis
1251 4999 1382 5076 objectu
1401 4998 1505 5058 libere
1524 4997 1702 5072 corrigere,
1719 5012 1759 5057 ac
1775 4997 1886 5058 refor-

245 5099 301 5171 tit;
316 5098 546 5176 propterquod
564 5099 599 5158 in
612 5099 736 5160 eisdem
750 5098 869 5161 litteris
883 5101 1040 5162 attentius
1094 5113 1187 5158 mare
1201 5098 1314 5157 valeas
1330 5111 1403 5172 quae
1417 5098 1486 5157 tam
1501 5095 1590 5156 circa
1605 5094 1771 5170 praelatos,
1786 5109 1886 5170 quam

246 5197 460 5272 rogabamur,
502 5197 538 5258 ut
578 5197 803 5273 provisionem
844 5198 1039 5259 revocantes
1095 5194 1256 5266 subditos,
1278 5207 1339 5253 nec
1365 5207 1430 5254 non
1456 5191 1630 5268 religiosos
1660 5193 1692 5251 et
1717 5191 1813 5259 alios,
1829 5191 1887 5268 qui
1987 5263 1989 5268 ι

246 5294 407 5365 eamdem,
428 5295 477 5354 eis
493 5295 525 5355 et
548 5309 662 5354 eornm
688 5295 838 5356 ecclesiae
863 5293 1039 5370 supradic-
1094 5291 1154 5354 tibi
1179 5295 1255 5352 snut
1281 5291 1354 5366 lege
1377 5289 1564 5350 dioecesana
1586 5288 1737 5365 subjecti,
1755 5303 1889 5348 correc-

245 5393 315 5454 tum
336 5391 493 5452 clericum
512 5392 694 5453 concedere
717 5393 753 5453 in
773 5393 969 5454 canonicum
989 5391 1041 5452 di·
1096 5390 1196 5452 tionis
1216 5405 1255 5450 ac
1274 5385 1522 5449 reformationis
1542 5385 1651 5448 officio
1673 5385 1808 5446 noveris
1831 5385 1887 5446 in-

245 5505 436 5567 gnaremur.
459 5487 548 5550 ldem
564 5505 693 5567 qnoque
712 5489 853 5551 clericus
872 5490 939 5552 tam
957 5507 1039 5566 sup·
1095 5486 1219 5563 digere.
1250 5485 1531 5555 contradictores
1553 5484 1614 5544 etc.
1645 5485 1763 5544 Datum
1792 5485 1886 5544 Ana-

245 5586 378 5666 pliciter
396 5601 494 5665 qnam
514 5587 686 5650 humiliter
705 5586 895 5664 postulavit,
912 5587 957 5660 ut,
973 5601 1039 5647 non
1095 5585 1193 5662 gntae,
1208 5586 1283 5646 XIV
1297 5582 1459 5646 kalendas
1473 5581 1601 5660 aprilis,
1617 5597 1703 5642 anno
1719 5581 1825 5643 sexto.
