4080 6328
115 352 175 412 oto

114 511 258 587 publice,
275 510 361 572 siout
378 509 475 571 erant
493 510 601 586 parati
614 509 817 573 sufficienter
830 525 908 587 pro-

113 609 207 678 bare,
229 625 265 670 sa
300 609 387 669 scire
419 608 558 669 firmiter
584 609 754 684 tamquam
788 610 844 684 qui
871 607 906 668 in

113 709 259 767 tractatu
272 707 376 782 ipsius
390 707 514 782 negotii
527 705 636 766 iuerat
650 723 724 766 eum
737 706 808 782 ipso
825 706 908 782 epis-

112 819 198 878 copo
219 804 364 878 qualiter
385 819 439 862 res
462 804 548 862 esset
564 803 754 878 hujusmodi
770 818 906 878 prooes-

112 917 205 969 surn,
224 903 322 976 atque
337 901 378 960 ad
394 901 658 975 cognoscendum
672 901 711 960 de
722 917 823 960 causa
838 917 907 958 sus-

111 998 257 1073 picionis
272 986 458 1073 hujusmodi
476 997 619 1057 arbitros
637 997 811 1072 petierunt,
825 1013 906 1072 quos

111 1097 192 1170 quia
221 1095 284 1170 ipsi
318 1096 449 1170 jndices
482 1095 733 1168 denegaverunt
769 1095 904 1166 eisdem,

111 1209 173 1268 pro
197 1195 290 1268 parte
308 1192 455 1268 ipsorum
469 1191 530 1252 luit
545 1193 585 1252 ad
603 1193 748 1252 nostram
768 1192 908 1252 audien-

109 1290 194 1348 tiam
244 1288 457 1365 appeilatum.
494 1289 653 1360 Quocirca
695 1289 903 1360 mandamus,

111 1387 288 1462 quatenus,
311 1387 339 1446 si
356 1389 406 1447 est
421 1387 477 1456 ita,
494 1388 649 1448 revocato
665 1388 699 1447 in
715 1387 836 1450 statum
849 1387 908 1448 de-

109 1483 219 1544 bitum
241 1483 398 1560 quidquid
421 1486 494 1560 post
515 1484 772 1560 appellationem
787 1485 906 1560 hujus-

111 1581 203 1641 modi
246 1581 441 1642 inveneritis
477 1582 600 1642 temere
640 1583 836 1643 attentatum
871 1583 906 1642 in

109 1694 217 1739 causa
240 1680 311 1755 ipsa
334 1681 431 1756 juxta
460 1680 640 1756 primarum
668 1680 905 1741 continentiam

108 1776 312 1848 litterarum,
349 1777 572 1856 appellatione
611 1781 748 1850 remota,
776 1779 906 1840 ratione

107 1874 238 1950 praevia
271 1875 468 1952 procedatis.
499 1875 656 1952 Alioquin
686 1877 808 1952 partae,
840 1880 904 1938 etc.

108 1972 237 2043 Testes
253 1973 313 2032 etc.
332 1973 422 2043 Quod
441 1973 469 2031 si
485 1987 550 2032 non
566 1989 689 2046 onmes
710 1975 771 2036 etc.
788 1977 905 2036 Datum

110 2070 228 2140 Reate,
267 2072 342 2130 Vlll
374 2069 448 2130 idus
481 2071 681 2144 novembrio,
726 2089 813 2134 anno
843 2073 904 2134 de-

110 2183 211 2228 ormo.

494 2305 525 2388 L

108 2447 163 2504 Ad
176 2447 334 2517 priorem
347 2447 381 2506 S.
400 2447 510 2516 Petri,
525 2447 703 2508 curatorem
717 2449 751 2508 S.
766 2451 902 2520 illortcc,

151 2544 318 2601 acconam
329 2545 363 2602 S.
372 2546 491 2604 Crucis
501 2545 905 2618 Stampensissenonen·

151 2642 201 2699 sia
215 2642 382 2700 dtoecesis.

379 2719 394 2774 7
410 2717 542 2774 novemb.
561 2719 638 2776 1225.

146 2839 265 2902 [nugest.,
276 2839 363 2898 libii,
374 2841 449 2904 epist.
462 2841 515 2890 tot.
527 2843 584 2892 liss.
594 2844 630 2892 La
641 2844 717 2893 Porto
727 2843 761 2892 du
774 2845 866 2908 rheti]

105 2967 164 3022 Dat
187 2966 228 3021 eis
251 2967 425 3037 provinciam
449 2968 632 3024 examinandi
654 2983 770 3025 causam
795 2970 904 3026 Arnuld

142 3055 237 3110 clerici
257 3055 448 3124 carnutensis,
464 3056 530 3112 olim
552 3058 580 3112 iu
599 3057 671 3114 lurto
685 3058 827 3131 sacrilego
853 3057 902 3116 de·

143 3141 286 3214 prehensi,
302 3143 352 3199 sed
368 3144 415 3215 qui
431 3153 528 3216 postea
550 3145 656 3202 litteras
672 3147 852 3217 Apostolioas
868 3147 904 3205 ad

143 3231 391 3304 archiepiscopum
414 3234 619 3290 bituricensem
646 3234 774 3306 aliosque
802 3235 901 3309 conju·

142 3317 230 3388 dices,
251 3317 321 3376 laisa
343 3322 531 3392 suggestione
552 3321 722 3392 obtinuerat,
737 3322 817 3395 juxta
833 3337 904 3396 quas

143 3407 309 3480 episcopum
323 3410 527 3467 Caruoteusem
539 3411 671 3468 vexabat.

144 3526 901 3615 Honoriusetc.‚dilectisliliis„.prioriSancti

106 3633 238 3692 Petri...
261 3634 388 3693 cantori
403 3635 532 3694 Sanctae
546 3635 673 3705 Mariae,
691 3636 759 3695 et...
777 3637 902 3698 decano

105 3729 240 3790 Sancta}
256 3731 370 3790 crucis
393 3733 572 3807 stampas,
595 3734 797 3793 senonensis
818 3733 902 3794 dioe-

104 3827 207 3897 cesis,
246 3828 386 3889 salutem
424 3832 456 3889 et
486 3830 709 3905 Apostolicam
744 3829 902 3893 benedic-

105 3923 245 3984 tionem.

148 4021 358 4096 Significavit
378 4024 472 4085 nobis
493 4025 693 4087 venerahilis
707 4025 809 4086 irater
824 4043 902 4087 nos-

105 4121 197 4181 ter...
218 4121 393 4197 episcopus
409 4123 634 4195 carnotenam,
652 4123 737 4200 quod
754 4141 828 4184 cum
839 4127 902 4184 Ar-

106 4215 221 4276 nulsus
237 4218 378 4278 clericus
394 4219 428 4278 in
441 4219 529 4280 furto
546 4220 578 4281 et
593 4221 768 4296 sacrilegio
784 4221 902 4298 depre-

106 4314 243 4384 hensus
257 4317 289 4376 et
306 4332 417 4377 coram
433 4317 616 4378 venerabili
633 4317 735 4379 tratre
748 4319 898 4380 nostro...

106 4411 291 4472 Parisiensi
305 4413 460 4490 episcopo
471 4416 548 4476 tunc
557 4417 750 4476 carnotensi
763 4415 897 4488 decano,

106 4510 193 4570 sicut
213 4525 255 4569 ex
273 4510 393 4571 littoris
418 4513 564 4588 ejusdem
590 4514 779 4590 accepimus
801 4531 901 4591 super

105 4607 170 4666 hoc
195 4608 366 4668 convictus
391 4610 424 4669 et
449 4609 686 4671 condemnatus
715 4611 843 4684 suisset,
868 4613 900 4673 et

105 4705 213 4764 eidem
232 4705 427 4766 carnotensi
445 4707 585 4768 traditus
599 4707 795 4784 puniendus,
814 4725 900 4785 prae-

105 4803 297 4863 nominatus
313 4807 350 4863 A.
368 4806 496 4865 reatum
515 4805 622 4881 prium
646 4822 897 4881 recognoscam,

105 4903 138 4959 et
155 4900 238 4960 tanti
252 4901 410 4962 facinoris
424 4919 553 4978 poenam
570 4905 664 4964 caute
678 4903 849 4964 declinans
866 4905 899 4965 in

105 4997 898 5077 manibusmemoraticarnotensispraesentibus

106 5109 205 5170 quam
221 5095 385 5170 plurimis,
397 5097 544 5158 solemne
555 5101 667 5158 votum
681 5099 802 5168 emisit,
814 5100 898 5176 quod

106 5191 257 5251 ordinem
285 5194 537 5254 cisterciensem
558 5196 698 5256 intraret
722 5195 762 5256 ad
788 5197 897 5273 poeni-

105 5288 243 5348 tentiam
269 5291 501 5367 peragendam.
527 5295 634 5364 Quare
657 5293 743 5353 idem
768 5297 897 5354 carno-

105 5385 210 5444 tensis
226 5388 452 5449 ecclesiaslica
468 5389 640 5462 beneficia,
657 5407 730 5466 quae
753 5391 809 5452 ille
835 5393 898 5452 ha-

105 5480 235 5552 buerat,
246 5486 397 5560 personis
409 5485 537 5547 idoneis
554 5489 651 5562 prout
667 5503 727 5548 sua
739 5487 899 5550 intererat

107 5580 267 5641 canonice
290 5583 463 5644 conserens
488 5585 681 5659 assignavit.
704 5586 766 5646 Sed
792 5587 897 5647 dictus

107 5679 144 5735 Α.
173 5679 298 5754 proprii
324 5681 392 5742 voti
426 5664 654 5756 transgressor
683 5683 768 5745 salso
802 5684 897 5745 nobis

739 343 969 410 EPISTOLAE.
994 351 1072 410 LIB.
1097 350 1137 408 X.

1641 342 1754 408 ‘946

960 508 1127 584 suggesto,
1144 508 1229 585 quod
1243 508 1440 586 saepedictus
1456 507 1629 585 episcopus
1642 507 1752 584 ipsum

962 606 1034 666 sine
1049 622 1150 666 causa
1169 605 1360 668 rationabili
1381 608 1524 682 ceperat,
1546 607 1578 665 et
1599 605 1668 664 suis
1692 604 1753 664 he-

961 704 1090 764 neficiis
1116 707 1231 764 contra
1257 705 1419 780 Justitiam
1446 703 1606 780 spoliarat
1636 701 1751 762 eadem

961 800 1037 860 aliis
1060 801 1259 862 conserendo
1280 818 1380 877 super
1398 802 1462 870 hia,
1480 802 1513 861 et
1536 801 1611 860 aliis
1636 803 1752 860 contra

961 899 1111 959 eumdem
1135 900 1325 975 episcopum
1350 903 1394 959 M.
1411 899 1644 968 subdecanum,
1673 899 1750 960 Ste-

960 995 1107 1070 phanum
1129 996 1412 1066 archidiaconum,
1429 999 1467 1057 Α.
1484 996 1701 1072 capicerium‚
1719 994 1751 1056 et

960 1092 1205 1152 matricularios
1217 1095 1435 1154 carnotenses
1449 1096 1482 1154 et
1497 1093 1654 1168 quosdam
1665 1092 1750 1152 alios

961 1191 1113 1250 dimoesis
1134 1191 1346 1251 carnotensis
1364 1191 1405 1250 ad
1428 1189 1751 1265 archipresbyterum

961 1288 1201 1348 Bituricensem
1217 1290 1249 1350 et
1262 1292 1335 1363 ejus
1350 1289 1494 1362 collegas
1510 1289 1641 1348 nostras
1657 1287 1749 1348 litte-

960 1397 1015 1444 ras
1035 1384 1236 1460 impetravit,
1255 1401 1394 1460 quarum
1409 1384 1606 1446 auctoritate
1622 1384 1753 1458 episco-

961 1498 1049 1556 pum,
1067 1482 1099 1542 et
1111 1481 1194 1542 alios
1210 1481 1418 1558 supradictos
1434 1481 1608 1557 multiplici
1630 1481 1753 1542 moles-

960 1581 1085 1640 tatione
1119 1579 1245 1653 satigat.
1277 1581 1327 1640 Ne
1356 1579 1457 1654 igitur
1488 1579 1594 1654 ipsius
1623 1577 1751 1638 salsitas

960 1677 1094 1738 veritati
1120 1677 1322 1753 praejudicet,
1341 1676 1533 1738 discretioni
1553 1677 1671 1736 vestrae
1693 1690 1753 1752 per

959 1774 1149 1850 Apostolica
1165 1775 1287 1851 scripta
1307 1775 1514 1846 mandamus,
1532 1773 1704 1849 quatenus,
1722 1773 1751 1832 si

960 1887 1014 1932 res
1027 1873 1074 1932 ita
1091 1889 1126 1932 se
1142 1872 1251 1942 hahet,
1269 1889 1311 1933 ex
1326 1873 1418 1948 parte
1435 1875 1547 1934 nostra
1563 1871 1754 1946 diotisjudi·

960 1970 1053 2030 cibus
1074 1970 1262 2032 inhibentes
1288 1985 1457 2046 expresse,
1486 1986 1528 2030 ne
1556 1969 1753 2030 auctoritate

960 2067 1146 2128 litterarum
1174 2069 1321 2144 ipsarum
1350 2068 1385 2128 in
1413 2067 1546 2142 negotio
1574 2067 1754 2142 procedant

960 2165 1087 2233 eodem,
1104 2166 1160 2225 sed
1187 2167 1344 2226 revocent
1365 2165 1484 2240 potina,
1507 2165 1534 2224 si
1558 2165 1696 2224 forsitan
1716 2165 1752 2224 in

960 2262 1072 2339 aliquo
1095 2265 1339 2338 processerunt,
1356 2265 1505 2324 eumdem
1529 2262 1685 2322 clericum
1710 2261 1752 2321 ad

960 2361 1207 2440 exsequendum
1232 2362 1344 2422 votum
1367 2361 1535 2428 emissum,
1556 2359 1753 2421 auctoritate

960 2458 1467 2535 nostra‚suhlatoappellationis
1476 2458 1657 2528 obstaculo,
1666 2471 1752 2517 com·

959 2555 1102 2634 pellatis.
1129 2557 1219 2628 Quod
1247 2557 1275 2616 si
1302 2573 1368 2617 non
1397 2571 1522 2628 omnes,
1545 2557 1607 2616 etc.
1631 2556 1749 2614 Datum

961 2657 1076 2726 Reate,
1093 2657 1152 2714 Vll
1166 2655 1239 2715 idus
1250 2653 1451 2726 novembrio,
1469 2670 1556 2715 auno
1572 2652 1709 2713 decimo.

986 3068 1036 3126 Ad
1051 3066 1204 3128 abbatem
1219 3067 1251 3127 ct
1269 3067 1474 3128 conuentum
1492 3066 1609 3128 saiwa
1624 3067 1726 3128 Petri

1236 3165 1470 3230 Corrtotensis.

1224 3294 1241 3350 9
1254 3293 1387 3350 novemb.
1406 3294 1485 3351 rats.

974 3415 1095 3480 [Regest.,
1110 3417 1157 3468 lib.
1178 3419 1210 3477 X,
1224 3418 1298 3482 epist.
1315 3419 1370 3468 374.
1389 3419 1445 3468 liss.
1458 3418 1494 3468 La
1507 3418 1584 3467 Porta
1595 3417 1628 3466 dn
1641 3416 1734 3481 Thell]

959 3543 1090 3615 Praecipit
1102 3543 1145 3599 eis
1159 3549 1188 3598 ut
1204 3545 1265 3614 ipso
1280 3551 1307 3600 et
1320 3543 1445 3599 decanus
1456 3542 1638 3600 carnotensis
1652 3557 1748 3598 coram

991 3631 1153 3701 Apostolica
1170 3629 1242 3685 Sede
1254 3637 1425 3702 praesentant
1441 3630 1561 3685 termino
1577 3627 1702 3700 pretim,
1717 3635 1749 3684 ut

991 3733 1078 3774 causa
1103 3733 1166 3789 quoe
1182 3719 1254 3774 inter
1275 3719 1353 3789 ipsos
1376 3715 1562 3790 jamdudum
1586 3715 1749 3774 vertebatur

992 3807 1057 3862 duis
1070 3806 1242 3878 imponatur.

995 3933 1175 3999 Honorius,
1211 3933 1286 4004 eto,
1317 3932 1446 3993 dilectis
1476 3932 1563 3992 tiliis.
1580 3930 1691 3991 abbati
1716 3932 1752 3992 et

956 4029 1131 4090 conventui
1155 4029 1349 4090 monasterii
1377 4029 1488 4090 Sancti
1505 4029 1594 4090 Petri
1618 4031 1747 4090 carno-

954 4127 1070 4197 tensis,
1088 4126 1241 4195 salutem,
1258 4129 1320 4188 etc.

995 4225 1074 4284 Cum
1091 4241 1203 4295 causa,
1221 4242 1293 4301 quae
1308 4226 1396 4286 inter
1418 4241 1475 4286 vos
1497 4241 1538 4286 ex
1560 4225 1652 4301 parte
1668 4239 1745 4295 una,

955 4321 986 4383 et
1002 4322 1157 4384 dilectum
1169 4322 1273 4382 lilium
1287 4323 1448 4384 decanum
1460 4323 1693 4382 carnotensem
1705 4337 1748 4380 ex

954 4420 1070 4490 altera,
1087 4435 1186 4497 super
1197 4419 1337 4481 diversis
1348 4419 1498 4481 articulis
1511 4419 1652 4480 vertitur
1667 4417 1746 4478 olim

955 4517 1114 4578 intervos
1130 4533 1172 4578 ex
1187 4519 1279 4594 parte
1294 4533 1370 4588 una,
1387 4520 1420 4578 et
1434 4514 1657 4578 venerabilem
1674 4514 1747 4575 lra-

954 4616 1037 4675 trem
1051 4618 1199 4676 nostrum
1212 4615 1435 4675 Parisiensem
1451 4613 1652 4691 episcopum,
1670 4615 1748 4674 tuno

954 4714 1189 4772 carnotensem
1219 4712 1391 4784 decanum,
1420 4727 1463 4772 ex
1488 4711 1604 4782 altera,
1635 4727 1746 4772 coram

953 4808 1137 4868 venerabili
1162 4807 1263 4869 fratre
1279 4813 1428 4869 nostro...
1452 4807 1631 4868 Albanensi
1654 4809 1745 4883 epis-

954 4922 1034 4982 copo
1061 4923 1079 4966 a
1108 4905 1203 4966 nohis
1232 4907 1380 4982 partibus
1409 4905 1560 4967 auditore
1589 4921 1747 4966 concesso

954 5003 1158 5079 aliquamdiu
1188 5003 1310 5078 agitata
1339 5003 1464 5074 luisset,
1497 5003 1630 5064 tandem
1657 5003 1744 5062 dicto

954 5101 1078 5161 decano
1092 5101 1123 5160 in
1133 5101 1554 5177 episcopumParisiensem
1564 5100 1743 5176 assumpto,

939 5197 1136 5288 ‘venerabili
1151 5198 1244 5258 tratri
1260 5199 1409 5259 nostro...
1425 5198 1576 5272 sagiensi
1593 5197 1746 5272 episcopo

953 5299 985 5356 et
1001 5296 1137 5370 collegis
1154 5295 1259 5371 ipsius
1275 5297 1397 5356 nostris
1413 5293 1563 5355 dedimus
1575 5294 1696 5355 litteris
1712 5295 1771 5371 in,

953 5393 1128 5462 mandatis
1138 5393 1508 5469 utpostquamderanus
1521 5392 1745 5453 assetindicta

953 5491 1093 5551 ecclesia
1105 5489 1301 5550 substitutus
1311 5489 1481 5550 biennium
1495 5490 1644 5565 proximo
1656 5506 1746 5551 secu-

952 5590 1062 5649 turum
1078 5587 1227 5664 partibus
1241 5587 1418 5649 terminum
1435 5587 1643 5663 praefigerent
1658 5586 1746 5648 inira

953 5702 1047 5762 quem
1065 5702 1179 5762 pacem
1199 5686 1287 5747 iuter·
1302 5702 1344 5746 se
1362 5686 1402 5746 ad
1428 5685 1569 5746 invicem
1586 5683 1748 5744 reforma-
