4104 6330
115 369 169 430 149

114 545 195 594 mam
222 543 283 607 pro
309 527 446 605 negotio
472 526 701 604 nlblgensium
729 541 790 606 per
819 525 901 590 duos

113 629 283 705 sequentes
296 641 401 687 annos
427 625 558 701 integre
572 624 656 687 solvi
681 623 801 697 facias,
818 640 902 686 con-

111 721 303 785 tradictores
336 720 544 782 districtione
568 719 729 781 canonica
754 733 901 796 compes-

112 819 226 893 cend03
253 817 472 879 nihilominus
489 819 612 891 tamen,
625 817 901 878 commendantes

111 916 314 996 prudentiam
337 916 440 986 tuam,
467 915 552 992 quod
583 913 822 992 aquibusdam
844 929 902 974 ca-

111 1013 319 1092 pitulisanno
343 1012 511 1089 praeterito
536 1004 796 1073 satisfactionem
810 1011 899 1072 ami-

111 1111 243 1172 cabilem
270 1125 331 1188 pro
357 1110 516 1172 vicesima
544 1109 713 1186 recepisti,
741 1109 902 1186 expedire

111 1207 281 1276 credimus,
321 1209 358 1270 ut
389 1207 491 1269 etiam
515 1205 644 1268 duobus
684 1203 900 1283 sequentibus

109 1305 199 1366 annis
226 1305 319 1366 circa
345 1305 521 1366 universos
547 1305 582 1365 et
610 1302 760 1379 singulos
798 1301 900 1363 simili

108 1403 198 1464 modo
214 1403 388 1479 procedas,
414 1401 602 1479 praesertim
627 1402 656 1462 si
683 1401 747 1462 boc
770 1401 902 1462 solutu-

108 1501 151 1561 ris
180 1500 288 1578 ipsam
309 1499 503 1574 vicesimam
531 1499 657 1562 videris
680 1497 899 1575 complacere,

109 1613 177 1660 cnm
190 1596 352 1659 vicesima
382 1597 454 1674 ipsa
469 1598 528 1659 viu
554 1596 600 1658 ita
623 1597 741 1658 exacta
766 1596 898 1656 ratione

110 1695 213 1756 valeat
227 1695 426 1772 computari,
441 1693 521 1771 quin
535 1695 708 1755 remaneat
721 1693 899 1754 conscien-

110 1792 160 1854 na
182 1791 361 1868 serupulus
375 1793 409 1854 et
421 1791 609 1852 animarum
633 1791 790 1853 timeatur
811 1790 902 1868 peri-

109 1889 211 1952 culum
226 1890 415 1962 imminere,
441 1890 474 1950 et
489 1889 545 1950 ubi
559 1889 653 1950 tauta
669 1888 845 1952 multitudo
858 1889 896 1949 in

729 317 1059 430 naissensibus.
1082 367 1137 429 vi.

1273 533 1442 624 CLXXV
1495 549 1499 560 ’

987 687 1040 747 Ad
1059 683 1267 748 abbatemet
1288 687 1495 749 conventum
1510 685 1717 762 caricampi,
1816 681 1820 700 ⁴

1151 783 1389 846 cisterciensis
1404 785 1547 846 ordinis.

1248 925 1281 982 ll
1295 924 1364 982 maii
1377 925 1456 982 lili.

986 1045 1106 1111 [liegest.,
1116 1045 1152 1098 lib
1162 1043 1205 1108 Vi,
1217 1045 1292 1111 epist.
1304 1045 1358 1097 360.
1373 1047 1430 1097 lisa.
1446 1046 1482 1097 La
1491 1047 1566 1098 Ponte
1576 1045 1611 1096 du
1623 1041 1717 1109 rheti]

954 1171 999 1230 nd
1014 1171 1116 1230 sedem
1135 1171 1328 1246 Apostolicam
1343 1179 1458 1229 revocat
1473 1169 1677 1229 monasterium
1693 1169 1746 1230 Ca·

989 1261 1118 1333 ricsmpi,
1136 1262 1227 1318 donec
1242 1261 1402 1318 discussum
1421 1259 1503 1318 fuerit
1521 1258 1557 1319 ed
1572 1275 1655 1332 quem
1670 1259 1746 1332 epis·

990 1363 1093 1422 copum
1109 1351 1249 1422 pertineat
1260 1350 1289 1405 in
1304 1348 1372 1406 illud
1381 1348 1548 1423 iurisdictio.

995 1485 1173 1557 Honorius,
1200 1487 1275 1558 ete,
1302 1485 1431 1546 deiocus
1464 1484 1543 1546 niuis
1575 1482 1687 1545 aunan
1716 1482 1750 1545 et
1837 1464 1839 1478 '

955 1583 1133 1645 conventui
1148 1581 1346 1658 caricampi,
1363 1582 1557 1644 cistercien.
1573 1581 1722 1655 ordinis,

995 1684 1101 1754 Quum
1116 1679 1202 1742 sicut
1217 1679 1404 1740 audivimus
1420 1677 1622 1740 monasterio
1636 1677 1748 1740 vestro

954 1778 989 1840 in
1009 1778 1130 1838 tinibus
1146 1777 1342 1838 Ambiaueu.
1363 1779 1396 1838 et
1413 1776 1576 1838 Morinen.
1594 1773 1751 1836 dioecesis

954 1877 1144 1946 constituto,
1167 1876 1306 1952 uterque
1330 1874 1594 1936 dioeoesanorum
1614 1873 1650 1932 in
1674 1872 1748 1947 ipso

110 1987 290 2058 causaest,
320 1987 478 2064 expediat
500 1987 534 2050 et
559 1986 677 2048 deceat
703 1985 898 2048 scandalum
950 1973 1217 2050 jurisdiciifflem
1245 1971 1369 2036 habere
1392 1986 1428 2032 80
1451 1969 1591 2042 asserat.
1624 1967 1657 2029 θῑ
1679 1967 1748 2029 iam

110 2083 288 2146 studiosius
315 2085 447 2146 evitari.
467 2085 587 2147 Datum
610 2083 729 2156 alatri,
751 2085 811 2145 XV
830 2083 898 2145 kal.

108 2181 193 2254 maii,
210 2195 301 2244 anno
316 2183 422 2245 sexto.

409 2468 598 2556 CLXXIV

274 2623 327 2684 Ad
346 2621 542 2698 episcopum
556 2621 727 2683 Memnon.

399 2752 432 2810 lr
445 2752 515 2810 maii
528 2753 607 2810 lili.

130 2872 245 2939 [begeat.
255 2873 304 2926 lib.
317 2873 361 2936 VI,
371 2873 446 2940 epist
459 2875 516 2925 sol.
531 2877 589 2928 llss.
600 2878 638 2927 Le
648 2875 725 2926 Porta
737 2874 771 2925 dn
782 2873 876 2940 rheti]

111 2997 252 3070 Significat
273 2999 300 3056 ei
322 3011 353 3057 se
376 2997 529 3057 adsedem
549 2999 741 3072 apostolicam
765 3013 900 3056 revocare

141 3087 346 3145 monasterium
361 3089 531 3160 caricampi,
545 3087 710 3160 inhibetque
721 3101 757 3144 ne
767 3087 900 3161 cuiquam

141 3177 277 3250 episcopo
292 3177 441 3234 intendant
457 3176 545 3234 abbas
556 3184 585 3234 et
598 3183 767 3236 conventus.

145 3305 322 3378 Honorius,
340 3305 415 3374 etc..
436 3303 621 3366 venerabili
634 3303 730 3365 fratri
745 3303 900 3384 episcopo

110 3401 271 3463 Morineu.

146 3499 247 3570 Quum
271 3497 358 3560 sicut
376 3497 565 3560 audivimus
583 3498 786 3560 monasterio
807 3497 901 3560 Gari-

111 3595 222 3674 oampi,
249 3595 446 3658 Cistercien.
473 3596 602 3658 ordinis
628 3597 664 3657 in
691 3593 812 3657 tinibus
834 3595 901 3657 tuae

111 3706 145 3752 ac
159 3691 354 3754 ambianen.
379 3693 560 3755 dioecesum
583 3691 773 3765 constituto,
795 3694 843 3766 tu,
869 3692 903 3754 et

111 3789 309 3853 venerabilis
324 3790 427 3852 frater
442 3793 593 3868 noster...
613 3789 811 3853 Ambianen.
827 3791 901 3868 epi-

112 3901 221 3964 scopus
236 3887 398 3949 asseratis
416 3904 476 3951 vos
496 3889 619 3966 inipso
632 3887 900 3964 jurisdictionem

111 3981 237 4059 babere,
270 3985 303 4048 et
324 3987 392 4047 tam
419 3985 616 4048 auctoritate
647 3986 773 4056 vestra,
802 3999 900 4062 quam

112 4083 279 4144 occasione
304 4083 491 4145 litterarum
522 4084 713 4143 nostrarum
737 4081 786 4142 eis
816 4097 903 4144 uon-

112 4193 273 4258 nunquam
288 4179 441 4252 inferatis
457 4179 643 4242 molestiam
659 4181 691 4241 et
707 4193 899 4256 gravamen,

114 4279 217 4359 sicque
240 4281 345 4344 iidem
369 4281 471 4344 abbas
491 4283 524 4344 et
546 4283 729 4345 conventus
750 4281 901 4344 distracti

112 4392 314 4458 nequaquam
357 4395 393 4441 se
434 4379 570 4441 valeant
613 4377 798 4457 expedire3
840 4394 901 4440 uos

113 4489 218 4538 eorum
239 4476 343 4556 quieti
356 4477 532 4554 providere
553 4476 712 4548 volentes,
733 4477 902 4538 monaste-

114 4573 191 4634 rium
223 4575 333 4652 ipsum
366 4574 407 4637 ad
436 4591 554 4636 manus
583 4575 716 4636 nostras
745 4573 901 4634 duximus

114 4670 345 4745 advocandum,
363 4673 396 4735 et
418 4672 523 4734 donec
548 4667 589 4734 ad
612 4687 710 4750 quem
736 4671 902 4748 pertineat

114 4767 628 4841 discussumfueritretinendum,
639 4767 829 4831 inhibentes
839 4769 901 4830 eis·

114 4863 180 4926 dem
194 4883 235 4929 ne
250 4867 384 4929 interim
394 4866 547 4944 cuiquam
557 4867 704 4928 vestrum
715 4865 898 4928 intendant.

114 4961 246 5042 Ideoque
282 4964 483 5028 fraternitati
515 4963 583 5026 tuae
616 4980 677 5042 per
710 4963 901 5041 apostolica

115 5062 228 5148 scripta
248 5053 456 5134 mandamus,
479 5062 641 5140 quatenus
661 5061 690 5122 si
704 5063 755 5122 est
775 5061 821 5123 ita
843 5077 901 5123 eos

116 5160 281 5222 occasione
317 5159 506 5238 hujusmodi
540 5159 633 5220 nulla
669 5158 900 5221 molestatione

115 5253 236 5333 fatiges,
262 5258 348 5318 sicut
371 5256 466 5319 nobis
490 5256 541 5318 vis
566 5257 711 5319 existere
735 5273 802 5318 non
825 5272 899 5318 mo-

114 5352 220 5416 lestus.
243 5356 362 5416 Datum
381 5355 499 5427 Alatri,
519 5339 594 5416 XVi
619 5353 781 5416 kalendas
800 5353 898 5433 Junii,

115 5454 314 5515 aunoseuto.

149 5579 191 5638 In
216 5579 374 5640 eumdem
399 5581 540 5642 neodem
565 5577 726 5656 scriptum
755 5577 806 5642 est
829 5578 902 5656 epi-

117 5687 208 5750 scopo
219 5674 413 5738 ambianen.

955 2070 1151 2132 auctoritato
1164 2084 1237 2139 sua,
1259 2083 1357 2146 quam
1373 2067 1548 2128 occasione
1561 2066 1749 2126 litterarum

934 2167 1156 2239 ¹nostrarum,
1182 2165 1278 2228 vobis
1301 2178 1537 2242 nonnunquam
1563 2160 1749 2224 molestiam

954 2265 1077 2327 inferat
1097 2266 1130 2328 et
1154 2278 1347 2341 gravamen,
1375 2262 1489 2338 sicque
1513 2258 1665 2321 distracti
1688 2272 1751 2319 vos

955 2378 1163 2439 nequaquam
1190 2359 1348 2438 expedire
1381 2357 1531 2436 possitis,
1558 2371 1620 2417 nos
1646 2354 1748 2433 quieti

954 2460 1075 2522 vestrae
1102 2458 1278 2540 providere
1313 2457 1475 2528 volentes,
1511 2453 1749 2516 monasterium

954 2555 1104 2633 ipsumsi
1120 2556 1172 2618 est
1186 2555 1233 2616 ita
1248 2555 1290 2616 ad
1312 2569 1429 2615 manus
1445 2554 1577 2614 nostras
1592 2549 1750 2612 duximus

953 2653 1197 2727 advocandum
1216 2652 1250 2714 et
1268 2651 1371 2714 donec
1393 2651 1433 2724 ad
1454 2665 1551 2726 quem
1571 2645 1749 2725 pertineat,

956 2750 1156 2831 [discussum
1178 2749 1279 2813 fuerit
1297 2745 1519 2826 retinendum]
1540 2743 1635 2808 vobis
1658 2758 1750 2822 prae-

954 2851 1097 2912 sentium
1108 2844 1330 2928 [auctoritate]
1341 2845 1528 2906 inhibentes
1538 2859 1580 2906 ne
1593 2843 1748 2920 cuiquam

954 2963 1069 3010 eorum
1097 2945 1230 3012 iuterim
1258 2943 1450 3006 intendatis.
1475 2941 1595 3004 Datum
1613 2939 1746 3012 alatri,

954 3045 1029 3106 XVI
1043 3041 1175 3104 kalend.
1188 3041 1290 3118 junii,
1306 3056 1393 3102 anno
1407 3040 1516 3100 sexto.

1235 3288 1240 3297 ’
1256 3288 1445 3377 CLXXVI

955 3395 1007 3488 Ad
1050 3429 1256 3488 Geraestum
1294 3428 1491 3514 episcopam
1533 3424 1749 3497 septemem

994 3527 1165 3598 mojorem
1185 3525 1466 3584 archidiaconum
1488 3523 1693 3582 lismensem
1716 3517 1749 3578 et

994 3625 1161 3685 decertum
1175 3623 1451 3682 ambianensem.

1250 3759 1284 3816 is
1294 3758 1363 3815 maii
1377 3757 1455 3815 lm.

1111 3882 1218 3948 [Bessim
1229 3881 1345 3935 concilis
1355 3881 1487 3941 nothoni,
1498 3879 1530 3938 ΙΙ,
1542 3877 1595 3944 m]

955 4008 1072 4068 mandet
1093 4015 1125 4067 ut
1144 4005 1313 4065 electionem
1334 4003 1490 4065 {theobaldi
1510 4002 1751 4078 Rotbomagensis

990 4097 1106 4170 capituli
1115 4096 1284 4155 thesaurarii
1292 4095 1329 4154 ad
1337 4094 1612 4168 archiepiscopatum
1621 4091 1751 4166 eiusdem

990 4187 1120 4244 ecclesie
1130 4188 1351 4255 examinentet,
1365 4185 1391 4242 si
1403 4185 1440 4242 sit
1451 4183 1488 4242 de
1502 4181 1749 4257 paraeneticum,

990 4291 1055 4334 eam
1067 4275 1248 4334 confirment.

995 4402 1163 4466 Honorius
1174 4399 1359 4479 episcopus,
1370 4415 1486 4462 servus
1496 4411 1668 4461 servorum
1677 4395 1749 4464 Dei,

955 4499 1138 4560 venerabili
1160 4497 1257 4559 fratri
1278 4497 1434 4573 episcopo
1456 4493 1621 4570 sagiensi,
1644 4491 1678 4554 et
1697 4491 1752 4552 di-

955 4596 1050 4660 lectis
1074 4595 1153 4656 tiliis
1176 4593 1296 4672 majori
1320 4593 1556 4654 archidiacono
1581 4589 1748 4661 Remensi,

955 4696 988 4758 et
1011 4693 1137 4754 decano
1156 4691 1382 4764 Ambianensi,
1400 4690 1541 4752 salutem
1559 4689 1593 4750 et
1609 4688 1753 4765 Aposto-

955 4792 1054 4854 licam
1068 4788 1345 4851 benedictionem.

995 4885 1114 4950 Dilecti
1130 4885 1192 4946 illii
1205 4884 1353 4946 decanus
1373 4885 1406 4946 et
1424 4883 1605 4961 capitulum
1625 4881 1752 4945 Rotbo-

955 4984 1123 5061 magensis
1143 4981 1294 5045 ecclesiae
1317 4981 1387 5044 suis
1410 4981 1506 5043 nobis
1525 4981 1645 5043 litteris
1665 4979 1750 5041 inti-

955 5085 1089 5145 marunt
1103 5079 1190 5159 quod
1207 5080 1351 5142 ecclesia
1367 5080 1515 5158 ipsorum
1530 5078 1673 5157 pastoris
1687 5092 1748 5138 so-

955 5180 1036 5244 latio
1060 5179 1228 5251 destituta,
1259 5178 1335 5256 ipsi,
1366 5177 1495 5240 vocatis
1521 5174 1578 5252 qui
1607 5173 1749 5236 vocandi

954 5278 1094 5350 fuerint,
1129 5276 1162 5338 et
1193 5275 1390 5356 quibusdam
1425 5289 1461 5336 se
1495 5271 1749 5346 excusantibus,

955 5377 1097 5454 aliisque
1118 5371 1397 5437 committentibus
1412 5371 1510 5449 juxta
1530 5370 1669 5433 formam
1691 5386 1752 5446 ge-

955 5473 1080 5536 neralis
1095 5471 1236 5534 Concilii
1252 5470 1343 5532 vices
1362 5484 1452 5541 suas,
1469 5467 1625 5530 dilectum
1644 5467 1750 5528 filium

955 5569 1183 5633 Theobaldum
1199 5567 1305 5648 ipsius
1319 5564 1748 5642 ecclesiaetbesaurarinm,

956 5668 1107 5741 scientia,
1126 5667 1195 5729 vita
1211 5664 1244 5728 et
1265 5664 1353 5744 fama
1368 5663 1595 5742 conspicuum,
1615 5661 1651 5723 in
1670 5678 1751 5740 pas-
