<?xml version="1.0" encoding="UTF-8"?>
<!DOCTYPE html PUBLIC "-//W3C//DTD XHTML 1.0 Transitional//EN"
    "http://www.w3.org/TR/xhtml1/DTD/xhtml1-transitional.dtd">
<html xmlns="http://www.w3.org/1999/xhtml" xml:lang="en" lang="en">
 <head>
  <title>
</title>
<meta http-equiv="Content-Type" content="text/html;charset=utf-8" />
  <meta name='ocr-system' content='tesseract 3.04.00' />
  <meta name='ocr-capabilities' content='ocr_page ocr_carea ocr_par ocr_line ocrx_word'/>
</head>
<body>
  <div class='ocr_page' id='page_1' title='image "./mediiaevibiblio06bottgoog/mediiaevibiblio06bottgoog_0359.png"; bbox 0 0 4018 6320; ppageno 0'>
   <div class='ocr_carea' id='block_1_1' title="bbox 158 372 1924 444">
    <p class='ocr_par' dir='ltr' id='par_1_1' title="bbox 158 372 1924 444">
     <span class='ocr_line' id='line_1_1' title="bbox 158 372 1924 444; baseline 0.008 -8"><span class='ocrx_word' id='word_1_1' title='bbox 158 372 159 383; x_wconf 70' lang='grc'>’</span> <span class='ocrx_word' id='word_1_2' title='bbox 283 377 343 437; x_wconf 77' lang='lat'><strong>687</strong></span> <span class='ocrx_word' id='word_1_3' title='bbox 901 381 1075 443; x_wconf 86' lang='lat' dir='ltr'>HONORII</span> <span class='ocrx_word' id='word_1_4' title='bbox 1096 383 1141 444; x_wconf 91' lang='lat'><strong>111</strong></span> <span class='ocrx_word' id='word_1_5' title='bbox 1162 382 1309 444; x_wconf 79' lang='lat' dir='ltr'>OPERA.</span> <span class='ocrx_word' id='word_1_6' title='bbox 1866 379 1924 440; x_wconf 73' lang='lat'><strong>038</strong></span> 
     </span>
    </p>
   </div>
   <div class='ocr_carea' id='block_1_2' title="bbox 279 534 1923 1867">
    <p class='ocr_par' dir='ltr' id='par_1_2' title="bbox 279 534 1923 1867">
     <span class='ocr_line' id='line_1_2' title="bbox 283 534 1921 618; baseline 0.002 -24"><span class='ocrx_word' id='word_1_7' title='bbox 283 534 495 599; x_wconf 81' lang='lat' dir='ltr'><strong>universitati</strong></span> <span class='ocrx_word' id='word_1_8' title='bbox 513 537 633 600; x_wconf 87' lang='lat' dir='ltr'><strong>vestrae</strong></span> <span class='ocrx_word' id='word_1_9' title='bbox 657 554 716 615; x_wconf 88' lang='lat' dir='ltr'><strong>per</strong></span> <span class='ocrx_word' id='word_1_10' title='bbox 739 539 929 616; x_wconf 71' lang='lat' dir='ltr'><strong>apostolica</strong></span> <span class='ocrx_word' id='word_1_11' title='bbox 952 541 1075 618; x_wconf 84' lang='lat' dir='ltr'><strong>scripta</strong></span> <span class='ocrx_word' id='word_1_12' title='bbox 1131 538 1414 617; x_wconf 87' lang='lat' dir='ltr'><strong>episcopodamus</strong></span> <span class='ocrx_word' id='word_1_13' title='bbox 1429 535 1731 600; x_wconf 86' lang='lat' dir='ltr'><strong>nostrisiitterialn</strong></span> <span class='ocrx_word' id='word_1_14' title='bbox 1744 536 1921 606; x_wconf 87' lang='lat' dir='ltr'><strong>mandatis,</strong></span> 
     </span>
     <span class='ocr_line' id='line_1_3' title="bbox 284 627 1923 711; baseline 0.004 -24"><span class='ocrx_word' id='word_1_15' title='bbox 284 627 432 692; x_wconf 86' lang='lat' dir='ltr'><strong>districte</strong></span> <span class='ocrx_word' id='word_1_16' title='bbox 447 632 671 709; x_wconf 85' lang='lat' dir='ltr'><strong>praecipiendo</strong></span> <span class='ocrx_word' id='word_1_17' title='bbox 693 633 898 704; x_wconf 88' lang='lat' dir='ltr'><strong>mandamus,</strong></span> <span class='ocrx_word' id='word_1_18' title='bbox 913 635 1075 711; x_wconf 89' lang='lat' dir='ltr'><strong>quatenus</strong></span> <span class='ocrx_word' id='word_1_19' title='bbox 1130 638 1166 697; x_wconf 88' lang='lat' dir='ltr'><strong>ut</strong></span> <span class='ocrx_word' id='word_1_20' title='bbox 1187 636 1216 696; x_wconf 90' lang='lat' dir='ltr'><strong>si</strong></span> <span class='ocrx_word' id='word_1_21' title='bbox 1240 638 1356 698; x_wconf 86' lang='lat' dir='ltr'><strong>contra</strong></span> <span class='ocrx_word' id='word_1_22' title='bbox 1390 635 1664 711; x_wconf 81' lang='lat' dir='ltr'><strong>compositionem</strong></span> <span class='ocrx_word' id='word_1_23' title='bbox 1695 635 1812 696; x_wconf 90' lang='lat' dir='ltr'><strong>initam</strong></span> <span class='ocrx_word' id='word_1_24' title='bbox 1835 635 1923 694; x_wconf 88' lang='lat' dir='ltr'><strong>inter</strong></span> 
     </span>
     <span class='ocr_line' id='line_1_4' title="bbox 281 725 1922 808; baseline 0.003 -23"><span class='ocrx_word' id='word_1_25' title='bbox 281 725 349 786; x_wconf 88' lang='lat' dir='ltr'><strong>tam</strong></span> <span class='ocrx_word' id='word_1_26' title='bbox 365 727 520 804; x_wconf 90' lang='lat' dir='ltr'><strong>episcopo</strong></span> <span class='ocrx_word' id='word_1_27' title='bbox 539 744 637 805; x_wconf 86' lang='lat' dir='ltr'><strong>quam</strong></span> <span class='ocrx_word' id='word_1_28' title='bbox 656 727 765 805; x_wconf 86' lang='lat' dir='ltr'><strong>legato</strong></span> <span class='ocrx_word' id='word_1_29' title='bbox 788 730 936 806; x_wconf 79' lang='lat' dir='ltr'><strong>praetatis</strong></span> <span class='ocrx_word' id='word_1_30' title='bbox 951 746 1074 791; x_wconf 87' lang='lat' dir='ltr'><strong>secun·</strong></span> <span class='ocrx_word' id='word_1_31' title='bbox 1129 732 1224 793; x_wconf 87' lang='lat' dir='ltr'><strong>bonae</strong></span> <span class='ocrx_word' id='word_1_32' title='bbox 1237 733 1405 794; x_wconf 86' lang='lat' dir='ltr'><strong>mamoriae</strong></span> <span class='ocrx_word' id='word_1_33' title='bbox 1425 735 1462 793; x_wconf 91' lang='grc' dir='ltr'><strong>Ρ.</strong></span> <span class='ocrx_word' id='word_1_34' title='bbox 1481 731 1759 808; x_wconf 75' lang='lat' dir='ltr'><strong>praedecessorem</strong></span> <span class='ocrx_word' id='word_1_35' title='bbox 1776 732 1872 793; x_wconf 88' lang='lat' dir='ltr'><strong>tuum</strong></span> <span class='ocrx_word' id='word_1_36' title='bbox 1893 731 1922 790; x_wconf 88' lang='lat' dir='ltr'><strong>et</strong></span> 
     </span>
     <span class='ocr_line' id='line_1_5' title="bbox 283 821 1921 902; baseline 0.004 -21"><span class='ocrx_word' id='word_1_37' title='bbox 283 821 359 884; x_wconf 92' lang='lat' dir='ltr'><strong>dum</strong></span> <span class='ocrx_word' id='word_1_38' title='bbox 375 823 525 884; x_wconf 90' lang='lat' dir='ltr'><strong>tenorem</strong></span> <span class='ocrx_word' id='word_1_39' title='bbox 549 825 798 902; x_wconf 88' lang='lat' dir='ltr'><strong>compositiouis</strong></span> <span class='ocrx_word' id='word_1_40' title='bbox 820 825 925 902; x_wconf 90' lang='lat' dir='ltr'><strong>ipsius</strong></span> <span class='ocrx_word' id='word_1_41' title='bbox 942 826 1074 887; x_wconf 79' lang='lat' dir='ltr'><strong>interim</strong></span> <span class='ocrx_word' id='word_1_42' title='bbox 1130 828 1273 890; x_wconf 88' lang='lat' dir='ltr'><strong>nobilem</strong></span> <span class='ocrx_word' id='word_1_43' title='bbox 1293 830 1402 891; x_wconf 88' lang='lat' dir='ltr'><strong>virum</strong></span> <span class='ocrx_word' id='word_1_44' title='bbox 1420 830 1458 889; x_wconf 86' lang='lat' dir='ltr'><strong>A.</strong></span> <span class='ocrx_word' id='word_1_45' title='bbox 1480 829 1661 900; x_wconf 81' lang='lat' dir='ltr'><strong>Estensem,</strong></span> <span class='ocrx_word' id='word_1_46' title='bbox 1677 829 1756 888; x_wconf 87' lang='lat' dir='ltr'><strong>tunc</strong></span> <span class='ocrx_word' id='word_1_47' title='bbox 1769 828 1921 888; x_wconf 84' lang='lat' dir='ltr'><strong>Anconi-</strong></span> 
     </span>
     <span class='ocr_line' id='line_1_6' title="bbox 282 918 1920 1001; baseline 0.004 -24"><span class='ocrx_word' id='word_1_48' title='bbox 282 918 354 978; x_wconf 90' lang='lat' dir='ltr'><strong>sine</strong></span> <span class='ocrx_word' id='word_1_49' title='bbox 370 918 560 981; x_wconf 85' lang='lat' dir='ltr'><strong>difficultate</strong></span> <span class='ocrx_word' id='word_1_50' title='bbox 576 921 725 999; x_wconf 85' lang='lat' dir='ltr'><strong>qualibet</strong></span> <span class='ocrx_word' id='word_1_51' title='bbox 737 921 928 983; x_wconf 88' lang='lat' dir='ltr'><strong>intendatis.</strong></span> <span class='ocrx_word' id='word_1_52' title='bbox 948 922 988 983; x_wconf 86' lang='lat' dir='ltr'><strong>m</strong></span> <span class='ocrx_word' id='word_1_53' title='bbox 998 937 1075 984; x_wconf 91' lang='lat' dir='ltr'><strong>ecce</strong></span> <span class='ocrx_word' id='word_1_54' title='bbox 1129 926 1254 997; x_wconf 89' lang='lat' dir='ltr'><strong>tanum,</strong></span> <span class='ocrx_word' id='word_1_55' title='bbox 1269 925 1495 986; x_wconf 83' lang='lat' dir='ltr'><strong>marchionem</strong></span> <span class='ocrx_word' id='word_1_56' title='bbox 1509 941 1609 1000; x_wconf 90' lang='lat' dir='ltr'><strong>super</strong></span> <span class='ocrx_word' id='word_1_57' title='bbox 1618 925 1751 1001; x_wconf 90' lang='lat' dir='ltr'><strong>juribus</strong></span> <span class='ocrx_word' id='word_1_58' title='bbox 1764 924 1869 984; x_wconf 87' lang='lat' dir='ltr'><strong>curiae</strong></span> <span class='ocrx_word' id='word_1_59' title='bbox 1885 937 1920 984; x_wconf 87' lang='lat' dir='ltr'><strong>ac</strong></span> 
     </span>
     <span class='ocr_line' id='line_1_7' title="bbox 281 1014 1920 1098; baseline 0.002 -23"><span class='ocrx_word' id='word_1_60' title='bbox 281 1014 466 1076; x_wconf 86' lang='lat' dir='ltr'><strong>venerabili</strong></span> <span class='ocrx_word' id='word_1_61' title='bbox 481 1017 577 1078; x_wconf 79' lang='lat' dir='ltr'><strong>fratri</strong></span> <span class='ocrx_word' id='word_1_62' title='bbox 600 1019 712 1080; x_wconf 87' lang='lat' dir='ltr'><strong>nostro</strong></span> <span class='ocrx_word' id='word_1_63' title='bbox 739 1019 966 1080; x_wconf 74' lang='lat' dir='ltr'><strong>camerinensi</strong></span> <span class='ocrx_word' id='word_1_64' title='bbox 986 1019 1077 1095; x_wconf 90' lang='lat' dir='ltr'><strong>epis·</strong></span> <span class='ocrx_word' id='word_1_65' title='bbox 1130 1021 1280 1083; x_wconf 89' lang='lat' dir='ltr'><strong>acclesiae</strong></span> <span class='ocrx_word' id='word_1_66' title='bbox 1310 1023 1388 1094; x_wconf 83' lang='lat' dir='ltr'><strong>tuae,</strong></span> <span class='ocrx_word' id='word_1_67' title='bbox 1418 1021 1490 1098; x_wconf 90' lang='lat' dir='ltr'><strong>ipso</strong></span> <span class='ocrx_word' id='word_1_68' title='bbox 1514 1021 1681 1082; x_wconf 82' lang='lat' dir='ltr'><strong>mediante</strong></span> <span class='ocrx_word' id='word_1_69' title='bbox 1706 1021 1815 1096; x_wconf 77' lang='lat' dir='ltr'><strong>legato</strong></span> <span class='ocrx_word' id='word_1_70' title='bbox 1844 1021 1920 1080; x_wconf 91' lang='lat' dir='ltr'><strong>tunc</strong></span> 
     </span>
     <span class='ocr_line' id='line_1_8' title="bbox 281 1112 1919 1194; baseline 0.004 -22"><span class='ocrx_word' id='word_1_71' title='bbox 281 1127 365 1188; x_wconf 77' lang='lat' dir='ltr'><strong>copo</strong></span> <span class='ocrx_word' id='word_1_72' title='bbox 380 1112 496 1175; x_wconf 90' lang='lat' dir='ltr'><strong>damus</strong></span> <span class='ocrx_word' id='word_1_73' title='bbox 515 1115 638 1175; x_wconf 90' lang='lat' dir='ltr'><strong>nostris</strong></span> <span class='ocrx_word' id='word_1_74' title='bbox 653 1115 773 1178; x_wconf 87' lang='lat' dir='ltr'><strong>litteris</strong></span> <span class='ocrx_word' id='word_1_75' title='bbox 792 1117 827 1176; x_wconf 90' lang='lat' dir='ltr'><strong>in</strong></span> <span class='ocrx_word' id='word_1_76' title='bbox 847 1115 1023 1187; x_wconf 76' lang='lat' dir='ltr'><strong>mandatio,</strong></span> <span class='ocrx_word' id='word_1_77' title='bbox 1040 1115 1076 1176; x_wconf 84' lang='lat' dir='ltr'><strong>ut</strong></span> <span class='ocrx_word' id='word_1_78' title='bbox 1131 1117 1436 1194; x_wconf 81' lang='lat' dir='ltr'><strong>sedisapostolicae</strong></span> <span class='ocrx_word' id='word_1_79' title='bbox 1457 1119 1572 1180; x_wconf 84' lang='lat' dir='ltr'><strong>nuntio</strong></span> <span class='ocrx_word' id='word_1_80' title='bbox 1592 1117 1767 1189; x_wconf 79' lang='lat' dir='ltr'><strong>existente,</strong></span> <span class='ocrx_word' id='word_1_81' title='bbox 1782 1117 1919 1178; x_wconf 88' lang='lat' dir='ltr'><strong>invene-</strong></span> 
     </span>
     <span class='ocr_line' id='line_1_9' title="bbox 281 1210 1918 1292; baseline 0.004 -24"><span class='ocrx_word' id='word_1_82' title='bbox 281 1210 437 1286; x_wconf 84' lang='lat' dir='ltr'><strong>quicquid</strong></span> <span class='ocrx_word' id='word_1_83' title='bbox 448 1214 499 1271; x_wconf 91' lang='lat' dir='ltr'><strong>est</strong></span> <span class='ocrx_word' id='word_1_84' title='bbox 513 1211 554 1272; x_wconf 86' lang='lat' dir='ltr'><strong>ab</strong></span> <span class='ocrx_word' id='word_1_85' title='bbox 569 1211 636 1272; x_wconf 89' lang='lat' dir='ltr'><strong>alia</strong></span> <span class='ocrx_word' id='word_1_86' title='bbox 650 1213 792 1288; x_wconf 89' lang='lat' dir='ltr'><strong>partium</strong></span> <span class='ocrx_word' id='word_1_87' title='bbox 806 1212 922 1274; x_wconf 87' lang='lat' dir='ltr'><strong>contra</strong></span> <span class='ocrx_word' id='word_1_88' title='bbox 935 1227 1075 1288; x_wconf 90' lang='lat' dir='ltr'><strong>compo·</strong></span> <span class='ocrx_word' id='word_1_89' title='bbox 1130 1216 1214 1286; x_wconf 77' lang='lat' dir='ltr'><strong>rita</strong></span> <span class='ocrx_word' id='word_1_90' title='bbox 1228 1216 1386 1290; x_wconf 87' lang='lat' dir='ltr'><strong>tempore,</strong></span> <span class='ocrx_word' id='word_1_91' title='bbox 1401 1230 1466 1292; x_wconf 88' lang='lat' dir='ltr'><strong>quo</strong></span> <span class='ocrx_word' id='word_1_92' title='bbox 1478 1215 1609 1286; x_wconf 76' lang='lat' dir='ltr'><strong>litterae,</strong></span> <span class='ocrx_word' id='word_1_93' title='bbox 1618 1213 1737 1290; x_wconf 86' lang='lat' dir='ltr'><strong>quihus</strong></span> <span class='ocrx_word' id='word_1_94' title='bbox 1747 1213 1918 1289; x_wconf 86' lang='lat' dir='ltr'><strong>utramque</strong></span> 
     </span>
     <span class='ocr_line' id='line_1_10' title="bbox 282 1305 1917 1388; baseline 0.004 -23"><span class='ocrx_word' id='word_1_95' title='bbox 282 1305 436 1368; x_wconf 85' lang='lat' dir='ltr'><strong>altionem</strong></span> <span class='ocrx_word' id='word_1_96' title='bbox 464 1308 654 1385; x_wconf 88' lang='lat' dir='ltr'><strong>hujusmodi</strong></span> <span class='ocrx_word' id='word_1_97' title='bbox 681 1323 700 1368; x_wconf 86' lang='lat' dir='ltr'><strong>a</strong></span> <span class='ocrx_word' id='word_1_98' title='bbox 728 1312 887 1385; x_wconf 91' lang='lat' dir='ltr'><strong>tempore,</strong></span> <span class='ocrx_word' id='word_1_99' title='bbox 917 1324 982 1385; x_wconf 87' lang='lat' dir='ltr'><strong>quo</strong></span> <span class='ocrx_word' id='word_1_100' title='bbox 1011 1307 1074 1370; x_wconf 89' lang='lat' dir='ltr'><strong>ob·</strong></span> <span class='ocrx_word' id='word_1_101' title='bbox 1129 1313 1256 1388; x_wconf 84' lang='lat' dir='ltr'><strong>partem</strong></span> <span class='ocrx_word' id='word_1_102' title='bbox 1293 1312 1401 1388; x_wconf 92' lang='lat' dir='ltr'><strong>primo</strong></span> <span class='ocrx_word' id='word_1_103' title='bbox 1436 1311 1622 1382; x_wconf 83' lang='lat' dir='ltr'><strong>citavimus,</strong></span> <span class='ocrx_word' id='word_1_104' title='bbox 1660 1310 1809 1372; x_wconf 70' lang='lat' dir='ltr'><strong>recitate</strong></span> <span class='ocrx_word' id='word_1_105' title='bbox 1845 1308 1917 1371; x_wconf 82' lang='lat' dir='ltr'><strong>fue·</strong></span> 
     </span>
     <span class='ocr_line' id='line_1_11' title="bbox 279 1403 1784 1482; baseline 0.003 -19"><span class='ocrx_word' id='word_1_106' title='bbox 279 1405 381 1464; x_wconf 79' lang='lat' dir='ltr'><strong>tentae</strong></span> <span class='ocrx_word' id='word_1_107' title='bbox 414 1403 547 1466; x_wconf 86' lang='lat' dir='ltr'><strong>fuerunt</strong></span> <span class='ocrx_word' id='word_1_108' title='bbox 583 1404 714 1476; x_wconf 86' lang='lat' dir='ltr'><strong>litterae,</strong></span> <span class='ocrx_word' id='word_1_109' title='bbox 745 1404 863 1482; x_wconf 87' lang='lat' dir='ltr'><strong>quihus</strong></span> <span class='ocrx_word' id='word_1_110' title='bbox 902 1406 1074 1482; x_wconf 89' lang='lat' dir='ltr'><strong>utramque</strong></span> <span class='ocrx_word' id='word_1_111' title='bbox 1128 1410 1216 1482; x_wconf 89' lang='lat' dir='ltr'><strong>runt,</strong></span> <span class='ocrx_word' id='word_1_112' title='bbox 1234 1409 1309 1480; x_wconf 82' lang='lat' dir='ltr'><strong>etc,</strong></span> <span class='ocrx_word' id='word_1_113' title='bbox 1323 1409 1602 1482; x_wconf 62' lang='lat' dir='ltr'><strong>ursmarumque</strong></span> <span class='ocrx_word' id='word_1_114' title='bbox 1618 1410 1654 1468; x_wconf 85' lang='lat' dir='ltr'><strong>tn</strong></span> <span class='ocrx_word' id='word_1_115' title='bbox 1669 1407 1784 1479; x_wconf 74' lang='lat' dir='ltr'><strong>ricem.</strong></span> 
     </span>
     <span class='ocr_line' id='line_1_12' title="bbox 280 1500 1916 1607; baseline 0.018 -48"><span class='ocrx_word' id='word_1_116' title='bbox 280 1501 407 1577; x_wconf 88' lang='lat' dir='ltr'><strong>partem</strong></span> <span class='ocrx_word' id='word_1_117' title='bbox 434 1501 540 1577; x_wconf 90' lang='lat' dir='ltr'><strong>primo</strong></span> <span class='ocrx_word' id='word_1_118' title='bbox 564 1500 750 1574; x_wconf 85' lang='lat' dir='ltr'><strong>citavimus,</strong></span> <span class='ocrx_word' id='word_1_119' title='bbox 772 1503 979 1575; x_wconf 82' lang='lat' dir='ltr'><strong>attematum,</strong></span> <span class='ocrx_word' id='word_1_120' title='bbox 999 1517 1075 1562; x_wconf 90' lang='lat' dir='ltr'><strong>auc·</strong></span> <span class='ocrx_word' id='word_1_121' title='bbox 1168 1536 1211 1593; x_wconf 82' lang='lat' dir='ltr'><strong>lc</strong></span> <span class='ocrx_word' id='word_1_122' title='bbox 1225 1535 1383 1593; x_wconf 64' lang='lat' dir='ltr'><strong>eumdem</strong></span> <span class='ocrx_word' id='word_1_123' title='bbox 1397 1534 1574 1596; x_wconf 72' lang='lat' dir='ltr'><strong>modum...</strong></span> <span class='ocrx_word' id='word_1_124' title='bbox 1591 1529 1748 1607; x_wconf 87' lang='lat' dir='ltr'><strong>episcopo</strong></span> <span class='ocrx_word' id='word_1_125' title='bbox 1768 1527 1916 1590; x_wconf 84' lang='lat' dir='ltr'><strong>Cameri-</strong></span> 
     </span>
     <span class='ocr_line' id='line_1_13' title="bbox 279 1589 1523 1691; baseline 0.002 -34"><span class='ocrx_word' id='word_1_126' title='bbox 279 1589 414 1658; x_wconf 87' lang='lat' dir='ltr'><strong>toritate</strong></span> <span class='ocrx_word' id='word_1_127' title='bbox 429 1598 542 1659; x_wconf 88' lang='lat' dir='ltr'><strong>nostra</strong></span> <span class='ocrx_word' id='word_1_128' title='bbox 565 1597 696 1660; x_wconf 86' lang='lat' dir='ltr'><strong>studeat</strong></span> <span class='ocrx_word' id='word_1_129' title='bbox 712 1599 748 1658; x_wconf 92' lang='lat' dir='ltr'><strong>in</strong></span> <span class='ocrx_word' id='word_1_130' title='bbox 761 1599 882 1659; x_wconf 86' lang='lat' dir='ltr'><strong>statum</strong></span> <span class='ocrx_word' id='word_1_131' title='bbox 896 1599 1073 1676; x_wconf 88' lang='lat' dir='ltr'><strong>pristinum</strong></span> <span class='ocrx_word' id='word_1_132' title='bbox 1128 1629 1235 1691; x_wconf 44' lang='lat' dir='ltr'><strong>nemi·</strong></span> <span class='ocrx_word' id='word_1_133' title='bbox 1355 1595 1358 1602; x_wconf 86' lang='lat'>&#39;</span> <span class='ocrx_word' id='word_1_134' title='bbox 1521 1599 1523 1602; x_wconf 81' lang='grc'><strong>’</strong></span> 
     </span>
     <span class='ocr_line' id='line_1_14' title="bbox 280 1695 1072 1775; baseline 0.003 -21"><span class='ocrx_word' id='word_1_135' title='bbox 280 1707 454 1775; x_wconf 56' lang='lat' dir='ltr'><strong>revocare„</strong></span> <span class='ocrx_word' id='word_1_136' title='bbox 477 1695 595 1756; x_wconf 89' lang='lat' dir='ltr'><strong>Datum</strong></span> <span class='ocrx_word' id='word_1_137' title='bbox 621 1695 789 1767; x_wconf 86' lang='lat' dir='ltr'><strong>Laterani,</strong></span> <span class='ocrx_word' id='word_1_138' title='bbox 812 1697 887 1756; x_wconf 88' lang='lat' dir='ltr'><strong>XIV</strong></span> <span class='ocrx_word' id='word_1_139' title='bbox 911 1695 1072 1756; x_wconf 88' lang='lat' dir='ltr'><strong>kalendas</strong></span> 
     </span>
     <span class='ocr_line' id='line_1_15' title="bbox 280 1790 1014 1867; baseline 0.003 -17"><span class='ocrx_word' id='word_1_140' title='bbox 280 1790 424 1866; x_wconf 85' lang='lat' dir='ltr'><strong>augusti,</strong></span> <span class='ocrx_word' id='word_1_141' title='bbox 439 1792 649 1867; x_wconf 83' lang='lat' dir='ltr'><strong>pontificatus</strong></span> <span class='ocrx_word' id='word_1_142' title='bbox 665 1792 770 1853; x_wconf 86' lang='lat' dir='ltr'><strong>nostri</strong></span> <span class='ocrx_word' id='word_1_143' title='bbox 780 1805 869 1852; x_wconf 88' lang='lat' dir='ltr'><strong>anno</strong></span> <span class='ocrx_word' id='word_1_144' title='bbox 885 1795 1014 1853; x_wconf 85' lang='lat' dir='ltr'><strong>octavo.</strong></span> 
     </span>
    </p>
   </div>
   <div class='ocr_carea' id='block_1_3' title="bbox 279 1849 1879 2110">
    <p class='ocr_par' dir='ltr' id='par_1_3' title="bbox 279 1849 1879 2110">
     <span class='ocr_line' id='line_1_16' title="bbox 320 1849 1611 1978; baseline -0.009 -5"><span class='ocrx_word' id='word_1_145' title='bbox 320 1916 362 1974; x_wconf 81' lang='lat' dir='ltr'><strong>In</strong></span> <span class='ocrx_word' id='word_1_146' title='bbox 384 1918 541 1977; x_wconf 68' lang='lat' dir='ltr'><strong>cuondam</strong></span> <span class='ocrx_word' id='word_1_147' title='bbox 565 1919 704 1977; x_wconf 82' lang='lat' dir='ltr'><strong>modum</strong></span> <span class='ocrx_word' id='word_1_148' title='bbox 729 1915 895 1977; x_wconf 87' lang='lat' dir='ltr'><strong>universis</strong></span> <span class='ocrx_word' id='word_1_149' title='bbox 921 1915 1073 1978; x_wconf 87' lang='lat' dir='ltr'><strong>fidelihus</strong></span> <span class='ocrx_word' id='word_1_150' title='bbox 1442 1849 1611 1938; x_wconf 72' lang='lat' dir='ltr'>CCLVH</span> 
     </span>
     <span class='ocr_line' id='line_1_17' title="bbox 279 1999 1879 2110; baseline -0.009 -38"><span class='ocrx_word' id='word_1_151' title='bbox 279 2025 339 2108; x_wconf 87' lang='lat' dir='ltr'><strong>per</strong></span> <span class='ocrx_word' id='word_1_152' title='bbox 354 2010 544 2094; x_wconf 86' lang='lat' dir='ltr'><strong>Firmanum</strong></span> <span class='ocrx_word' id='word_1_153' title='bbox 561 2013 751 2090; x_wconf 86' lang='lat' dir='ltr'><strong>comitatum</strong></span> <span class='ocrx_word' id='word_1_154' title='bbox 765 2012 962 2110; x_wconf 83' lang='lat' dir='ltr'><strong>constitutis.</strong></span> <span class='ocrx_word' id='word_1_155' title='bbox 1167 2001 1219 2061; x_wconf 83' lang='lat' dir='ltr'><strong>Ad</strong></span> <span class='ocrx_word' id='word_1_156' title='bbox 1231 1999 1458 2074; x_wconf 73' lang='lat' dir='ltr'><strong>praepositum</strong></span> <span class='ocrx_word' id='word_1_157' title='bbox 1472 1999 1506 2060; x_wconf 83' lang='lat' dir='ltr'><strong>et</strong></span> <span class='ocrx_word' id='word_1_158' title='bbox 1519 1999 1652 2074; x_wconf 58' lang='lat' dir='ltr'><strong>matres</strong></span> <span class='ocrx_word' id='word_1_159' title='bbox 1667 1999 1702 2060; x_wconf 82' lang='lat' dir='ltr'><strong>S.</strong></span> <span class='ocrx_word' id='word_1_160' title='bbox 1720 2001 1879 2060; x_wconf 81' lang='lat' dir='ltr'><strong>Andrcoe.</strong></span> 
     </span>
    </p>
   </div>
   <div class='ocr_carea' id='block_1_4' title="bbox 1322 2125 1723 2200">
    <p class='ocr_par' dir='ltr' id='par_1_4' title="bbox 1322 2125 1723 2200">
     <span class='ocr_line' id='line_1_18' title="bbox 1322 2125 1723 2200; baseline -0.002 -14"><span class='ocrx_word' id='word_1_161' title='bbox 1322 2129 1392 2186; x_wconf 75' lang='lat' dir='ltr'><strong>liii</strong></span> <span class='ocrx_word' id='word_1_162' title='bbox 1406 2127 1480 2199; x_wconf 85' lang='lat' dir='ltr'><strong>(sine</strong></span> <span class='ocrx_word' id='word_1_163' title='bbox 1498 2127 1544 2185; x_wconf 90' lang='lat' dir='ltr'><strong>die</strong></span> <span class='ocrx_word' id='word_1_164' title='bbox 1558 2135 1586 2185; x_wconf 82' lang='lat' dir='ltr'><strong>ct</strong></span> <span class='ocrx_word' id='word_1_165' title='bbox 1600 2125 1723 2200; x_wconf 82' lang='lat' dir='ltr'><strong>mense).</strong></span> 
     </span>
    </p>
   </div>
   <div class='ocr_carea' id='block_1_5' title="bbox 602 2250 1769 2368">
    <p class='ocr_par' dir='ltr' id='par_1_5' title="bbox 602 2250 1769 2368">
     <span class='ocr_line' id='line_1_19' title="bbox 602 2250 1769 2368; baseline -0.051 -11"><span class='ocrx_word' id='word_1_166' title='bbox 602 2281 750 2368; x_wconf 80' lang='lat' dir='ltr'><strong>GGLVI</strong></span> <span class='ocrx_word' id='word_1_167' title='bbox 1275 2250 1769 2316; x_wconf 75' lang='lat' dir='ltr'><strong>[Dueffius,lliscellan.,11,iao,n.a.]</strong></span> 
     </span>
    </p>
   </div>
   <div class='ocr_carea' id='block_1_6' title="bbox 1153 2365 1889 2439">
    <p class='ocr_par' dir='ltr' id='par_1_6' title="bbox 1153 2365 1889 2439">
     <span class='ocr_line' id='line_1_20' title="bbox 1153 2365 1889 2439; baseline -0.01 -13"><span class='ocrx_word' id='word_1_168' title='bbox 1153 2371 1210 2426; x_wconf 81' lang='lat' dir='ltr'><strong>Eos</strong></span> <span class='ocrx_word' id='word_1_169' title='bbox 1223 2367 1275 2426; x_wconf 86' lang='lat' dir='ltr'><strong>sub</strong></span> <span class='ocrx_word' id='word_1_170' title='bbox 1290 2367 1366 2424; x_wconf 86' lang='lat' dir='ltr'><strong>beati</strong></span> <span class='ocrx_word' id='word_1_171' title='bbox 1380 2367 1455 2424; x_wconf 82' lang='lat' dir='ltr'><strong>Petri</strong></span> <span class='ocrx_word' id='word_1_172' title='bbox 1470 2374 1498 2424; x_wconf 82' lang='lat' dir='ltr'><strong>at</strong></span> <span class='ocrx_word' id='word_1_173' title='bbox 1511 2380 1562 2424; x_wconf 89' lang='lat' dir='ltr'><strong>sua</strong></span> <span class='ocrx_word' id='word_1_174' title='bbox 1576 2366 1750 2439; x_wconf 82' lang='lat' dir='ltr'><strong>protectione</strong></span> <span class='ocrx_word' id='word_1_175' title='bbox 1764 2365 1889 2439; x_wconf 81' lang='lat' dir='ltr'><strong>suscipit.</strong></span> 
     </span>
    </p>
   </div>
   <div class='ocr_carea' id='block_1_7' title="bbox 420 2459 1909 2568">
    <p class='ocr_par' dir='ltr' id='par_1_7' title="bbox 420 2459 1909 2568">
     <span class='ocr_line' id='line_1_21' title="bbox 420 2459 1909 2568; baseline 0.01 -33"><span class='ocrx_word' id='word_1_176' title='bbox 420 2459 471 2536; x_wconf 62' lang='lat' dir='ltr'><strong>Ad</strong></span> <span class='ocrx_word' id='word_1_177' title='bbox 494 2461 930 2534; x_wconf 57' lang='lat' dir='ltr'><strong>31³²⁸0⁰Wmflmamm</strong></span> <span class='ocrx_word' id='word_1_178' title='bbox 1165 2492 1332 2554; x_wconf 89' lang='lat' dir='ltr'><strong>Honorius</strong></span> <span class='ocrx_word' id='word_1_179' title='bbox 1343 2492 1656 2568; x_wconf 66' lang='lat' dir='ltr'><strong>episcopusservus</strong></span> <span class='ocrx_word' id='word_1_180' title='bbox 1667 2505 1838 2551; x_wconf 90' lang='lat' dir='ltr'><strong>servorum</strong></span> <span class='ocrx_word' id='word_1_181' title='bbox 1846 2491 1909 2561; x_wconf 86' lang='lat' dir='ltr'><strong>Dei,</strong></span> 
     </span>
    </p>
   </div>
   <div class='ocr_carea' id='block_1_8' title="bbox 276 2586 1912 4416">
    <p class='ocr_par' dir='ltr' id='par_1_8' title="bbox 312 2586 1912 2958">
     <span class='ocr_line' id='line_1_22' title="bbox 576 2586 1912 2665; baseline -0.011 -4"><span class='ocrx_word' id='word_1_182' title='bbox 576 2589 609 2644; x_wconf 78' lang='lat'><strong>¹9</strong></span> <span class='ocrx_word' id='word_1_183' title='bbox 621 2587 682 2660; x_wconf 84' lang='lat' dir='ltr'><strong>l&#39;ulii</strong></span> <span class='ocrx_word' id='word_1_184' title='bbox 699 2587 778 2644; x_wconf 72' lang='lat' dir='ltr'><strong>llll.</strong></span> <span class='ocrx_word' id='word_1_185' title='bbox 1125 2590 1256 2652; x_wconf 89' lang='lat' dir='ltr'><strong>dilectis</strong></span> <span class='ocrx_word' id='word_1_186' title='bbox 1272 2589 1350 2649; x_wconf 88' lang='lat' dir='ltr'><strong>tiliis</strong></span> <span class='ocrx_word' id='word_1_187' title='bbox 1364 2587 1543 2665; x_wconf 71' lang='lat' dir='ltr'><strong>praeposito</strong></span> <span class='ocrx_word' id='word_1_188' title='bbox 1559 2587 1710 2649; x_wconf 81' lang='lat' dir='ltr'><strong>ecclesiae</strong></span> <span class='ocrx_word' id='word_1_189' title='bbox 1727 2586 1912 2648; x_wconf 77' lang='lat' dir='ltr'><strong>sanctian-</strong></span> 
     </span>
     <span class='ocr_line' id='line_1_23' title="bbox 312 2683 1906 2777; baseline 0 -16"><span class='ocrx_word' id='word_1_190' title='bbox 312 2710 442 2776; x_wconf 55' lang='lat' dir='ltr'><strong>[rueram</strong></span> <span class='ocrx_word' id='word_1_191' title='bbox 455 2709 516 2761; x_wconf 78' lang='lat' dir='ltr'><strong>coa.</strong></span> <span class='ocrx_word' id='word_1_192' title='bbox 530 2709 592 2775; x_wconf 72' lang='lat' dir='ltr'><strong>capr.</strong></span> <span class='ocrx_word' id='word_1_193' title='bbox 608 2709 871 2777; x_wconf 67' lang='lat' dir='ltr'><strong>aomrnrrramporu,</strong></span> <span class='ocrx_word' id='word_1_194' title='bbox 885 2709 904 2770; x_wconf 89' lang='lat'><strong>1,</strong></span> <span class='ocrx_word' id='word_1_195' title='bbox 917 2708 958 2770; x_wconf 87' lang='lat' dir='ltr'><strong>eo,</strong></span> <span class='ocrx_word' id='word_1_196' title='bbox 973 2708 1040 2774; x_wconf 77' lang='lat' dir='ltr'><strong>raa]</strong></span> <span class='ocrx_word' id='word_1_197' title='bbox 1126 2687 1226 2758; x_wconf 87' lang='lat' dir='ltr'><strong>dreae,</strong></span> <span class='ocrx_word' id='word_1_198' title='bbox 1246 2685 1394 2762; x_wconf 81' lang='lat' dir='ltr'><strong>ejusdem</strong></span> <span class='ocrx_word' id='word_1_199' title='bbox 1421 2684 1580 2747; x_wconf 81' lang='lat' dir='ltr'><strong>fratribus</strong></span> <span class='ocrx_word' id='word_1_200' title='bbox 1601 2689 1670 2746; x_wconf 84' lang='lat' dir='ltr'><strong>tam</strong></span> <span class='ocrx_word' id='word_1_201' title='bbox 1696 2683 1906 2761; x_wconf 79' lang='lat' dir='ltr'><strong>praesentinus</strong></span> 
     </span>
     <span class='ocr_line' id='line_1_24' title="bbox 1126 2779 1909 2861; baseline -0.006 -17"><span class='ocrx_word' id='word_1_202' title='bbox 1126 2799 1224 2861; x_wconf 87' lang='lat' dir='ltr'><strong>quam</strong></span> <span class='ocrx_word' id='word_1_203' title='bbox 1240 2782 1371 2856; x_wconf 84' lang='lat' dir='ltr'><strong>suturis,</strong></span> <span class='ocrx_word' id='word_1_204' title='bbox 1388 2781 1575 2858; x_wconf 82' lang='lat' dir='ltr'><strong>regularem</strong></span> <span class='ocrx_word' id='word_1_205' title='bbox 1590 2781 1693 2843; x_wconf 91' lang='lat' dir='ltr'><strong>vitam</strong></span> <span class='ocrx_word' id='word_1_206' title='bbox 1711 2779 1866 2858; x_wconf 83' lang='lat' dir='ltr'><strong>protessis</strong></span> <span class='ocrx_word' id='word_1_207' title='bbox 1879 2780 1909 2840; x_wconf 91' lang='lat' dir='ltr'><strong>in</strong></span> 
     </span>
     <span class='ocr_line' id='line_1_25' title="bbox 1125 2881 1331 2958; baseline -0.015 -16"><span class='ocrx_word' id='word_1_208' title='bbox 1125 2881 1331 2958; x_wconf 89' lang='lat' dir='ltr'><strong>perpetuum.</strong></span> 
     </span>
    </p>

    <p class='ocr_par' dir='ltr' id='par_1_9' title="bbox 277 2973 1907 3248">
     <span class='ocr_line' id='line_1_26' title="bbox 317 2973 1905 3054; baseline -0.003 -16"><span class='ocrx_word' id='word_1_209' title='bbox 317 2977 680 3054; x_wconf 84' lang='lat' dir='ltr'><strong>Honoriusepiscopus,</strong></span> <span class='ocrx_word' id='word_1_210' title='bbox 693 2991 809 3038; x_wconf 90' lang='lat' dir='ltr'><strong>servus</strong></span> <span class='ocrx_word' id='word_1_211' title='bbox 818 2991 991 3038; x_wconf 90' lang='lat' dir='ltr'><strong>servorum</strong></span> <span class='ocrx_word' id='word_1_212' title='bbox 999 2976 1069 3048; x_wconf 87' lang='lat' dir='ltr'><strong>Dei,</strong></span> <span class='ocrx_word' id='word_1_213' title='bbox 1166 2977 1301 3048; x_wconf 87' lang='lat' dir='ltr'><strong>Quoties</strong></span> <span class='ocrx_word' id='word_1_214' title='bbox 1325 2991 1345 3036; x_wconf 91' lang='lat' dir='ltr'><strong>a</strong></span> <span class='ocrx_word' id='word_1_215' title='bbox 1369 2973 1466 3036; x_wconf 86' lang='lat' dir='ltr'><strong>nobis</strong></span> <span class='ocrx_word' id='word_1_216' title='bbox 1493 2973 1628 3051; x_wconf 87' lang='lat' dir='ltr'><strong>petitur,</strong></span> <span class='ocrx_word' id='word_1_217' title='bbox 1643 2973 1730 3050; x_wconf 81' lang='lat' dir='ltr'><strong>quod</strong></span> <span class='ocrx_word' id='word_1_218' title='bbox 1749 2973 1905 3035; x_wconf 87' lang='lat' dir='ltr'><strong>honestati</strong></span> 
     </span>
     <span class='ocr_line' id='line_1_27' title="bbox 277 3070 1907 3149; baseline -0.004 -14"><span class='ocrx_word' id='word_1_219' title='bbox 277 3073 609 3138; x_wconf 83' lang='lat' dir='ltr'><strong>venerahiliiratri...</strong></span> <span class='ocrx_word' id='word_1_220' title='bbox 626 3075 781 3149; x_wconf 89' lang='lat' dir='ltr'><strong>episcopo</strong></span> <span class='ocrx_word' id='word_1_221' title='bbox 799 3073 966 3144; x_wconf 80' lang='lat' dir='ltr'><strong>Firmano,</strong></span> <span class='ocrx_word' id='word_1_222' title='bbox 984 3072 1072 3134; x_wconf 89' lang='lat' dir='ltr'><strong>salu·</strong></span> <span class='ocrx_word' id='word_1_223' title='bbox 1125 3074 1158 3135; x_wconf 94' lang='lat' dir='ltr'><strong>et</strong></span> <span class='ocrx_word' id='word_1_224' title='bbox 1181 3073 1336 3149; x_wconf 82' lang='lat' dir='ltr'><strong>religioni</strong></span> <span class='ocrx_word' id='word_1_225' title='bbox 1361 3071 1540 3133; x_wconf 90' lang='lat' dir='ltr'><strong>convenire</strong></span> <span class='ocrx_word' id='word_1_226' title='bbox 1563 3070 1780 3145; x_wconf 84' lang='lat' dir='ltr'><strong>dignoscitur,</strong></span> <span class='ocrx_word' id='word_1_227' title='bbox 1806 3071 1907 3131; x_wconf 87' lang='lat' dir='ltr'><strong>animo</strong></span> 
     </span>
     <span class='ocr_line' id='line_1_28' title="bbox 277 3167 1907 3248; baseline -0.004 -16"><span class='ocrx_word' id='word_1_228' title='bbox 277 3168 915 3248; x_wconf 87' lang='lat' dir='ltr'><strong>temetApostolicambenedictionem.</strong></span> <span class='ocrx_word' id='word_1_229' title='bbox 1125 3185 1186 3232; x_wconf 90' lang='lat' dir='ltr'><strong>nos</strong></span> <span class='ocrx_word' id='word_1_230' title='bbox 1212 3170 1306 3232; x_wconf 90' lang='lat' dir='ltr'><strong>decet</strong></span> <span class='ocrx_word' id='word_1_231' title='bbox 1327 3167 1443 3230; x_wconf 89' lang='lat' dir='ltr'><strong>libenti</strong></span> <span class='ocrx_word' id='word_1_232' title='bbox 1465 3167 1659 3238; x_wconf 85' lang='lat' dir='ltr'><strong>concedere,</strong></span> <span class='ocrx_word' id='word_1_233' title='bbox 1682 3168 1715 3229; x_wconf 92' lang='lat' dir='ltr'><strong>et</strong></span> <span class='ocrx_word' id='word_1_234' title='bbox 1737 3169 1907 3244; x_wconf 84' lang='lat' dir='ltr'><strong>petentium</strong></span> 
     </span>
    </p>

    <p class='ocr_par' dir='ltr' id='par_1_10' title="bbox 276 3263 1906 4416">
     <span class='ocr_line' id='line_1_29' title="bbox 318 3263 1905 3343; baseline -0.003 -16"><span class='ocrx_word' id='word_1_235' title='bbox 318 3268 397 3328; x_wconf 85' lang='lat' dir='ltr'><strong>Cum</strong></span> <span class='ocrx_word' id='word_1_236' title='bbox 417 3267 568 3342; x_wconf 83' lang='lat' dir='ltr'><strong>ecclesiae</strong></span> <span class='ocrx_word' id='word_1_237' title='bbox 592 3267 756 3328; x_wconf 85' lang='lat' dir='ltr'><strong>Firmauae</strong></span> <span class='ocrx_word' id='word_1_238' title='bbox 769 3267 846 3342; x_wconf 87' lang='lat' dir='ltr'><strong>jura</strong></span> <span class='ocrx_word' id='word_1_239' title='bbox 867 3265 916 3328; x_wconf 89' lang='lat' dir='ltr'><strong>sic</strong></span> <span class='ocrx_word' id='word_1_240' title='bbox 935 3280 1070 3326; x_wconf 87' lang='lat' dir='ltr'><strong>servare</strong></span> <span class='ocrx_word' id='word_1_241' title='bbox 1125 3267 1302 3343; x_wconf 81' lang='lat' dir='ltr'><strong>desideriis</strong></span> <span class='ocrx_word' id='word_1_242' title='bbox 1322 3280 1505 3341; x_wconf 79' lang='lat' dir='ltr'><strong>congruum</strong></span> <span class='ocrx_word' id='word_1_243' title='bbox 1528 3263 1724 3340; x_wconf 83' lang='lat' dir='ltr'><strong>suffragium</strong></span> <span class='ocrx_word' id='word_1_244' title='bbox 1739 3263 1905 3340; x_wconf 87' lang='lat' dir='ltr'><strong>impertiri.</strong></span> 
     </span>
     <span class='ocr_line' id='line_1_30' title="bbox 277 3361 1906 3441; baseline -0.002 -15"><span class='ocrx_word' id='word_1_245' title='bbox 277 3365 429 3435; x_wconf 90' lang='lat' dir='ltr'><strong>velimus,</strong></span> <span class='ocrx_word' id='word_1_246' title='bbox 447 3365 483 3425; x_wconf 91' lang='lat' dir='ltr'><strong>ut</strong></span> <span class='ocrx_word' id='word_1_247' title='bbox 492 3367 569 3441; x_wconf 85' lang='lat' dir='ltr'><strong>jnra</strong></span> <span class='ocrx_word' id='word_1_248' title='bbox 585 3363 686 3438; x_wconf 79' lang='lat' dir='ltr'><strong>curiae</strong></span> <span class='ocrx_word' id='word_1_249' title='bbox 701 3361 892 3432; x_wconf 83' lang='lat' dir='ltr'><strong>nullatenus</strong></span> <span class='ocrx_word' id='word_1_250' title='bbox 910 3363 1070 3422; x_wconf 85' lang='lat' dir='ltr'><strong>minuan—</strong></span> <span class='ocrx_word' id='word_1_251' title='bbox 1125 3364 1342 3440; x_wconf 85' lang='lat' dir='ltr'><strong>Quapropter,</strong></span> <span class='ocrx_word' id='word_1_252' title='bbox 1359 3364 1422 3424; x_wconf 87' lang='lat' dir='ltr'><strong>eto.</strong></span> <span class='ocrx_word' id='word_1_253' title='bbox 1439 3362 1574 3423; x_wconf 83' lang='lat' dir='ltr'><strong>Crrnctis</strong></span> <span class='ocrx_word' id='word_1_254' title='bbox 1596 3364 1707 3423; x_wconf 88' lang='lat' dir='ltr'><strong>autem</strong></span> <span class='ocrx_word' id='word_1_255' title='bbox 1723 3361 1827 3422; x_wconf 87' lang='lat' dir='ltr'><strong>eidem</strong></span> <span class='ocrx_word' id='word_1_256' title='bbox 1840 3361 1906 3422; x_wconf 90' lang='lat' dir='ltr'><strong>loco</strong></span> 
     </span>
     <span class='ocr_line' id='line_1_31' title="bbox 277 3456 1906 3536; baseline -0.003 -13"><span class='ocrx_word' id='word_1_257' title='bbox 277 3465 342 3534; x_wconf 88' lang='lat' dir='ltr'><strong>tur,</strong></span> <span class='ocrx_word' id='word_1_258' title='bbox 360 3477 400 3521; x_wconf 90' lang='lat' dir='ltr'><strong>ac</strong></span> <span class='ocrx_word' id='word_1_259' title='bbox 415 3476 514 3536; x_wconf 90' lang='lat' dir='ltr'><strong>super</strong></span> <span class='ocrx_word' id='word_1_260' title='bbox 529 3459 581 3520; x_wconf 90' lang='lat' dir='ltr'><strong>his</strong></span> <span class='ocrx_word' id='word_1_261' title='bbox 596 3459 684 3520; x_wconf 89' lang='lat' dir='ltr'><strong>inter</strong></span> <span class='ocrx_word' id='word_1_262' title='bbox 696 3459 729 3522; x_wconf 92' lang='lat' dir='ltr'><strong>te</strong></span> <span class='ocrx_word' id='word_1_263' title='bbox 747 3459 780 3520; x_wconf 93' lang='lat' dir='ltr'><strong>et</strong></span> <span class='ocrx_word' id='word_1_264' title='bbox 792 3458 949 3522; x_wconf 87' lang='lat' dir='ltr'><strong>dilectum</strong></span> <span class='ocrx_word' id='word_1_265' title='bbox 965 3457 1069 3519; x_wconf 85' lang='lat' dir='ltr'><strong>fllium</strong></span> <span class='ocrx_word' id='word_1_266' title='bbox 1125 3476 1185 3521; x_wconf 91' lang='lat' dir='ltr'><strong>sua</strong></span> <span class='ocrx_word' id='word_1_267' title='bbox 1197 3463 1275 3536; x_wconf 87' lang='lat' dir='ltr'><strong>jura</strong></span> <span class='ocrx_word' id='word_1_268' title='bbox 1290 3456 1510 3530; x_wconf 63' lang='lat' dir='ltr'><strong>servantibus</strong></span> <span class='ocrx_word' id='word_1_269' title='bbox 1528 3457 1571 3518; x_wconf 89' lang='lat' dir='ltr'><strong>sit</strong></span> <span class='ocrx_word' id='word_1_270' title='bbox 1583 3472 1649 3534; x_wconf 87' lang='lat' dir='ltr'><strong>pax</strong></span> <span class='ocrx_word' id='word_1_271' title='bbox 1664 3457 1794 3518; x_wconf 86' lang='lat' dir='ltr'><strong>Domini</strong></span> <span class='ocrx_word' id='word_1_272' title='bbox 1809 3457 1906 3518; x_wconf 89' lang='lat' dir='ltr'><strong>nostri</strong></span> 
     </span>
     <span class='ocr_line' id='line_1_32' title="bbox 278 3553 1904 3638; baseline -0.005 -18"><span class='ocrx_word' id='word_1_273' title='bbox 278 3559 428 3638; x_wconf 84' lang='lat' dir='ltr'><strong>nostrum</strong></span> <span class='ocrx_word' id='word_1_274' title='bbox 448 3561 491 3634; x_wconf 68' lang='lat' dir='ltr'><strong>P,</strong></span> <span class='ocrx_word' id='word_1_275' title='bbox 509 3555 556 3637; x_wconf 90' lang='lat'><strong>(1)</strong></span> <span class='ocrx_word' id='word_1_276' title='bbox 576 3557 817 3628; x_wconf 61' lang='lat' dir='ltr'><strong>subdiaconum,</strong></span> <span class='ocrx_word' id='word_1_277' title='bbox 845 3555 878 3617; x_wconf 90' lang='lat' dir='ltr'><strong>et</strong></span> <span class='ocrx_word' id='word_1_278' title='bbox 903 3555 1070 3616; x_wconf 87' lang='lat' dir='ltr'><strong>notarium</strong></span> <span class='ocrx_word' id='word_1_279' title='bbox 1124 3559 1204 3622; x_wconf 84' lang='lat' dir='ltr'><strong>Jesu</strong></span> <span class='ocrx_word' id='word_1_280' title='bbox 1219 3555 1354 3627; x_wconf 84' lang='lat' dir='ltr'><strong>Christi,</strong></span> <span class='ocrx_word' id='word_1_281' title='bbox 1373 3555 1534 3633; x_wconf 87' lang='lat' dir='ltr'><strong>quatenus</strong></span> <span class='ocrx_word' id='word_1_282' title='bbox 1547 3557 1580 3616; x_wconf 89' lang='lat' dir='ltr'><strong>et</strong></span> <span class='ocrx_word' id='word_1_283' title='bbox 1594 3553 1649 3614; x_wconf 88' lang='lat' dir='ltr'><strong>hic</strong></span> <span class='ocrx_word' id='word_1_284' title='bbox 1664 3553 1805 3616; x_wconf 83' lang='lat' dir='ltr'><strong>fructum</strong></span> <span class='ocrx_word' id='word_1_285' title='bbox 1819 3553 1904 3614; x_wconf 83' lang='lat' dir='ltr'><strong>honae</strong></span> 
     </span>
     <span class='ocr_line' id='line_1_33' title="bbox 277 3649 1906 3733; baseline -0.004 -17"><span class='ocrx_word' id='word_1_286' title='bbox 277 3658 439 3729; x_wconf 89' lang='lat' dir='ltr'><strong>nostrum,</strong></span> <span class='ocrx_word' id='word_1_287' title='bbox 449 3653 648 3733; x_wconf 72' lang='lat' dir='ltr'><strong>apostolicae</strong></span> <span class='ocrx_word' id='word_1_288' title='bbox 660 3652 919 3728; x_wconf 77' lang='lat' dir='ltr'><strong>Sedislegatum,</strong></span> <span class='ocrx_word' id='word_1_289' title='bbox 930 3654 1071 3713; x_wconf 87' lang='lat' dir='ltr'><strong>conten·</strong></span> <span class='ocrx_word' id='word_1_290' title='bbox 1124 3653 1265 3714; x_wconf 88' lang='lat' dir='ltr'><strong>actionis</strong></span> <span class='ocrx_word' id='word_1_291' title='bbox 1278 3652 1473 3728; x_wconf 90' lang='lat' dir='ltr'><strong>percipiant,</strong></span> <span class='ocrx_word' id='word_1_292' title='bbox 1484 3653 1517 3714; x_wconf 89' lang='lat' dir='ltr'><strong>et</strong></span> <span class='ocrx_word' id='word_1_293' title='bbox 1528 3651 1614 3728; x_wconf 89' lang='lat' dir='ltr'><strong>apud</strong></span> <span class='ocrx_word' id='word_1_294' title='bbox 1630 3650 1813 3712; x_wconf 89' lang='lat' dir='ltr'><strong>districtum</strong></span> <span class='ocrx_word' id='word_1_295' title='bbox 1821 3649 1906 3726; x_wconf 90' lang='lat' dir='ltr'><strong>judi-</strong></span> 
     </span>
     <span class='ocr_line' id='line_1_34' title="bbox 277 3746 1902 3828; baseline -0.007 -12"><span class='ocrx_word' id='word_1_296' title='bbox 277 3755 378 3816; x_wconf 86' lang='lat' dir='ltr'><strong>tionis</strong></span> <span class='ocrx_word' id='word_1_297' title='bbox 394 3753 567 3826; x_wconf 88' lang='lat' dir='ltr'><strong>materiam</strong></span> <span class='ocrx_word' id='word_1_298' title='bbox 583 3751 755 3828; x_wconf 86' lang='lat' dir='ltr'><strong>amputare</strong></span> <span class='ocrx_word' id='word_1_299' title='bbox 770 3749 958 3822; x_wconf 91' lang='lat' dir='ltr'><strong>terminum,</strong></span> <span class='ocrx_word' id='word_1_300' title='bbox 972 3765 1076 3826; x_wconf 84' lang='lat' dir='ltr'><strong>quem·</strong></span> <span class='ocrx_word' id='word_1_301' title='bbox 1124 3767 1196 3812; x_wconf 90' lang='lat' dir='ltr'><strong>cem</strong></span> <span class='ocrx_word' id='word_1_302' title='bbox 1207 3749 1344 3827; x_wconf 84' lang='lat' dir='ltr'><strong>praemia</strong></span> <span class='ocrx_word' id='word_1_303' title='bbox 1357 3751 1491 3810; x_wconf 85' lang='lat' dir='ltr'><strong>aeternae</strong></span> <span class='ocrx_word' id='word_1_304' title='bbox 1503 3747 1595 3824; x_wconf 87' lang='lat' dir='ltr'><strong>pacis</strong></span> <span class='ocrx_word' id='word_1_305' title='bbox 1605 3746 1788 3809; x_wconf 81' lang='lat' dir='ltr'><strong>inveniant</strong></span> <span class='ocrx_word' id='word_1_306' title='bbox 1797 3749 1902 3808; x_wconf 85' lang='lat' dir='ltr'><strong>Amen.</strong></span> 
     </span>
     <span class='ocr_line' id='line_1_35' title="bbox 276 3843 1903 3930; baseline -0.006 -19"><span class='ocrx_word' id='word_1_307' title='bbox 276 3853 315 3930; x_wconf 67' lang='lat'><strong>1¹1.</strong></span> <span class='ocrx_word' id='word_1_308' title='bbox 330 3850 414 3928; x_wconf 80' lang='lat' dir='ltr'><strong>sesto</strong></span> <span class='ocrx_word' id='word_1_309' title='bbox 436 3853 471 3924; x_wconf 78' lang='lat' dir='ltr'><strong>B,</strong></span> <span class='ocrx_word' id='word_1_310' title='bbox 493 3848 667 3911; x_wconf 88' lang='lat' dir='ltr'><strong>Michaelis</strong></span> <span class='ocrx_word' id='word_1_311' title='bbox 682 3863 782 3923; x_wconf 88' lang='lat' dir='ltr'><strong>super</strong></span> <span class='ocrx_word' id='word_1_312' title='bbox 798 3847 851 3907; x_wconf 91' lang='lat' dir='ltr'><strong>his</strong></span> <span class='ocrx_word' id='word_1_313' title='bbox 870 3845 930 3908; x_wconf 86' lang='lat' dir='ltr'><strong>tihi</strong></span> <span class='ocrx_word' id='word_1_314' title='bbox 950 3846 982 3907; x_wconf 87' lang='lat' dir='ltr'><strong>et</strong></span> <span class='ocrx_word' id='word_1_315' title='bbox 1002 3845 1069 3923; x_wconf 91' lang='lat' dir='ltr'><strong>ipsi</strong></span> <span class='ocrx_word' id='word_1_316' title='bbox 1124 3847 1243 3908; x_wconf 88' lang='lat' dir='ltr'><strong>Datum</strong></span> <span class='ocrx_word' id='word_1_317' title='bbox 1265 3845 1431 3918; x_wconf 86' lang='lat' dir='ltr'><strong>Laterani,</strong></span> <span class='ocrx_word' id='word_1_318' title='bbox 1452 3843 1635 3906; x_wconf 90' lang='lat' dir='ltr'><strong>indictione</strong></span> <span class='ocrx_word' id='word_1_319' title='bbox 1654 3845 1728 3916; x_wconf 82' lang='grc' dir='ltr'><strong>ΧΠ,</strong></span> <span class='ocrx_word' id='word_1_320' title='bbox 1754 3846 1903 3905; x_wconf 87' lang='lat' dir='ltr'><strong>incarna-</strong></span> 
     </span>
     <span class='ocr_line' id='line_1_36' title="bbox 277 3939 1902 4024; baseline -0.006 -16"><span class='ocrx_word' id='word_1_321' title='bbox 277 3947 512 4024; x_wconf 70' lang='lat' dir='ltr'><strong>concessimus</strong></span> <span class='ocrx_word' id='word_1_322' title='bbox 524 3945 565 4008; x_wconf 86' lang='lat' dir='ltr'><strong>ad</strong></span> <span class='ocrx_word' id='word_1_323' title='bbox 579 3945 700 4007; x_wconf 83' lang='lat' dir='ltr'><strong>festum</strong></span> <span class='ocrx_word' id='word_1_324' title='bbox 712 3944 801 4006; x_wconf 87' lang='lat' dir='ltr'><strong>beati</strong></span> <span class='ocrx_word' id='word_1_325' title='bbox 812 3943 949 4004; x_wconf 88' lang='lat' dir='ltr'><strong>Martini</strong></span> <span class='ocrx_word' id='word_1_326' title='bbox 959 3941 1070 4020; x_wconf 87' lang='lat' dir='ltr'><strong>proxi·</strong></span> <span class='ocrx_word' id='word_1_327' title='bbox 1123 3944 1224 4006; x_wconf 88' lang='lat' dir='ltr'><strong>tionis</strong></span> <span class='ocrx_word' id='word_1_328' title='bbox 1244 3943 1424 4004; x_wconf 85' lang='lat' dir='ltr'><strong>Dominicae</strong></span> <span class='ocrx_word' id='word_1_329' title='bbox 1449 3957 1537 4002; x_wconf 86' lang='lat' dir='ltr'><strong>anno</strong></span> <span class='ocrx_word' id='word_1_330' title='bbox 1561 3942 1762 4013; x_wconf 82' lang='lat' dir='ltr'><strong>MCCXXIV,</strong></span> <span class='ocrx_word' id='word_1_331' title='bbox 1777 3939 1902 4017; x_wconf 88' lang='lat' dir='ltr'><strong>pontifi-</strong></span> 
     </span>
     <span class='ocr_line' id='line_1_37' title="bbox 277 4037 1903 4124; baseline -0.006 -20"><span class='ocrx_word' id='word_1_332' title='bbox 277 4061 330 4124; x_wconf 88' lang='lat' dir='ltr'><strong>mo</strong></span> <span class='ocrx_word' id='word_1_333' title='bbox 359 4044 504 4105; x_wconf 80' lang='lat' dir='ltr'><strong>futurum</strong></span> <span class='ocrx_word' id='word_1_334' title='bbox 533 4042 688 4104; x_wconf 85' lang='lat' dir='ltr'><strong>duximus</strong></span> <span class='ocrx_word' id='word_1_335' title='bbox 717 4039 973 4118; x_wconf 83' lang='lat' dir='ltr'><strong>prorogandum,</strong></span> <span class='ocrx_word' id='word_1_336' title='bbox 1004 4053 1068 4116; x_wconf 88' lang='lat' dir='ltr'><strong>quo</strong></span> <span class='ocrx_word' id='word_1_337' title='bbox 1124 4042 1217 4102; x_wconf 86' lang='lat' dir='ltr'><strong>catus</strong></span> <span class='ocrx_word' id='word_1_338' title='bbox 1229 4055 1309 4102; x_wconf 91' lang='lat' dir='ltr'><strong>vero</strong></span> <span class='ocrx_word' id='word_1_339' title='bbox 1325 4038 1449 4101; x_wconf 90' lang='lat' dir='ltr'><strong>domini</strong></span> <span class='ocrx_word' id='word_1_340' title='bbox 1461 4038 1602 4100; x_wconf 87' lang='lat' dir='ltr'><strong>Honorii</strong></span> <span class='ocrx_word' id='word_1_341' title='bbox 1616 4053 1712 4114; x_wconf 80' lang='lat' dir='ltr'><strong>papea</strong></span> <span class='ocrx_word' id='word_1_342' title='bbox 1725 4037 1812 4099; x_wconf 83' lang='lat' dir='ltr'><strong>tertii</strong></span> <span class='ocrx_word' id='word_1_343' title='bbox 1823 4051 1903 4097; x_wconf 89' lang='lat' dir='ltr'><strong>anno</strong></span> 
     </span>
     <span class='ocr_line' id='line_1_38' title="bbox 276 4137 1251 4215; baseline -0.006 -11"><span class='ocrx_word' id='word_1_344' title='bbox 276 4143 440 4213; x_wconf 90' lang='lat' dir='ltr'><strong>volumus,</strong></span> <span class='ocrx_word' id='word_1_345' title='bbox 466 4142 503 4202; x_wconf 88' lang='lat' dir='ltr'><strong>ut</strong></span> <span class='ocrx_word' id='word_1_346' title='bbox 530 4139 571 4200; x_wconf 93' lang='lat' dir='ltr'><strong>ad</strong></span> <span class='ocrx_word' id='word_1_347' title='bbox 602 4138 871 4215; x_wconf 86' lang='lat' dir='ltr'><strong>prosequendum</strong></span> <span class='ocrx_word' id='word_1_348' title='bbox 890 4139 947 4214; x_wconf 87' lang='lat' dir='ltr'><strong>jus</strong></span> <span class='ocrx_word' id='word_1_349' title='bbox 974 4137 1068 4198; x_wconf 90' lang='lat' dir='ltr'><strong>tuum</strong></span> <span class='ocrx_word' id='word_1_350' title='bbox 1124 4139 1251 4200; x_wconf 89' lang='lat' dir='ltr'><strong>octavo.</strong></span> 
     </span>
     <span class='ocr_line' id='line_1_39' title="bbox 277 4231 1905 4316; baseline -0.008 -15"><span class='ocrx_word' id='word_1_351' title='bbox 277 4241 390 4316; x_wconf 86' lang='lat' dir='ltr'><strong>nostro</strong></span> <span class='ocrx_word' id='word_1_352' title='bbox 404 4240 437 4301; x_wconf 88' lang='lat' dir='ltr'><strong>te</strong></span> <span class='ocrx_word' id='word_1_353' title='bbox 452 4235 643 4313; x_wconf 89' lang='lat' dir='ltr'><strong>conspectui</strong></span> <span class='ocrx_word' id='word_1_354' title='bbox 653 4237 966 4312; x_wconf 48' lang='lat' dir='ltr'><strong>repraesentes.,Nos</strong></span> <span class='ocrx_word' id='word_1_355' title='bbox 979 4235 1068 4295; x_wconf 88' lang='lat' dir='ltr'><strong>enim</strong></span> <span class='ocrx_word' id='word_1_356' title='bbox 1164 4238 1231 4312; x_wconf 83' lang='lat' dir='ltr'><strong>Ego</strong></span> <span class='ocrx_word' id='word_1_357' title='bbox 1255 4235 1433 4302; x_wconf 89' lang='lat' dir='ltr'><strong>Honorius,</strong></span> <span class='ocrx_word' id='word_1_358' title='bbox 1457 4233 1630 4296; x_wconf 87' lang='lat' dir='ltr'><strong>catholicae</strong></span> <span class='ocrx_word' id='word_1_359' title='bbox 1649 4231 1803 4295; x_wconf 85' lang='lat' dir='ltr'><strong>Ecclesiae</strong></span> <span class='ocrx_word' id='word_1_360' title='bbox 1816 4231 1905 4307; x_wconf 91' lang='lat' dir='ltr'><strong>epis-.</strong></span> 
     </span>
     <span class='ocr_line' id='line_1_40' title="bbox 276 4332 1235 4416; baseline -0.008 -16"><span class='ocrx_word' id='word_1_361' title='bbox 276 4336 460 4416; x_wconf 85' lang='lat' dir='ltr'><strong>venerabili</strong></span> <span class='ocrx_word' id='word_1_362' title='bbox 486 4333 582 4396; x_wconf 83' lang='lat' dir='ltr'><strong>fratri</strong></span> <span class='ocrx_word' id='word_1_363' title='bbox 615 4333 730 4395; x_wconf 89' lang='lat' dir='ltr'><strong>nostro</strong></span> <span class='ocrx_word' id='word_1_364' title='bbox 733 4375 806 4393; x_wconf 92' lang='grc'><strong>......</strong></span> <span class='ocrx_word' id='word_1_365' title='bbox 839 4332 1067 4394; x_wconf 83' lang='lat' dir='ltr'><strong>camerinensi</strong></span> <span class='ocrx_word' id='word_1_366' title='bbox 1123 4347 1235 4407; x_wconf 86' lang='lat' dir='ltr'><strong>copus.</strong></span> 
     </span>
    </p>
   </div>
   <div class='ocr_carea' id='block_1_9' title="bbox 314 2831 1034 2906">
    <p class='ocr_par' dir='ltr' id='par_1_11' title="bbox 314 2831 1034 2906">
     <span class='ocr_line' id='line_1_41' title="bbox 314 2831 1034 2906; baseline -0.003 -16"><span class='ocrx_word' id='word_1_367' title='bbox 314 2832 393 2891; x_wconf 87' lang='lat' dir='ltr'><strong>Idem</strong></span> <span class='ocrx_word' id='word_1_368' title='bbox 412 2840 613 2906; x_wconf 81' lang='lat' dir='ltr'><strong>argumentum</strong></span> <span class='ocrx_word' id='word_1_369' title='bbox 629 2847 713 2905; x_wconf 85' lang='lat' dir='ltr'><strong>quam</strong></span> <span class='ocrx_word' id='word_1_370' title='bbox 729 2832 884 2906; x_wconf 87' lang='lat' dir='ltr'><strong>superioris</strong></span> <span class='ocrx_word' id='word_1_371' title='bbox 898 2831 1034 2904; x_wconf 81' lang='lat' dir='ltr'><strong>eplstolae.</strong></span> 
     </span>
    </p>
   </div>
   <div class='ocr_carea' id='block_1_10' title="bbox 315 4519 555 4607">
    <p class='ocr_par' dir='ltr' id='par_1_12' title="bbox 315 4519 555 4607">
     <span class='ocr_line' id='line_1_42' title="bbox 315 4519 555 4607; baseline -0.021 -26"><span class='ocrx_word' id='word_1_372' title='bbox 315 4524 355 4607; x_wconf 66' lang='lat' dir='ltr'><strong>(l)</strong></span> <span class='ocrx_word' id='word_1_373' title='bbox 376 4519 555 4596; x_wconf 75' lang='lat' dir='ltr'><strong>pandulfum.</strong></span> 
     </span>
    </p>
   </div>
   <div class='ocr_carea' id='block_1_11' title="bbox 0 0 2014 6320">
    <p class='ocr_par' dir='ltr' id='par_1_13' title="bbox 0 0 2014 6320">
     <span class='ocr_line' id='line_1_43' title="bbox 0 0 2014 6320; baseline 0 4"><span class='ocrx_word' id='word_1_374' title='bbox 0 0 2014 6320; x_wconf 95' lang='lat' dir='ltr'><strong> </strong></span> 
     </span>
    </p>
   </div>
  </div>
 </body>
</html>
