4002 6326
111 381 157 444 357
681 376 911 440 EPiSTOLAE.
933 379 1012 439 LIB.
1035 378 1106 441 vll.
1659 381 1721 444 358

111 535 265 602 venerabili
290 534 423 598 bairi...
449 534 700 614 archiepiscopo
734 535 872 613 Magde-
966 540 1176 601 lacumdem
1187 541 1494 618 modumscriptum
1508 541 1719 616 estAlberto,

104 634 251 712 burgensi,
264 633 406 696 salutem
420 633 454 696 et
463 633 690 710 apostolicam
702 633 870 698 benedic·
926 635 1081 712 episcopo
1113 635 1319 709 Tridentino,
1356 637 1466 714 legato
1499 639 1534 698 in
1569 639 1718 717 partibus

109 734 221 796 donem.
926 733 1066 795 Tusciae.

140 833 169 892 si
191 828 358 905 legationis
383 828 525 894 officium
547 827 612 895 ,tibi
633 829 681 892 ab
703 829 872 907 imperiali

108 927 245 1005 potestate
274 925 484 986 commissum
504 925 649 988 officiose
668 926 719 987 ris
741 940 869 1002 gerere,
1214 922 1429 1010 ‘CXXXVII
1515 987 1524 1004 „

108 1025 177 1085 sicut
189 1022 329 1084 crederis
347 1024 380 1085 et
393 1022 528 1095 teucria,
546 1023 690 1100 expedit,
711 1025 748 1085 ut
761 1023 872 1085 corri-
926 1073 979 1132 Ad
987 1073 1267 1134 mmmmm
1280 1075 1722 1151 Pictavienqpraepofflum

106 1121 184 1198 piens
202 1120 362 1198 inquietos
384 1120 517 1196 satagas
539 1121 769 1197 pusillanimos
789 1137 873 1182 con·
966 1168 1001 1230 et
1022 1170 1233 1246 mam-sirum
1260 1173 1295 1233 0·
1324 1176 1506 1234 canonicos
1532 1177 1567 1236 S·
1587 1177 1722 1238 Nicoloi

107 1218 200 1290 solari,
215 1220 247 1280 et
260 1219 382 1296 quanto
398 1220 514 1280 contra
528 1218 687 1280 ecclesias
707 1219 740 1281 et
758 1233 875 1296 perso-
966 1268 1168 1328 Amm-anen·
1300 1215 1308 1244 '

105 1314 395 1378 nasecolesiasticas
407 1315 872 1393 multiplicatursuperborum
1218 1346 1251 1412 pp
1266 1347 1334 1405 mail
1351 1347 1429 1409 1223,

104 1411 239 1489 iniquitas
251 1414 284 1474 ⁰t
298 1412 454 1524 superbla
472 1411 675 1490 iniquorum,
689 1414 782 1522 tm
798 1428 873 1474 ⁰⁰¹¹·
940 1455 1061 1522 largest,
1076 1458 1121 1510 un.
1134 1458 1188 1520 un,
1202 1459 1276 1525 epist.
1288 1461 1342 1513 raa.
1354 1463 1412 1513 uss.
1427 1463 1464 1516 rs
1474 1463 1550 1517 rore
1561 1463 1706 1530 ravanam]

104 1510 212 1570 traam
231 1510 439 1572 reobtudrnrs
461 1510 528 1572 tuae
546 1510 654 1572 zelum
675 1525 785 1587 erigas
804 1509 874 1570 ior·
1688 1527 1691 1536 ’

104 1604 213 1678 liorem,
224 1607 259 1667 nt
271 1606 367 1684 vigor
381 1607 514 1671 virtutis
528 1607 695 1670 valentior
706 1605 780 1668 vitii
795 1621 873 1666 cor·
918 1581 1107 1686 'flammi'
1132 1591 1178 1688 ⁰²·
1192 1585 1344 1659 09¹⁸⁰⁰i³¹¹⁸
1370 1587 1509 1690 {mihtin-
1529 1589 1633 1691 ‘stude
1653 1589 1721 1649 Am

103 1703 223 1778 puppem,
246 1702 324 1764 dum
346 1703 451 1766 vincit
481 1720 542 1767 neo
569 1703 727 1776 vincitur,
751 1703 874 1766 clarior
980 1671 1157 1730 subdiacono
1172 1675 1665 1752 mpraebendalioldcroprorrdeat.

102 1799 197 1876 rigeat
209 1815 250 1862 eu
264 1800 416 1875 adverso,
430 1802 590 1878 tanquam
607 1801 712 1863 noctis
726 1799 872 1863 tenebris
960 1799 1146 1872 'Honorius
1163 1801 1238 1874 etc,
1255 1801 1384 1878 dilectis
1409 1803 1526 1865 liliis...
1547 1805 1721 1867 archidia-

100 1895 162 1958 luca
187 1897 250 1959 diei
278 1899 409 1960 eminus
435 1899 601 1976 effugatis.
630 1901 736 1972 Quum
761 1898 873 1976 itaque
928 1909 1011 1958 cono
1035 1897 1261 1960 ’Pictavien....
1289 1900 1479 1977 praeposito,
1502 1902 1536 1964 et
1562 1903 1722 1978 magistro

101 1993 433 2068 clresdremonenses
454 1997 574 2059 timore
596 1997 709 2058 divino
725 1996 875 2058 contem·
929 1995 964 2054 O.
996 1993 1167 2056 canonicis
1202 1997 1315 2058 Sancti
1347 1997 1479 2059 Nicolai
1510 1999 1719 2074 ambianen,

100 2091 154 2168 pto,
169 2095 199 2155 et
211 2095 277 2156 tam
293 2094 399 2156 divini
414 2110 512 2172 quam
527 2093 665 2156 humani
675 2093 763 2172 juris
775 2109 874 2155 neve·
928 2091 1072 2154 salutern
1088 2093 1120 2154 et
1133 2094 1357 2170 apostolicam
1372 2093 1647 2160 benedictionem.

99 2190 189 2254 rentia
202 2190 379 2269 vilipensa,
396 2193 635 2254 monasterium
658 2191 770 2255 Sancti
787 2190 873 2254 Sinti
968 2189 1114 2252 Dilectus
1131 2189 1225 2252 *illius
1244 2191 1404 2269 magister
1423 2195 1467 2254 M.
1484 2193 1524 2255 de
1539 2195 1624 2256 Aria
1642 2194 1724 2257 sub·
1811 2216 1815 2222 ·

98 2287 264 2350 Placentini
280 2289 408 2352 duabus
425 2289 574 2366 partibus
595 2290 699 2352 castri
720 2290 753 2352 et
769 2289 873 2351 curtis
929 2285 1088 2348 diaconus
1121 2288 1156 2349 in
1189 2290 1303 2352 nostra
1336 2293 1510 2367 proposuit
1542 2294 1723 2370 praesentia

98 2385 235 2448 Vastallae
250 2403 312 2464 per
332 2387 527 2450 violentiam
543 2387 723 2464 spoliarint
743 2388 786 2449 et.
796 2403 875 2448 cur-
929 2385 1141 2458 constitutus,
1158 2386 1244 2464 quod
1260 2403 1361 2464 quum
1377 2389 1521 2450 secundo
1537 2390 1722 2460 venerabili

90 2481 150 2543 'tem
164 2485 324 2547 luciariae
347 2485 387 2546 ad
402 2486 498 2548 ‚idem
518 2485 756 2548 monasterium
776 2485 887 2570 perti·¹
925 2481 1024 2544 iratri
1037 2484 1188 2546 nostro...
1205 2484 1370 2546 Morine‘n.
1384 2487 1551 2564 episcopo,
1569 2489 1626 2566 qui
1645 2504 1721 2550 eum

99 2582 212 2643 nentem
226 2583 521 2661 contraiustitiam
538 2583 709 2646 detineant
727 2599 874 2660 occupa·
928 2581 963 2641 in
984 2579 1225 2642 subdiaconum
1249 2582 1431 2656 ordinarat,
1449 2601 1509 2662 pro
1530 2601 1569 2647 eo
1593 2587 1722 2651 nullum

96 2677 162 2751 tam,
183 2679 267 2744 sicut
301 2680 430 2743 abbatis
461 2681 609 2759 eJusdem
635 2681 829 2744 monasterii
852 2685 887 2759 a}
928 2679 1722 2750 ecclesias-ticumbeneficiumobtinentodirexi-

97 2772 182 2852 longo
193 2779 341 2856 tempore
354 2779 547 2855 conquestio
559 2777 751 2840 continuata
764 2777 888 2849 decla,
928 2789 1000 2836 mus
1031 2777 1154 2853 scripta
1178 2779 1303 2851 nostra,
1325 2780 1362 2840 ut
1382 2779 1417 2842 in
1439 2780 1580 2842 ecclesia
1608 2783 1722 2844 Sancti

94 2872 178 2944 rasit,
191 2875 327 2952 propter
342 2875 440 2954 quod,
452 2877 526 2953 post
540 2875 699 2936 cavillosa
720 2875 870 2950 diffugia,
884 2870 888 2935 l
927 2873 1063 2934 Martini
1079 2873 1119 2935 de
1140 2875 1295 2950 Hesduvo
1310 2891 1380 2936 suae
1399 2876 1566 2950 dioecesiS,
1584 2879 1614 2939 si
1635 2880 1723 2942 esset

94 2969 197 3044 quibus
209 2973 362 3032 eumdem
373 2972 525 3036 abbatem
538 2972 720 3049 fatigarunt
732 2941 888 3057 diutius}
926 2971 1078 3044 idoneus,
1096 2973 1128 3034 et
1143 2972 1254 3034 nullus
1274 2973 1483 3036 demandato
1499 2976 1612 3037 nostro
1626 2976 1720 3039 ‘iuis-

93 3069 233 3140 pratibus
249 3069 423 3134 laboribus
432 3072 466 3132 et
481 3072 649 3148 expensis,
662 3071 772 3148 spreto
781 3073 888 3148 jura-³
928 3069 977 3131 set
991 3071 1156 3147 receptus,
1165 3069 1287 3133 ibidem
1296 3071 1331 3131 in
1346 3071 1550 3148 praebendali
1560 3074 1721 3138 bmredcio

93 3167 186 3228 mento
201 3169 422 3246 corporaliter
446 3170 607 3246 praestito,
627 3169 715 3246 quod
733 3168 804 3246 juri
818 3164 888 3245 pa·}
928 3166 1155 3244 provideret...
1175 3168 1302 3230 decano
1316 3169 1511 3232 Amblanen.
1529 3173 1561 3233 et
1583 3173 1720 3250 collegis

91 3265 250 3336 rorantia
264 3267 726 3343 potestatemetconsiliarios
738 3276 889 3339 excom,
912 3265 1033 3342 ipsius
1049 3266 1168 3342 primo,
1195 3281 1234 3327 ac
1257 3267 1436 3344 praeposito
1458 3270 1588 3332 Sanctae
1603 3272 1720 3334 Mariae

91 3361 314 3424 manicationis
333 3364 367 3426 et
389 3365 425 3424 in
449 3365 550 3426 totam
574 3363 742 3426 civitatem
766 3364 889 3436 inter-2
926 3365 1069 3439 Burgen,
1086 3362 1119 3424 et
1133 3363 1362 3441 conjudicibus
1384 3366 1453 3426 suis
1476 3367 1634 3444 secundo,
1655 3368 1719 3430 sibi

90 3454 158 3518 dicti
172 3461 358 3522 sententias
372 3460 511 3523 fecimus
526 3461 730 3538 promulgari
743 3461 777 3522 et
790 3474 889 3551 prae-5
926 3475 1027 3537 super
1061 3459 1124 3522 boc
1163 3461 1382 3523 monitoribus
1415 3463 1600 3540 deputatis,
1630 3465 1718 3527 idem

90 3551 179 3616 iatum
204 3557 358 3620 abbatem
391 3555 569 3636 petitorum
598 3574 714 3620 verum
743 3558 888 3620 consti-2
926 3559 1112 3635 episcopus,
1129 3558 1209 3620 licet
1224 3558 1307 3619 nibil
1319 3559 1477 3636 objiceret
1489 3577 1591 3638 quare
1602 3563 1633 3622 id
1650 3579 1717 3625 non

87 3653 197 3717 trimus
224 3671 454 3733 possessorem
475 3673 483 3718 :
509 3656 753 3718 fraternitatem
779 3657 870 3716 tuam
886 3721 889 3732 ¹
926 3653 1060 3718 deberet
1074 3654 1159 3727 lieri,
1175 3655 1228 3718 rel
1241 3671 1307 3716 non
1323 3657 1443 3732 posset,
1459 3656 1650 3720 mandatum
1665 3660 1719 3721 ta-

88 3761 231 3826 rogamus
241 3755 276 3818 et
286 3755 599 3816 monemusattente
609 3769 668 3831 per
680 3753 889 3837 apostolica,
926 3767 1001 3813 men
1030 3754 1180 3822 nostrum
1214 3753 1340 3829 pariter
1374 3753 1407 3815 et
1438 3756 1651 3832 praeceptum,
1676 3772 1717 3820 ac

88 3848 198 3926 scripta
233 3852 449 3921 mandantes,
485 3853 649 3929 quatenus
690 3851 889 3929 prudenter
925 3849 1126 3912 monitorum
1158 3851 1319 3912 monitum
1345 3851 1578 3929 praedictorum
1605 3853 1716 3916 surdis
1847 3852 1848 3856 ’

87 3945 246 4012 abandons
273 3947 376 4027 quod,
404 3950 491 4010 sicut
507 3964 584 4010 non
612 3948 663 4010 est
694 3947 869 4010 conventio
925 3947 1062 4008 auribus
1071 3947 1254 4022 transiens,
1271 3947 1304 4012 id
1319 3947 1480 4012 hacanos
1496 3950 1628 4014 eiflcere
1648 3969 1716 4016 non

87 4037 160 4103 lucis
172 4046 213 4106 ad
227 4046 399 4115 tenebras,
420 4045 466 4108 ita
482 4062 544 4108 nec
558 4045 623 4108 viri
638 4045 867 4117 ecclesiastici,
922 4046 1063 4119 curarit,
1079 4047 1215 4123 propter
1227 4046 1313 4124 quod
1324 4049 1394 4124 jam
1411 4049 1508 4111 tertio
1521 4049 1627 4113 dictus
1643 4067 1717 4114 ma-

86 4141 300 4214 qualemesse
324 4145 357 4206 te
382 4144 558 4216 credimus,
581 4145 623 4206 ad
640 4142 869 4212 ,excommuni
923 4143 1027 4219 gister
1041 4144 1174 4206 coactus
1197 4146 1248 4207 est
1269 4145 1309 4206 ad
1335 4147 1483 4207 nostram
1501 4149 1713 4224 praesentiam

86 4239 405 4320 catosparticipatio
433 4255 507 4304 esse
535 4242 640 4316 debet,
670 4243 799 4304 nullum
827 4257 869 4302 ex
916 4239 1086 4303 laborare.
1106 4241 1270 4303 'Nolentes
1298 4241 1401 4319 igitur
1424 4244 1510 4320 quod
1531 4245 1573 4306 de
1600 4247 1714 4322 provi-

86 4330 142 4396 illis
174 4338 235 4400 tibi
270 4338 518 4401 communicare
550 4339 733 4416 permittas,
768 4339 868 4400 immo
923 4338 1016 4400 sione
1036 4338 1115 4402 dicti
1137 4339 1288 4416 magistri
1309 4340 1364 4417 pie
1381 4339 1578 4418 incoepimus
1601 4357 1713 4405 rema-

85 4429 229 4510 tauquam
249 4436 411 4514 praecisos
434 4436 476 4498 ab
498 4435 725 4499 ecclesiastica
741 4436 868 4498 unitate
917 4437 1001 4500 neat
1024 4437 1246 4514 inexpletum,
1277 4436 1469 4498 discretioni
1505 4439 1625 4502 vestrae
1653 4457 1715 4517 per

84 4531 206 4594 omnino
221 4533 440 4606 devitans-et,
457 4535 615 4610 quantum
639 4535 675 4594 in
700 4535 734 4596 te
754 4533 865 4606 inerit,
918 4535 1111 4611 apostolica
1152 4534 1275 4610 scripta
1308 4533 1514 4608 mandamus,
1549 4539 1712 4612 quatenns

84 4623 781 4707 aciensevitari,saepedicormabbatemln
796 4647 868 4707 pos-
920 4631 1112 4709 episcopum
1139 4632 1368 4692 memoratum
1401 4633 1437 4693 ut
1468 4633 1711 4709 praecedentem

81 4727 255 4790 *sessionem
267 4729 378 4805 ipsam
387 4727 621 4805 potestatetibi
635 4727 757 4790 tradita
769 4729 869 4789 indu·
921 4728 1180 4790 inobedientiam
1204 4727 1371 4789 redimens
1401 4745 1462 4806 per
1489 4727 1711 4795 obedientiam

85 4833 133 4881 ras
141 4824 171 4886 et
179 4825 313 4888 tuearis
321 4825 501 4898 inductum,
511 4826 702 4888 mandatum
718 4827 867 4888 nostrum
922 4826 1186 4903 subsequentem,
1197 4825 1228 4886 ei
1232 4825 1330 4901 juxta
1340 4825 1436 4902 primi
1446 4828 1593 4891 mandati
1604 4831 1712 4893 nostri

84 4915 182 4982 taliter
194 4923 409 5001 impleturus,
429 4923 513 5000 quod
537 4923 703 4999 legatione
727 4924 867 5000 iungens
922 4927 1070 4987 tenorem
1095 4923 1131 4984 in
1156 4923 1300 4984 ecclesia
1324 4925 1497 5001 provideat
1518 4929 1711 5002 memorata,

84 5029 135 5090 pro
156 5018 292 5082 domino
307 5021 494 5098 temporali,
515 5023 641 5082 aeterno
662 5035 728 5082 non
750 5021 868 5099 displi-
919 5036 1057 5084 monere
1069 5021 1273 5098 diligentius,
1290 5021 1324 5082 et
1341 5021 1500 5084 inducere
1514 5026 1710 5100 procuretis,

84 5126 163 5187 ceas,
180 5117 237 5180 sed
257 5117 479 5194 complaceas,
493 5117 528 5179 et
541 5133 601 5179 nos
616 5118 747 5190 exinde,
762 5117 867 5194 teDei
921 5120 1030 5197 ipsum
1045 5118 1086 5180 ad
1106 5119 1151 5190 id,
1177 5118 1206 5179 si
1227 5133 1363 5180 neeesse
1378 5118 1488 5192 luerit,
1506 5121 1571 5181 uisi
1584 5121 1710 5199 aliquid

82 5211 178 5274 ¹zelum
213 5217 456 5291 cognoscentes
490 5214 625 5287 babere,
659 5215 865 5278 devotionem
921 5216 1119 5279 rationabile
1151 5215 1315 5293 objectum
1341 5215 1442 5279 inerit
1466 5217 1499 5278 et
1525 5219 1709 5294 probatum,

82 5307 161 5371 tuam
175 5313 287 5390 dignis
302 5312 471 5374 favoribus
484 5313 639 5390 prosequi
649 5313 864 5375 debeamus...
919 5329 1024 5393 quare
1039 5315 1102 5375 boc
1120 5313 1275 5375 desinon
1291 5312 1419 5388 debeat,
1435 5315 1488 5377 vel
1510 5331 1575 5376 non
1593 5319 1708 5394 possit,

84 5403 137 5473 Qui
151 5410 189 5480 si,
204 5410 296 5488 quod
309 5409 406 5482 absit,
420 5410 623 5471 contrarium
638 5409 777 5480 iaceres,
793 5426 868 5487 gra·
921 5411 1119 5474 auctoritate
1157 5411 1282 5482 nostra,
1319 5411 1449 5473 sublato
1478 5413 1711 5489 appellationis

82 5501 158 5564 riter
169 5523 232 5568 nos
248 5509 480 5583 reputaremus
495 5507 629 5570 offendi.
642 5509 760 5571 Datum
773 5511 867 5571 Late·
921 5507 1102 5581 obstaculo,
1119 5508 1361 5586 compellentes.
1379 5509 1471 5582 Quod
1489 5510 1523 5571 si
1545 5527 1612 5574 non
1638 5529 1711 5574 om-

82 5601 240 5674 rani,le
251 5604 416 5665 kalendas
427 5605 526 5680 junii,
539 5605 749 5682 pontificatus
760 5607 866 5668 nostri
920 5623 990 5679 nes,
1015 5607 1081 5669 etc.
1106 5607 1224 5668 Datum
1250 5606 1419 5679 Laterani,
1448 5609 1523 5670 lth
1548 5608 1710 5673 kalendas

83 5709 160 5760 anno
173 5701 328 5778 septimo.
360 5749 363 5753 .
517 5766 523 5780 ¹
917 5705 1017 5782 junii,
1034 5703 1245 5782 pontificatus
1257 5703 1362 5766 nostri
1378 5719 1466 5766 anno
1481 5706 1632 5783 septimo.
