4002 6326
243 348 304 412 aar
764 404 771 419 ,
859 323 1104 402 novemini
1124 328 1274 400 crana.
1829 332 1885 394 aas

166 565 171 572 .
245 521 322 570 nem
335 497 1040 584 reprobumetmerltoreprobatum,amo-
1093 492 1282 560 nonsclum
1307 492 1343 554 ia
1363 489 1579 570 opprobrium
1601 491 1634 556 et
1648 490 1806 565 derisum,
1830 491 1884 556 aad

245 603 393 666 nestorio
406 604 479 680 ipso
495 597 705 678 exigentibus
721 597 828 673 culpis
853 598 925 674 ejus
940 609 1038 656 amo·
1093 591 1195 656 etiam
1209 591 1244 654 in
1260 589 1454 652 scandalum
1469 590 1502 650 et
1517 588 1706 664 horrorem;
1727 605 1787 650 nos
1804 605 1883 666 pro-

245 701 304 772 vit,
331 715 374 761 ex
402 701 497 776 cujus
531 695 700 760 consortio
728 691 823 756 vebis
851 693 1039 754 animarum
1094 689 1170 752 vide
1184 686 1392 754 attendentes
1408 685 1494 765 quod
1510 685 1728 764 Hospitalarii
1743 686 1885 752 etTam-

247 796 432 874 periculum
447 795 480 857 et
495 808 712 872 personarum
725 787 864 852 infamia
884 788 1041 849 immine·
1094 785 1194 862 plaril
1205 783 1399 861 aspirabant
1408 783 1449 848 ad
1461 782 1543 846 illud
1560 782 1759 854 babendum,
1771 799 1792 843 a
1805 799 1885 860 quo-

246 893 337 956 bant.
349 894 399 954 Ne
420 892 524 968 igitur
545 893 617 969 ejus
637 889 794 964 malignis
809 885 1038 962 suggestioni·
1094 898 1167 946 rum
1183 882 1353 944 vicinitate
1367 881 1426 944 vix
1445 881 1683 946 monasterium
1696 881 1885 942 Casaemarii

170 972 180 990 “
246 989 309 1052 bus
350 989 532 1053 videamini
564 987 747 1062 fascinatae,
786 981 1039 1046 universitatem
1094 976 1276 1038 subsistere
1291 975 1462 1054 potuisset,
1479 975 1630 1050 diligenti
1647 973 1885 1037 deliberatione

246 1087 391 1150 vestram
411 1101 583 1147 monemus
612 1085 747 1155 attente,
770 1097 829 1160 per
849 1079 1040 1158 apostolica
1094 1071 1278 1150 praehabita
1298 1072 1340 1134 de
1364 1072 1506 1135 oonsilio
1534 1072 1672 1134 fratrum
1696 1074 1884 1136 nostrorum

246 1184 342 1248 vobis
371 1184 494 1260 scripta
519 1183 659 1243 tirmiter
695 1175 919 1258 praecipiendo
944 1191 1042 1236 man·
1094 1169 1177 1232 illud
1217 1170 1421 1234 monasterio
1451 1169 1643 1232 casaemarii
1683 1169 1886 1247 providimus

247 1281 375 1352 dantes,
392 1281 570 1359 quatenus,
598 1277 756 1357 praedicto
782 1276 939 1352 episcopo
953 1274 1042 1335 tam·
1094 1267 1286 1340 uniendum,
1303 1267 1350 1330 ita
1363 1266 1638 1330 utdecaeterosit
1652 1283 1753 1331 mum
1768 1282 1885 1343 corpus

247 1393 347 1458 quam
361 1379 487 1456 pastori
498 1377 687 1439 animarum
699 1374 885 1436 vestrarum
900 1369 1040 1432 humili·-
1093 1363 1156 1426 sub
1166 1363 1267 1427 unius
1284 1378 1417 1442 semper
1434 1363 1563 1428 abbatis
1586 1355 1747 1440 regimine
1766 1363 1886 1440 guber·

245 1477 300 1570 tep
330 1475 552 1546 intendentes,
595 1469 786 1550 praeposito,
823 1484 920 1547 quam
944 1465 1040 1530 vobis
1095 1461 1264 1524 nandum:
1280 1461 1505 1524 carissimoin
1528 1460 1745 1524 Christodlio
1773 1461 1885 1522 nostro

247 1572 479 1649 assignaverit,
491 1572 526 1632 in
537 1571 601 1643 bis,
614 1568 737 1649 quaead
748 1565 1038 1643 Deumpertinent,
1094 1558 1273 1625 Fredericc
1289 1561 1514 1625 Romanorum
1528 1559 1730 1636 imperatore
1750 1557 1884 1630 illustri,

247 1668 433 1732 exhibeatis
446 1668 670 1730 reverentiam
689 1665 725 1727 et
745 1663 969 1726 obedientiam
982 1661 1042 1723 de-
1093 1655 1220 1731 etrege
1234 1655 1360 1720 Sicilie
1373 1655 1459 1734 quod
1475 1671 1572 1718 suum
1590 1656 1673 1728 erat,
1696 1652 1737 1716 ad
1762 1653 1828 1716 boc
1846 1655 1887 1716 li·

247 1765 350 1827 bitam
363 1765 567 1828 etdevetam.
580 1764 700 1826 Datum
713 1760 882 1833 Laterani,
891 1761 952 1822 vit
963 1759 1042 1820 idus
1096 1751 1254 1816 beraliter
1268 1752 1444 1830 largiente,
1462 1752 1549 1814 unde
1568 1752 1669 1814 nimis
1680 1767 1886 1830 supervacua

246 1863 339 1938 mati,
359 1861 571 1942 pontificatus
586 1860 693 1924 nostri
708 1875 798 1922 anno
813 1857 965 1937 septimo.
1095 1849 1150 1914 vel
1164 1850 1398 1926 superstitiosa
1414 1849 1525 1926 potius
1546 1849 1716 1914 videretur
1734 1849 1887 1914 laborare

1095 1947 1332 2020 sollicitudine,
1347 1947 1405 2026 qui
1420 1947 1535 2010 contra
1551 1963 1621 2008 rem
1636 1947 1705 2011 tam
1729 1963 1887 2010 necessa-

1096 2045 1182 2108 riam
1194 2047 1227 2108 et
1241 2045 1309 2108 tam
1322 2045 1436 2108 utilem
1458 2045 1492 2107 et
1510 2045 1616 2108 nostri
1630 2045 1802 2122 privilegii
1818 2061 1888 2106 mu·

1097 2142 1223 2206 nimine
1237 2142 1427 2208 roboratam
1454 2141 1582 2220 aliquid
1597 2143 1770 2219 cogitaret,
1787 2159 1888 2220 quam

559 2196 736 2288 CXXVII
1098 2255 1140 2300 ex
1154 2240 1218 2302 boc
1241 2242 1389 2302 nostram
1404 2239 1458 2302 vel
1481 2239 1677 2318 impugnare
1692 2241 1886 2316 potentiam,

229 2379 302 2440 ,Ad
317 2378 562 2441 csterotrases
575 2375 752 2441 abbateset
764 2376 850 2436 altos
860 2376 1044 2438 universos
1065 2367 1066 2376 ’
1096 2337 1152 2400 V⁰¹
1179 2353 1320 2414 argum
1334 2337 1577 2416 vaidentiam
1593 2337 1772 2400 videmur·
1789 2337 1888 2400 Idm·

446 2473 685 2536 Cmerdem
699 2470 843 2534 oraim
1066 2483 1067 2486 ,
1098 2450 1161 2512 que
1171 2434 1403 2496 discretionem
1416 2436 1561 2498 vestram
1571 2451 1741 2497 monemus
1752 2435 1887 2507 attente,

638 2601 655 2615 ..
1064 2556 1067 2607 ς
1098 2547 1159 2608 per
1171 2531 1361 2608 apostolica
1376 2533 1500 2612 scripta
1512 2533 1653 2596 tirmiter
1664 2533 1888 2611 praecipiendo

535 2604 568 2660 Η
589 2617 657 2660 ”¹⁸²¹
680 2601 759 2662 ¹²²3·
1064 2614 1067 2665 :
1098 2629 1482 2707 mandantes,quatenus
1509 2630 1594 2692 nibil
1620 2631 1754 2692 omnino
1781 2633 1890 2708 cujus-

313 2725 496 2793 [ammanus.
512 2727 618 2780 amasi.
637 2724 669 2778 de
687 2722 848 2782 mameae
870 2735 896 2788 r·
913 2721 981 2787 Μ]
1099 2741 1196 2803 quam
1221 2725 1333 2786 aemuli
1370 2726 1583 2802 suggestione
1618 2727 1747 2789 seducti
1772 2729 1889 2788 contra

250 2851 302 2911 liis
313 2849 500 2924 significatae
514 2845 1043 2908 manasseanmsbcmtntetdesoru
1097 2821 1292 2900 Psaedisstllffl
1321 2823 1533 2900 llililffliuffl
1569 2824 1749 2897 attentetis,
1789 2824 1889 2884 immo

283 2937 487 3014 permalltiam
504 2937 724 2997 inhabitantium
741 2951 814 3010 pene
829 2936 944 3008 penitus
954 2933 1041 2992 deso·
1099 2934 1198 2996 quum
1214 2934 1280 2980 non
1291 2919 1335 2980 sit
1345 2919 1537 2992 verisimile,
1552 2920 1587 2981 ut
1600 2919 1737 2997 hujusce
1757 2919 1891 2982 circum·
1999 2974 2000 3000 I

285 3027 374 3086 laum
396 3027 570 3085 monaataric
588 3026 754 3085 casoemnrfi
778 3025 923 3094 univisse3
946 3027 1045 3080 monet
1098 3015 1238 3077 stantiae
1262 3031 1321 3078 vos
1345 3016 1464 3076 melius
1486 3016 1669 3078 didiceritis
1686 3017 1721 3078 in
1740 3019 1888 3091 remotis,

285 3123 380 3176 eoam
392 3114 462 3172 nibil
476 3116 593 3174 omnino
606 3121 707 3174 coutm
721 3113 778 3174 boe
799 3112 981 3186 privilegium
998 3118 1041 3170 at·
1098 3129 1196 3190 quam
1220 3128 1281 3175 nos
1296 3113 1486 3174 noverimus
1509 3113 1544 3174 in
1566 3114 1690 3186 vicino,
1707 3113 1791 3174 illud
1817 3131 1890 3176 am-

285 3209 406 3262 mntem
1097 3210 1290 3288 plectemini
1323 3211 1526 3282 reverenter,
1558 3213 1595 3274 ut
1622 3211 1745 3274 nostris
1784 3211 1889 3278 bene-
1999 3275 2000 3296 I

291 3329 459 3390 Honorius
494 3327 681 3404 episcopus,
720 3341 836 3388 servus
869 3339 1044 3388 servorum
1098 3307 1229 3385 Plassffiss
1260 3308 1430 3372 humiliter
1456 3307 1688 3388 obsequentes,
1714 3309 1824 3384 ΜΒ
1854 3325 1891 3370 21⁰
1999 3305 2000 3308 ¹

250 3425 323 3494 Dei,
339 3425 469 3487 dilectis
482 3425 561 3486 tiliis
575 3424 747 3486 abbatibus
765 3423 798 3486 et
811 3423 888 3484 aliis
902 3423 1042 3484 univer·
1098 3406 1206 3481 madii
1235 3421 1297 3470 ¹²0³
1327 3405 1422 3469 vobis
1449 3406 1596 3470 reddatis
1624 3405 1827 3470 favorabiles
1861 3403 1892 3466 et

250 3523 540 3585 sisGisterciensls
555 3521 693 3595 ordinis,
710 3520 895 3583 salutemet
908 3521 1044 3598 Aposto-
1097 3500 1270 3579 hessissssffl·
1295 3505 1414 3566 Datum
1441 3504 1609 3576 Laterani,
1634 3505 1663 3565 V
1692 3503 1767 3568 idus
1796 3503 1888 3574 maii,
1999 3521 2000 3558 ³

250 3619 350 3683 licam
365 3619 640 3682 benedictionem.
1097 3600 1310 3677 cononatus
1324 3601 1431 3666 nostri
1445 3617 1534 3665 anno
1550 3599 1701 3678 septimo.

291 3720 397 3790 Quum
423 3716 537 3780 sciatis
572 3731 633 3778 nos
660 3714 854 3777 universum
889 3713 1041 3776 ordinem

252 3816 400 3879 vestrum
415 3815 546 3876 sincera
561 3813 700 3876 caritate
715 3812 866 3889 diligere,
884 3828 924 3874 ac
943 3813 978 3874 in
991 3827 1042 3881 ec,
1391 3815 1594 3906 CXXVIII

250 3911 337 3973 sicut
350 3913 386 3972 in
400 3911 502 3972 odore
514 3909 587 3986 agri
602 3907 702 3987 pleni,
719 3909 775 3970 cui
794 3908 966 3971 benedixit
977 3910 1045 3970 Do-

250 4008 372 4079 minus,
389 4007 560 4079 reiectae,
572 4021 741 4083 nunqnam
762 4007 925 4084 suspicari
941 4005 1044 4067 aeae·
1118 3993 1171 4055 Ad
1184 3991 1340 4056 meatem
1359 3991 1393 4054 et
1408 3993 1617 4054 eonsensum
1639 3995 1876 4058 corbeienses·

250 4105 306 4178 tis,
322 4104 367 4178 ut,
385 4104 464 4165 licet
477 4103 715 4166 monasterium
737 4103 931 4164 casaemarii
948 4103 1043 4181 quasi
1380 4123 1417 4181 ῃ
1436 4123 1507 4180 mg
1527 4121 1606 4182 1223,

251 4217 334 4280 opus
359 4204 512 4263 nostrum
540 4199 719 4278 tenerrime
748 4199 940 4276 diligamus,
971 4203 1044 4278 eJus

252 4299 387 4362 obtentu
415 4297 592 4376 quicquam
615 4297 650 4357 in
684 4296 892 4376 dispendium
918 4297 1044 4358 ordinis

250 4397 416 4459 attentare
430 4395 586 4470 velimus3
605 4393 690 4472 quod
713 4393 814 4455 nimis
837 4395 927 4455 esset
941 4393 1046 4456 dilec-

209 4559 211 4564 ,
250 4494 298 4556 tio
321 4494 434 4566 noxia,
451 4507 525 4571 quae
545 4507 751 4554 communem
772 4489 950 4552 utilitatem
974 4491 1045 4568 pri·
1097 4473 1241 4534 ΜΘΝ]
1271 4473 1449 4574 Ρῆθῑῆῑῦωξῑ
1476 4475 1505 4532 S·
1526 4474 1671 4575 Lflulissffl
1689 4481 1718 4532 0²
1737 4475 1766 4535 S·
1782 4473 1894 4534 Niwlll

250 4591 337 4654 Ἢ
358 4593 568 4668 postponens,
594 4603 655 4666 pro
668 4589 770 4649 unius
789 4587 856 4650 levi
872 4588 1043 4650 commodo
1187 4575 1253 4621 cum
1273 4559 1439 4623 corbeiensi
1453 4569 1627 4620 monasterio
1642 4561 1804 4674 confirmat.

250 4701 355 4764 grave
384 4687 496 4749 multis
518 4686 688 4762 ingereret
709 4685 961 4761 detrimentum
984 4685 1042 4746 sed
1138 4687 1307 4749 Honorius
1339 4689 1525 4766 episcopua,
1566 4703 1684 4750 servus
1719 4703 1893 4755 servornm

249 4783 702 4855 necaelusessetinnoxins,
729 4784 785 4860 qui
809 4783 949 4860 privatis
968 4781 1043 4844 vel·
1097 4779 1170 4858 ba,
1192 4785 1323 4849 dilectis
1348 4785 1428 4848 tiliis
1445 4786 1556 4848 abbati
1568 4790 1605 4848 et
1617 4786 1797 4856 conventui
1812 4791 1894 4848 Gor-

252 4881 301 4943 let
321 4879 522 4958 profectibus
537 4880 684 4950 obviare,
697 4879 818 4957 quibus
840 4880 927 4940 nihil
941 4879 1044 4941 alicui
1096 4881 1238 4957 belensi,
1254 4883 1396 4946 salutem
1411 4883 1445 4944 et
1456 4883 1679 4960 apostoticam
1693 4883 1894 4946 benedictio

252 4977 1067 5067 noscimrdeperire.llndequummonasteriumI
1097 4995 1187 5042 nem.

250 5076 370 5140 Sancti
384 5073 548 5136 Dominici
561 5073 603 5135 de
617 5076 699 5137 Sora
710 5075 941 5152 permelitiam
952 5075 1046 5136 inbre
1064 5112 1067 5155 ;
1137 5077 1336 5155 apostolicae
1348 5077 1444 5140 Sedis
1454 5077 1612 5155 provisio,
1622 5093 1697 5156 quaa
1709 5077 1743 5139 in
1754 5077 1894 5154 religio-

251 5173 440 5245 bitantium,
467 5173 568 5235 immo
600 5171 829 5234 incubanti-um
859 5172 895 5233 in
927 5172 1067 5263 eodemj
1096 5175 1154 5236 ais
1180 5175 1366 5237 delectatur
1394 5174 1511 5247 cdere,
1542 5189 1656 5236 eorum
1684 5174 1894 5235 devotionem

251 5271 342 5334 esset
361 5285 446 5348 pene
467 5271 599 5347 penitus
623 5269 818 5342 desolatum,
840 5271 876 5332 et
895 5270 1066 5347 quamvis¹
1100 5271 1256 5348 ampliori
1270 5271 1385 5334 lavore
1398 5272 1611 5350 prosequitur
1626 5272 1682 5349 qui
1703 5287 1807 5333 suave
1830 5274 1896 5332 Do·

252 5369 296 5432 ad
307 5369 553 5445 reparationem
568 5369 640 5444 ejus
656 5381 716 5444 per
727 5381 789 5428 nos
809 5367 842 5429 et
856 5365 942 5429 alios
956 5355 1046 5444 sepe
1098 5368 1183 5430 mini
1195 5372 1313 5446 jugum
1331 5369 1449 5431 et'leve
1464 5369 1620 5446 reputant
1631 5383 1718 5429 onus
1733 5369 1841 5445 ipsius
1853 5366 1894 5429 ad

251 5467 376 5543 saepius
402 5465 587 5526 laboratum
612 5465 740 5537 fuisset,
762 5480 972 5542 nequaquam
988 5466 1067 5538 tar
1097 5466 1270 5528 anteriora
1279 5480 1414 5542 gressus
1423 5467 1456 5528 et
1466 5463 1895 5540 laelandirigendoeuum

249 5579 331 5626 men
362 5561 543 5624 subsistere
572 5561 689 5640 potuit,
721 5563 799 5640 quia
832 5561 980 5641 quotidie
1011 5561 1066 5636 in¹
1101 5563 1327 5640 requestam
1344 5577 1387 5624 ex
1406 5561 1633 5624 insinuatione
1648 5561 1895 5623 vestradidici-

254 5661 400 5725 deterius
425 5660 604 5732 laberetur,
640 5659 688 5722 ita
717 5661 803 5738 qued
829 5659 952 5722 tactam
968 5661 1049 5723 arat
1103 5676 1187 5732 mus,
1215 5659 1328 5721 Sancti
1353 5659 1522 5720 Laurentii
1551 5661 1584 5720 et
1606 5659 1721 5720 Sancti
1749 5656 1894 5720 Nicolaii

1099 4270 1195 4340 [renas
1207 4272 1318 4332 uase,
1332 4269 1389 4322 ne.
1400 4272 1490 4404 azias,
1504 4239 1700 4402 silexxmtp.
1712 4273 1753 4334 aa,
1767 4273 1891 4328 seriae.

1438 4352 1510 4404 saion
1539 4355 1573 4420 a]
