4006 6346
111 377 172 438 649

113 533 237 596 sanctae
252 535 410 595 Romane
429 530 586 594 Eccleslae
610 530 790 594 bisantium
805 547 907 594 unum

113 646 233 692 census
247 631 381 692 nomine
402 629 666 706 semproniensis
690 628 831 690 ecclesia
857 630 909 692 te·

113 729 234 790 neatur
248 727 432 790 exsolvere.

153 825 197 886 Ut
207 828 319 886 autem
333 824 453 900 majori
467 824 562 899 parte
577 823 723 900 gaudere
736 823 856 900 possis,
873 823 909 883 in

112 925 284 1000 posterum
318 921 401 982 lines
430 922 639 998 episcopatus
670 923 909 996 Forosempro-

114 1019 243 1080 niensis
252 1019 310 1080 tibi
323 1018 455 1095 tuteque
468 1017 716 1079 suecessoribus
731 1017 910 1079 conflrma-

114 1115 431 1192 mns3sicutilnibus
441 1115 522 1190 ipsis
533 1113 910 1192 idemepisoopatusdis·

114 1214 292 1290 tinguitur,
302 1214 336 1275 et
342 1212 605 1289 praedecessores
617 1213 666 1274 tui
677 1227 734 1274 eos
749 1226 852 1289 usque
867 1210 908 1272 ad

114 1310 188 1372 baec
203 1311 353 1386 tempora
365 1307 611 1370 rationabiliter
623 1309 810 1385 possedisse
825 1323 908 1369 nos-

114 1407 247 1479 cuntur,
264 1407 378 1484 utique
393 1406 475 1467 lines
486 1407 572 1468 tales
585 1407 673 1478 sunt,
690 1405 856 1482 incipiunt
867 1419 911 1465 ex

113 1505 208 1579 parte
223 1503 306 1564 Fani
319 1519 340 1565 a
353 1503 427 1565 rivo
441 1503 572 1580 mm‘ori,
592 1502 649 1563 ubi
671 1491 824 1564 intratin
839 1503 911 1562 Me-

113 1602 248 1662 taurum
262 1600 324 1662 sub
336 1601 435 1677 ponte
450 1600 563 1661 sancti
578 1599 735 1678 Cypriani
749 1601 783 1662 et
793 1615 912 1660 ascen·

115 1697 163 1759 dit
176 1713 237 1774 per
251 1698 360 1776 ipsum
374 1699 483 1758 riuum
499 1713 604 1774 usque
619 1697 660 1758 ad
675 1697 825 1758 Trinium
837 1696 910 1758 Sui-

112 1795 266 1868 ianariae‚
292 1795 326 1857 et
348 1794 520 1856 descendit
537 1795 574 1854 in
599 1793 708 1857 riuum
729 1794 908 1870 putridum,

112 1892 330 1970 ascenditque
353 1907 413 1968 per
436 1891 588 1952 eumdem
609 1891 720 1952 rivum
739 1906 844 1968 usque
869 1891 910 1951 ad

113 1989 217 2050 alium
230 1989 351 2060 riuum,
367 1988 424 2065 qui
447 1985 587 2050 uocatur
601 1987 714 2059 Dulce,
736 1988 769 2049 et
785 2003 845 2064 per
859 1987 912 2063 ip-

112 2101 185 2146 sum
199 2085 310 2148 rivum
337 2084 504 2162 usquead
528 2085 672 2147 montem
698 2085 784 2156 Aldi,
813 2085 846 2146 et
861 2085 912 2145 sle

113 2183 265 2246 ascendit
289 2198 350 2259 per
376 2184 565 2243 Thesanum
591 2198 694 2259 usque
722 2183 764 2243 ad
785 2184 910 2243 terram

115 2279 320 2352 Urbinatam,
337 2281 575 2342 descendentes
589 2295 652 2356 per
667 2281 799 2356 pontem
816 2279 913 2339 Mau-

115 2394 188 2439 rum
210 2379 371 2449 veterem,
393 2377 645 2454 ascenduntque·
664 2392 769 2453 usque
793 2375 834 2438 ad
863 2377 913 2436 ri-

113 2492 190 2538 uum
203 2475 405 2546 Caudiliani,
423 2474 455 2536 et
470 2475 518 2535 sic
531 2473 652 2536 durant
662 2489 721 2551 per
736 2474 843 2550 ipsum
858 2473 910 2533 ri-

114 2589 191 2634 uum
223 2572 388 2650 usquein
422 2571 528 2632 focem
557 2572 664 2632 Petrae
696 2571 851 2648 pertusae,
879 2571 912 2632 et

114 2669 341 2731 transilientes
365 2685 424 2746 per
448 2669 590 2732 montem
621 2669 716 2730 Ferri
739 2669 913 2730 transeunt

115 2767 274 2844 usquead
291 2766 481 2843 spongiam,
498 2767 531 2827 et
542 2765 667 2827 vadunt
680 2781 785 2842 usque
807 2765 849 2826 ad
864 2765 912 2826 ri·

117 2880 192 2924 vum
204 2864 327 2925 montis
338 2862 461 2935 Casuli,
474 2865 506 2924 et
515 2863 690 2924 transeunt
697 2877 757 2938 per
766 2863 911 2924 castrum

119 2961 254 3022 Noricle
267 2960 308 3022 ad
326 2959 482 3021 sanctum
492 2959 640 3020 Blasium
653 2961 686 3021 et
698 2959 777 3020 binc
788 2974 910 3020 ascen-

116 3057 196 3119 dunt
219 3057 263 3119 ad
290 3058 447 3118 sanctum
471 3057 617 3128 Petrum,
641 3056 674 3118 et
697 3071 861 3131 campum,
879 3056 912 3118 et

114 3153 322 3217 descendunt
332 3155 373 3215 ad
385 3154 512 3230 apicem
523 3153 654 3225 Albelli,
664 3153 911 3228 ascenduntque

116 3251 313 3327 perfossam
328 3251 435 3312 sancti
457 3251 573 3324 Marci,
590 3266 696 3327 usque
721 3250 761 3310 ad
778 3265 910 3311 crucem

116 3349 221 3410 sancti
239 3348 387 3420 Martini,
401 3348 478 3408 inde
493 3347 698 3409 descendunt
715 3347 911 3424 perfossam

116 3446 279 3518 Dolionis,
300 3446 334 3508 et
356 3445 499 3517 Farasti,
525 3445 708 3506 ascendunt
729 3445 770 3506 ad
788 3444 910 3506 lessam

116 3544 336 3618 Varangulae,
366 3543 408 3603 ad
436 3545 558 3603 senum
586 3543 628 3602 ad
657 3542 780 3604 terram
811 3543 911 3604 sala·

116 3640 194 3712 tam,
225 3641 403 3716 emergunt
420 3639 454 3701 et
476 3639 523 3700 sic
545 3639 667 3700 durant
686 3655 791 3715 usque
817 3640 906 3700 Gen-

117 3752 199 3806 suae,
231 3739 266 3802 et
300 3737 484 3798 ascendunt
518 3736 554 3797 iu
585 3736 726 3796 Neulam
758 3739 912 3810 Brunga-

118 3832 254 3906 lensem,
278 3835 311 3895 et
335 3833 415 3894 hinc
442 3847 546 3910 usque
571 3833 614 3893 ad
642 3835 830 3894 susannum
845 3833 911 3894 flu-

116 3930 215 4004 vium,
244 3930 455 3992 transeuntes
479 3945 539 4006 per
562 3932 767 4006 Camajorem
794 3945 914 3991 ascen-

116 4025 196 4090 dunt
221 4029 259 4089 in
290 4029 414 4089 terram
437 4026 640 4099 Boccabelli‚
666 4029 700 4088 et
720 4027 769 4088 sic
792 4027 913 4089 durant

118 4125 269 4202 usquein
284 4125 428 4186 montem
443 4123 531 4196 Bilii,
546 4128 579 4185 et
591 4125 766 4186 transeunt
780 4139 838 4200 per
851 4127 922 4186 Re«

120 4223 226 4284 retum
239 4222 275 4283 in
289 4225 464 4283 Forratum
478 4221 584 4296 Longi
600 4221 762 4298 usquead
776 4221 918 4288 trivium,

118 4321 241 4393 Peossi,
259 4321 292 4382 et
303 4319 488 4381 ascendunt
502 4319 543 4381 ad
563 4333 695 4379 crucem
710 4319 817 4381 sancti
829 4321 914 4386 Bar-

119 4416 185 4489 toli‚
198 4420 232 4478 et
246 4417 296 4478 sic
310 4432 370 4494 per
379 4417 504 4478 terram
519 4414 695 4476 Morellam
708 4415 912 4478 descendunt

120 4511 158 4579 in,
166 4514 275 4577 riuum
288 4513 396 4585 Gellii,
409 4513 457 4574 sic
471 4528 575 4590 usque
593 4513 627 4574 in
633 4513 839 4586 Metaurum,
856 4514 911 4590 qui

119 4611 243 4684 primus
258 4611 335 4672 linis
346 4611 408 4673 est.

154 4711 214 4770 lus
239 4711 348 4770 autem
368 4707 559 4784 episcopale
574 4708 608 4768 in
623 4707 787 4779 eeclesiis,
801 4709 835 4769 et
851 4723 912 4768 ca·

120 4804 223 4879 pellis,
240 4806 357 4868 sivein
373 4805 596 4876 monasteriis,
613 4805 744 4876 castris,
761 4805 794 4866 et
809 4805 910 4878 villis

120 4916 189 4976 quae
204 4903 293 4965 inira
306 4904 369 4964 bos
379 4901 463 4962 linos
474 4902 699 4973 continentur,
711 4901 782 4973 tibi,
795 4902 828 4964 et
842 4919 914 4964 suc-

120 5001 305 5061 cessoribus
320 5000 389 5062 tuis
402 4999 558 5059 duximus
580 4998 853 5072 confirmandum,
871 5002 914 5061 si-

121 5095 174 5157 cut
189 5100 244 5174 jus
263 5097 372 5173 ipsum
386 5096 615 5157 antecessores
630 5096 679 5157 tui
690 5096 780 5172 juste
797 5098 911 5173 perci-

121 5207 207 5267 pere.
223 5194 478 5256 consueverunt.
511 5193 678 5254 Praeterea
715 5195 912 5256 sententiam

122 5305 214 5366 quam
235 5292 298 5368 piae
317 5290 560 5352 recordationis
582 5291 808 5366 predecessor
829 5307 911 5354 nos-

44 5377 48 5386 ’
121 5388 167 5450 ter
194 5388 385 5450 Alexander
410 5390 440 5449 ΙΙ
468 5388 509 5449 de
530 5387 626 5464 plebe
654 5389 767 5448 sancti
785 5389 913 5452 ,loban-

122 5485 181 5553 nis,
207 5503 279 5564 quae
300 5486 421 5548 dicitur
438 5485 479 5546 de
496 5485 674 5554 sorbitulo,
688 5501 763 5547 cum
780 5489 911 5548 caeteris

122 5582 267 5646 ecclesiis
296 5585 336 5645 de
366 5598 477 5644 massa
504 5581 671 5644 sorbitulo
696 5583 786 5644 inter
814 5583 911 5647 bonae

124 5681 285 5745 memoriae
296 5680 509 5744 Benedictum
526 5680 805 5758 praedecessorem
817 5683 909 5744 tuum

717 373 946 436 EPISTOLAE.
969 375 1047 436 LIB.
1071 375 1157 436 VIII.

1695 366 1756 428 650

962 524 1758 610 ForosempronlensemetGuillelmumsenogal·

962 631 1104 692 liensem
1120 628 1292 707 episcopos
1308 629 1455 706 protulit,
1481 629 1514 688 et
1527 640 1602 686 eam
1618 622 1757 700 privile-

963 729 1011 803 gii
1036 728 1219 788 munimine
1243 726 1423 797 roboravit,
1451 726 1559 786 ratam
1583 721 1754 790 habentes,

964 825 1113 886 eamdem
1129 823 1257 901 plebem
1272 839 1346 884 cum
1360 821 1507 899 praetatis
1521 818 1684 888 ecclesiis,
1700 816 1759 878 de-

964 922 1070 993 cimis,
1092 920 1313 983 oblationibus
1328 920 1491 989 vivorum,
1516 932 1555 978 ac
1581 915 1756 976 defuncto·

964 1034 1037 1080 rum
1053 1021 1086 1081 et
1111 1017 1418 1080 consecrationibus
1438 1013 1616 1084 universis
1638 1011 1699 1073 tibi
1723 1011 1757 1074 et

964 1117 1114 1178 ecclesiae
1128 1117 1194 1178 tuae
1208 1115 1399 1192 Apostolica
1417 1112 1614 1176 auctoritate
1630 1108 1757 1172 contir-

964 1230 1103 1286 mamuS,
1119 1218 1152 1276 et
1162 1214 1336 1290 praesentis
1352 1212 1467 1288 scripti
1481 1207 1656 1286 privilegio
1672 1222 1759 1268 com·

964 1311 1146 1386 munimus3
1159 1311 1207 1372 Ad
1221 1313 1381 1387 majorem
1402 1311 1512 1370 autem
1528 1305 1679 1368 ecclesiae
1691 1305 1758 1367 tuae

965 1409 1140 1480 cautelam,
1157 1408 1263 1484 ipsius
1278 1407 1452 1468 sententIae
1468 1405 1608 1466 formam
1623 1403 1710 1463 sicut
1724 1401 1759 1461 in

965 1509 1036 1582 ejus
1052 1504 1243 1568 authentico
1258 1503 1457 1574 continetur,
1479 1505 1574 1579 cujus
1592 1504 1688 1563 tenor
1704 1499 1758 1560 ta-

965 1605 1007 1666 lis
1019 1604 1093 1665 est:

1006 1703 1113 1774 Quum
1129 1700 1164 1762 in
1179 1699 1240 1761 Dei
1254 1699 1489 1776 omnipotentis
1505 1697 1652 1768 nomine,
1663 1696 1761 1758 etre-

965 1798 1115 1860 uerentia
1130 1797 1165 1858 in
1181 1797 1394 1859 sacrosancto
1406 1795 1622 1857 lateranensi
1636 1792 1760 1871 palatio

965 1895 1119 1957 dominus
1141 1910 1227 1973 papa
1250 1893 1439 1955 Alexander
1453 1909 1528 1954 cum
1548 1889 1758 1970 quampluri-

966 1993 1028 2052 mis
1055 1991 1219 2054 resideret
1243 1991 1421 2067 episcopis,
1439 2005 1579 2067 quorum
1601 1988 1657 2050 bic
1684 1987 1762 2048 sunt

966 2089 1114 2161 nomina,
1126 2105 1199 2166 quae
1215 2091 1417 2165 sequuntur:
1430 2091 1467 2148 ln
1480 2086 1597 2164 primis
1607 2085 1761 2146 dominus

967 2186 1193 2258 ildebrandus,
1215 2187 1338 2247 sanetae
1352 2187 1511 2247 Romana
1528 2182 1683 2244 Ecclesiae
1699 2197 1759 2242 ar-

966 2283 1195 2350 chidiaconus,
1224 2297 1286 2343 nec
1314 2297 1379 2342 non
1409 2283 1442 2343 et
1465 2281 1618 2341 dominus
1642 2279 1761 2340 Petrus

966 2381 1147 2441 Damianus
1174 2379 1336 2441 Ostiensis
1360 2378 1511 2440 ecclesiae
1526 2377 1712 2454 episcopus,
1730 2379 1763 2436 et

967 2479 1003 2538 D.
1020 2476 1213 2537 Boniiacins
1225 2475 1425 2537 albanensis
1439 2476 1627 2551 episcopus
1642 2475 1675 2534 et
1697 2473 1761 2533 do-

967 2574 1076 2634 minus
1100 2573 1293 2634 Mainardus
1321 2573 1514 2642 sutriensis,
1543 2572 1576 2633 et
1600 2573 1637 2632 D.
1666 2573 1761 2645 Hugo

967 2669 1212 2746 Eugnbinensis
1227 2669 1379 2730 ecclesiae
1398 2669 1583 2744 episcopus
1602 2667 1634 2728 et
1649 2667 1760 2727 domi-

967 2783 1030 2828 nus
1045 2767 1238 2828 Mainardus
1251 2764 1493 2837 Urbinatensis,
1502 2764 1763 2825 etdomInusAr-

967 2864 1088 2924 duinus
1115 2863 1276 2924 Fanensis
1300 2863 1486 2939 episcopus,
1512 2863 1546 2924 et
1568 2864 1606 2922 D.
1628 2861 1763 2922 duillel·

966 2977 1040 3021 mus
1069 2961 1293 3022 Humanensis
1321 2960 1508 3037 episcopus,
1545 2960 1578 3020 et
1606 2959 1760 3019 dominus

966 3060 1060 3133 Ilugo
1074 3057 1250 3118 calliensis
1266 3057 1452 3133 episcopus,
1475 3060 1507 3118 et
1529 3056 1682 3116 dominus
1696 3059 1764 3117 Do-

966 3154 1108 3215 minicus
1124 3153 1336 3215 Pisaurensis
1347 3154 1533 3230 episcopus,
1548 3155 1628 3215 etD.
1643 3152 1763 3214 Lotha·

966 3253 1036 3312 rius
1048 3252 1307 3313 auximanensis
1336 3251 1486 3312 ecclesiae
1514 3251 1701 3328 episcopus
1729 3251 1762 3312 et

966 3349 1025 3413 alii
1041 3350 1265 3426 quamplures
1287 3350 1475 3426 inquorum
1501 3349 1648 3410 omnium
1670 3363 1761 3424 prae-

967 3448 1074 3509 sentia
1105 3462 1245 3522 surgens
1274 3446 1471 3507 Guillelmus
1502 3445 1761 3522 senogalliensis

967 3544 1290 3622 episcopus,inquit;
1303 3545 1442 3604 Domine
1461 3544 1555 3619 pater
1566 3543 1760 3614 reverende,

966 3642 1315 3702 vestraesanctissimae
1327 3656 1513 3716 conqueror
1529 3641 1645 3716 pietati
1663 3655 1765 3716 super

967 3737 1070 3799 fratre
1083 3739 1198 3800 nostro
1227 3737 1407 3799 Benedicto
1431 3736 1762 3813 Forosemproniensi

966 3835 1132 3912 episcopo,
1154 3835 1210 3911 qui
1237 3833 1413 3911 quamdam
1438 3833 1612 3899 ecclesiam
1638 3835 1762 3896 nostrae

967 3932 1132 4004 dioecesis,
1161 3935 1256 4008 quus
1282 3931 1480 3993 vocabulum
1509 3932 1559 3993 est
1583 3930 1759 4003 lobannis

967 4045 1041 4106 quae
1056 4029 1179 4090 dicitur
1190 4029 1224 4088 in
1239 4027 1419 4101 sorbitulo,
1436 4045 1510 4114 oum
1526 4029 1595 4090 suis
1611 4029 1761 4090 ecclesiis

967 4126 1073 4188 eidem
1087 4141 1218 4196 massae,
1231 4140 1329 4202 quam
1344 4125 1451 4197 nobis,
1465 4127 1498 4188 et
1510 4127 1632 4188 nosirae
1651 4127 1762 4188 eccle-

968 4222 1027 4287 siae
1039 4237 1134 4284 sacra
1148 4221 1328 4295 contendit,
1337 4223 1370 4283 et
1382 4222 1446 4282 sibi
1461 4224 1585 4308 temere
1599 4237 1762 4298 usurpare

967 4319 1227 4396 praesumpserit,
1253 4319 1340 4380 unde
1355 4321 1499 4382 vestram
1515 4321 1675 4396 deprecor
1689 4319 1762 4395 ple-

966 4418 1078 4487 tatem,
1096 4418 1133 4478 ut
1146 4418 1269 4479 nostrae
1284 4417 1434 4478 ecclesiae
1456 4417 1620 4493 justitiam
1651 4416 1761 4477 lacere

966 4513 1161 4591 dignemini.
1173 4517 1264 4575 'Iunc
1282 4515 1435 4575 dominus
1445 4515 1564 4574 Petrus
1580 4515 1760 4575 Damianus

968 4611 1067 4688 eoepit
1081 4626 1259 4688 exponere,
1285 4611 1447 4687 quatenus
1474 4610 1627 4672 dominus
1647 4610 1761 4673 Victor

968 4709 1091 4770 sanotae
1118 4711 1276 4770 Romanae
1299 4707 1455 4768 Ecclesiae
1484 4709 1633 4779 antistes,
1651 4711 1760 4770 Foro-

968 4805 1209 4882 semproniensi
1225 4804 1386 4877 ecclesiae,
1399 4808 1507 4866 motus
1527 4805 1650 4882 pietate
1672 4823 1759 4882 pau-

969 4904 1106 4980 pertatis
1121 4902 1279 4980 ejusdem,
1297 4919 1372 4963 cum
1388 4903 1536 4976 decimis,
1547 4903 1761 4966 etoblationi-

967 5000 1029 5062 bus
1041 5000 1206 5063 universis
1217 4999 1627 5073 miserandoconcesserit,
1635 5016 1760 5077 suoque

967 5097 1114 5160 dominio
1133 5097 1374 5173 mancipaverit
1388 5099 1536 5175 ejusdem
1565 5113 1683 5159 massae
1697 5101 1761 5160 Ec-

967 5195 1088 5257 clesias
1102 5194 1289 5266 universas,
1308 5195 1427 5256 iisdem
1444 5194 1626 5257 redditibus
1646 5195 1761 5271 praeli·

966 5292 1064 5355 batis.
1082 5294 1152 5364 Quo
1168 5292 1443 5359 relerenteidom
1464 5291 1576 5354 caeteri
1586 5293 1760 5368 protestati

966 5391 1053 5461 sunt,
1069 5389 1155 5467 quod
1178 5389 1250 5450 haec
1273 5405 1353 5451 uera
1377 5392 1465 5450 esset
1487 5389 1640 5450 assertio.
1667 5391 1758 5461 Quod

966 5488 1105 5550 audiens
1122 5487 1276 5548 dominus
1303 5503 1389 5564 papa
1415 5487 1604 5550 Alexander
1631 5491 1759 5552 cunctis

966 5585 1189 5656 audientibus,
1218 5585 1348 5661 placido
1377 5599 1435 5645 ore
1462 5585 1569 5662 inquIt
1594 5587 1711 5659 :Quod
1740 5603 1761 5650 a

966 5684 1213 5760 praedecessore
1236 5683 1349 5744 nostro
1376 5682 1471 5744 bonae
1499 5684 1668 5746 memoriae
1696 5685 1759 5750 do-
