4002 6326
695 367 924 429 EPISTOIAE.
947 367 1026 430 LIB.
1049 369 1121 432 vlt.

41 371 167 444 337⁷
1680 377 1741 440 378

39 567 41 586 ;
115 527 235 606 nuptias
262 525 478 590 celebrandas
512 525 631 590 devote
660 527 888 602 convenerint,
944 527 1150 593 violabiliter
1162 529 1346 606 observari,
1367 531 1429 594 sub
1448 532 1668 598 obtestatione
1682 533 1739 600 dl·
1810 533 1815 538 “

38 671 43 694 ,
113 625 366 688 desiderabiliter
379 625 594 688 ostendenda.
621 626 794 688 Utautem
816 642 888 700 uos,
943 626 1015 689 vini
1035 627 1156 706 judicii
1181 629 1407 706 prohibentes,
1430 631 1467 694 ut
1491 632 1576 694 nulli
1602 635 1740 698 omnino

113 724 160 802 qui
187 722 322 814 Domino
352 723 522 785 revelante
556 724 784 786 venerandum
812 724 889 786 aliis
945 724 1116 787 hominum
1140 725 1240 789 liceat
1266 728 1422 804 paginam
1451 731 1573 792 nostrae
1595 745 1738 794 conces-

112 819 290 898 aperuimus
312 821 568 894 sacramentum,
594 836 634 883 eo
658 821 759 882 etiam
778 822 889 898 inspi-

111 919 196 981 rante
221 917 418 980 imitandum
443 917 521 980 aliis
545 917 752 994 praebeamus
781 935 891 981 exem·

110 1017 206 1093 plum3
226 1015 449 1087 concedimus,
464 1015 651 1089 statuimus,
667 1016 701 1078 et
718 1014 887 1094 jubemus,

110 1113 142 1176 ut
153 1128 208 1191 pro
222 1113 312 1173 mille
324 1112 525 1198 pauperibus
538 1113 746 1175 extrinsecus
760 1113 889 1175 adveu-

110 1211 253 1283 tautibus,
270 1211 303 1272 et
315 1211 473 1272 trecentis
487 1212 640 1288 personis
654 1211 747 1274 intus
761 1212 888 1288 degen-

107 1308 197 1381 tibus,
211 1308 325 1370 decem
346 1309 379 1372 et
404 1309 530 1387 septem
551 1308 646 1370 librae
669 1309 796 1370 usualis
810 1325 887 1372 mo-

944 821 1061 896 sionis,
1092 823 1338 886 constitutionis
1364 825 1399 887 et
1421 827 1583 904 jussionis
1611 827 1738 890 inhiu-

944 933 1034 995 gere,
1047 920 1102 982 vel
1126 922 1157 982 ei
1182 936 1266 983 ausu
1290 923 1469 985 temerario
1496 925 1673 988 contraire.
1700 927 1737 989 Si

944 1017 1018 1094 quis
1033 1019 1143 1080 autem
1158 1019 1222 1080 hoc
1237 1021 1401 1082 attentare
1415 1023 1676 1100 presumpserit,
1688 1023 1739 1085 iu·

944 1113 1170 1190 dignationem
1181 1117 1417 1194 omnipotentis
1427 1118 1498 1190 Dei,
1510 1135 1550 1181 ac
1562 1119 1737 1184 beatorum

944 1211 1035 1274 Petri
1054 1212 1088 1275 et
1108 1215 1206 1275 Pauli
1220 1215 1454 1292 Apostolorum
1470 1219 1541 1294 ejus
1555 1231 1591 1278 se
1605 1219 1737 1282 noverit

943 1309 1167 1372 incursurum.
1197 1313 1317 1375 Datum
1346 1313 1482 1390 Signiae,
1506 1314 1606 1376 tertio
1628 1330 1735 1378 nonas

107 1407 194 1480 netae,
220 1407 257 1469 ut
287 1405 411 1482 singuli
434 1407 601 1484 accipiant
627 1408 695 1471 tres
717 1406 885 1482 denarios,
938 1407 1030 1484 julii,
1045 1409 1258 1486 pontificatus
1272 1410 1379 1473 nostri
1394 1427 1482 1474 anuo
1497 1411 1650 1490 septimo.

107 1519 198 1566 uuum
212 1519 378 1581 prepare,
396 1503 537 1566 alterum
549 1519 609 1581 pro
619 1504 710 1578 vino,
719 1504 888 1582 aliumque

106 1617 159 1678 pro
174 1617 285 1674 carne,
301 1601 343 1662 ab
359 1601 623 1680 eleemosynario
639 1599 759 1663 summi
772 1603 889 1665 Ponti-

107 1697 169 1760 icis
183 1699 355 1762 annuatim
369 1699 463 1762 vobis
481 1699 518 1761 in
533 1700 727 1778 perpetuum
741 1699 889 1762 tribuan-

105 1797 162 1870 tur,
177 1796 209 1858 et
222 1796 395 1859 canonicis
407 1797 618 1874 supradictis,
634 1797 691 1875 qui
705 1799 886 1876 praescrip-

104 1892 164 1954 tam
196 1892 341 1970 effigiem
376 1894 559 1956 salvatoris
596 1894 888 1972 processionaliter

104 1990 325 2068 deportabunt,
342 1991 483 2068 singulis
505 1991 677 2054 duodecim
697 1993 836 2067 nummi,
856 1993 889 2055 et

103 2103 211 2150 cereus
225 2089 326 2151 unius
341 2089 447 2163 librae,
459 2090 517 2167 qui
531 2089 699 2152 deteratur
713 2105 885 2165 accensus,

102 2187 139 2248 de
150 2186 372 2250 oblationibus
382 2186 471 2250 beati
482 2187 574 2250 Petri
584 2188 792 2264 praestentur.
802 2189 887 2260 Quia

100 2300 172 2346 vero
188 2301 258 2346 non
278 2285 315 2346 in
338 2285 409 2347 solo
426 2301 513 2362 pane
527 2285 610 2348 vivit
632 2286 742 2359 homo,
766 2286 823 2347 sed
851 2286 887 2347 in

102 2383 182 2444 omni
196 2382 309 2456 verbo,
327 2383 414 2461 quod
429 2383 579 2461 procedit
603 2399 646 2444 ex
666 2399 725 2444 ore
742 2384 814 2456 Dei,
828 2383 888 2445 do.
941 2375 1193 2448 Compositionem·
1204 2377 1278 2435 inter
1295 2379 1427 2436 Ottouem
1440 2380 1606 2454 episcopum
1619 2380 1734 2455 trajec-

100 2479 149 2542 Μ(
171 2480 250 2542 huic
275 2480 410 2542 stationi
434 2483 603 2544 Romanus
630 2479 786 2543 pontifex
812 2497 886 2543 oum
975 2471 1088 2523 tensam
1108 2473 1137 2523 et
1150 2467 1326 2524 willelmum
1348 2466 1491 2540 quondam
1512 2470 1647 2528 comitem
1666 2469 1735 2528 liol-

100 2577 163 2640 suis
177 2578 406 2640 cardinalibus
421 2577 596 2651 interesse,
609 2580 645 2642 ut
658 2579 691 2640 et
705 2579 886 2641 missarum
975 2552 1079 2656 ¹⁸¹¹‘‚¹¹,⁸⁸
1097 2555 1165 2658 Q
1186 2569 1272 2628 “ulei
1286 2555 1455 2628 ‘tummim
1477 2556 1641 2617 ¹¹⁰¹¹¹¹¹¹¹b¹¹⁸
1661 2558 1736 2616 ⁰¹⁰¹·

101 2675 257 2738 solemnia
270 2675 318 2737 ibi
332 2674 487 2741 celebret.
500 2677 533 2739 et
551 2676 817 2739 exhortatorium
829 2676 885 2738 ia·
975 2641 1103 2701 ⁰⁸b¹¹¹¹⁰¹
1116 2650 1215 2701 mmm
1230 2644 1389 2702 mmmm·

98 2772 209 2836 ciatde
223 2774 289 2836 hac
304 2773 495 2836 celebritate
511 2767 709 2847 sermonem,
723 2789 767 2835 ne
779 2773 886 2836 tidelis
981 2779 1149 2839 Honorius
1157 2779 1345 2856 episcopus,
1355 2795 1471 2843 servus
1481 2795 1654 2844 servorum
1661 2782 1735 2856 Dei,

99 2872 231 2949 populus
243 2871 420 2933 famelicus
434 2870 476 2932 ah
491 2870 535 2932 iis
548 2871 673 2949 nuptiis
685 2871 884 2944 revertatur,
940 2873 1126 2935 venerabili
1150 2873 1246 2936 tratri
1268 2876 1424 2954 episcopo
1442 2877 1658 2954 Traductensi,
1675 2894 1736 2940 se-

98 2971 213 3045 preter
226 2969 437 3032 materialem
448 2969 481 3030 et
490 2967 718 3041 doctrinalem,
732 2968 888 3047 spiritua·
942 2970 1044 3032 lutem
1059 2971 1092 3032 et
1101 2971 1325 3048 apostolicam
1338 2972 1613 3035 benedictionem.

98 3065 157 3126 lem
172 3081 305 3144 quoque
319 3066 384 3127 sibi
399 3066 508 3127 cibum
522 3065 702 3143 impendat,
719 3065 888 3152 remissio-
980 3067 1086 3130 iustis
1114 3067 1297 3145 petentium
1319 3068 1495 3132 desideriis
1521 3069 1657 3146 dignum
1684 3072 1737 3134 est

98 3177 168 3224 uem
181 3164 284 3225 unius
298 3164 380 3226 anni
399 3163 439 3226 de
460 3164 620 3242 injunctis
638 3162 703 3225 sibi
717 3163 886 3240 poeniten·
941 3179 1003 3226 nos
1017 3163 1150 3228 facilem
1165 3165 1313 3242 praebere
1328 3182 1527 3229 consensum
1541 3165 1575 3230 et
1588 3181 1640 3240 ea,
1659 3183 1735 3245 quae

98 3260 150 3322 tiis
171 3261 388 3338 indulgendo.
414 3263 587 3324 Monemus
604 3260 717 3337 igitur,
734 3261 768 3323 et
790 3260 889 3323 ohse-
941 3277 962 3324 a
980 3261 1122 3325 rationis
1138 3261 1273 3324 tramite
1296 3278 1364 3326 non
1385 3262 1588 3337 discordant,
1612 3264 1735 3328 ellectu

99 3372 225 3421 cramus
266 3373 476 3422 successores
513 3359 645 3421 nostros
678 3373 739 3436 per
772 3359 888 3420 iesum
942 3361 1162 3438 prosequente
1176 3361 1354 3437 complere.
1377 3363 1570 3439 liapropter,
1589 3377 1735 3426 venera-

98 3455 273 3529 christum,
289 3457 347 3534 qui
360 3457 522 3518 venturus
546 3456 597 3518 est
616 3455 770 3534 jndicare
793 3455 887 3518 vivos
941 3457 1019 3518 hilis
1044 3457 1080 3519 in
1104 3456 1236 3519 Christo
1254 3443 1369 3530 trater,
1384 3458 1452 3520 tuis
1463 3460 1564 3537 justis
1580 3461 1735 3536 postula-

95 3553 127 3614 et
139 3556 300 3627 mortuos,
313 3556 350 3616 ut
359 3554 447 3615 hanc
458 3553 714 3625 institutionem,
727 3567 801 3629 quae
814 3551 887 3629 ipso
942 3553 1088 3617 tionibus
1103 3555 1198 3630 grato
1215 3557 1452 3618 concurrentes
1471 3572 1623 3630 assensu,
1640 3573 1736 3619 com·

97 3651 174 3713 teste
188 3652 230 3714 de
246 3650 380 3728 pietatis
394 3651 487 3712 fonte
501 3637 677 3729 processit,
694 3647 820 3712 iaciant
834 3649 888 3710 in·
943 3651 1141 3730 positionem
1158 3649 1204 3731 (1)
1221 3668 1294 3730 puae
1305 3652 1435 3715 intecto
1445 3653 1524 3714 olim
1534 3653 1737 3732 etW.quon·

1290 1829 1388 1920 CLV

1068 1981 1121 2042 Ad
1133 1981 1330 2056 episcopum
1342 1983 1608 2057 trajectensem.

1246 2119 1428 2195 distillate.

1020 2249 1110 2316 [diluit.
1120 2251 1230 2304 ilistoria
1242 2252 1394 2314 llollandias,
1407 2255 1438 2315 ll,
1452 2269 1470 2314 r,
1482 2253 1539 2316 iti,
1552 2271 1577 2307 n.
1590 2256 1657 2322 lot]

128 3781 574 3927 (iigcflaeilhegiufflpffimgratia
596 3867 695 3911 comes
716 3851 885 3922 ilollsudie,
942 3867 1088 3926 uunquam
1106 3851 1262 3925 prohibebo
1279 3859 1453 3934 mercatores
1472 3867 1668 3926 quoscumque
1681 3855 1733 3912 de·

97 3925 235 3982 universis
248 3925 351 3984 Christi
371 3925 500 3982 tidelibus
519 3931 578 3982 tam
595 3922 782 3996 praesentibus
801 3937 887 3996 quam
942 3922 1015 3980 terre
1027 3923 1127 3993 salem,
1138 3924 1184 3980 vel
1199 3923 1339 3994 quaslibet
1353 3924 1425 3982 airas
1443 3938 1555 3982 merces
1576 3923 1611 3981 ud
1629 3931 1735 3984 terram

97 3992 191 4052 tuturis
211 3997 245 4052 in
266 4003 444 4068 perpetuum.
468 3997 537 4052 Cum
560 4008 646 4052 ornne
670 3993 795 4064 leuduno,
812 3993 888 4066 quod
941 3993 1083 4067 episcopi3
1098 3993 1229 4050 similiter
1250 4007 1304 4051 uec
1327 3993 1478 4066 episcopus
1498 3993 1658 4068 prohibebit
1680 3996 1733 4053 all·

98 4061 177 4123 irater
191 4081 287 4135 meus,
308 4065 391 4123 bone
410 4066 556 4123 memoriae
576 4063 769 4122 theodoricus
789 4079 888 4122 comes
942 4079 1013 4138 quos
1029 4072 1201 4121 mercatores
1216 4063 1257 4120 ire
1278 4062 1313 4120 nd
1335 4071 1441 4122 terram
1455 4079 1561 4122 meam.
1578 4067 1619 4123 De
1641 4066 1733 4123 comi·

97 4135 263 4206 llollaudiae,
286 4136 322 4193 ab
344 4136 465 4194 ecclesis
487 4135 660 4208 trajectensi
684 4133 760 4208 juste
806 4149 884 4192 osse·
941 4143 1001 4194 tatu
1016 4135 1113 4192 Frisios
1128 4136 1157 4190 iu
1176 4135 1316 4208 Oostergo
1335 4141 1364 4191 et
1379 4137 1532 4209 Westergo
1549 4143 1577 4193 et
1597 4136 1735 4195 staveren

97 4204 186 4278 derat,
212 4221 229 4265 ο
259 4221 346 4263 manu
369 4205 476 4264 domini
503 4207 559 4263 mei
582 4205 750 4264 'theodorici
795 4207 884 4278 rajec·
941 4205 997 4264 hoc
1011 4212 1054 4262 est
1069 4203 1221 4277 adjectum,
1235 4203 1310 4278 quod
1324 4207 1503 4278 compositio,
1526 4205 1671 4279 quondam
1685 4223 1732 4264 or·

96 4278 179 4334 tensis
207 4275 335 4350 episcopi
362 4278 552 4350 recepissem,
582 4277 666 4360 eique
698 4276 773 4335 sicut
799 4276 887 4352 ligius
940 4275 1037 4334 diaeta
1063 4275 1137 4358 inter
1163 4277 1329 4359 episcopum
1360 4275 1543 4360 Godesridum
1569 4284 1598 4334 et
1623 4283 1733 4360 patrem

96 4343 178 4405 homo
192 4349 294 4421 ligiam
310 4347 474 4406 fidelitatem
489 4361 604 4404 servare
616 4361 770 4420 jurassem,
784 4361 820 4404 ne
833 4347 884 4404 eli·
941 4361 1038 4406 meum
1052 4353 1186 4403 comitem
1200 4347 1384 4415 Florentium,
1394 4354 1480 4403 etnam
1495 4353 1568 4403 inter
1580 4360 1634 4403 uos
1645 4361 1735 4404 rnvuo·

96 4431 147 4502 que
170 4433 298 4492 unquam
320 4418 432 4500 occasio
454 4416 603 4475 discordie
624 4417 660 4474 de
690 4423 794 4501 cetero
812 4419 887 4474 iuter
941 4418 1062 4476 labiliter
1079 4415 1285 4500 observabitur,
1302 4417 1441 4500 quotalis
1455 4423 1498 4473 est
1513 4433 1521 4474 ε
1537 4417 1689 4498 episeopus
1705 4423 1734 4475 et

96 4489 886 4641 talmuthleltmtiuniotitlliit
940 4493 1732 4640 tilttninfflbltftlltitit'§liiiiollll

97 4637 222 4688 nostram
236 4630 301 4687 talis
314 4631 388 4687 iuter
402 4644 456 4687 nos
468 4637 512 4687 est
525 4629 695 4702 compositio
707 4628 886 4687 laudabiliter
941 4629 1008 4702 quid
1029 4627 1064 4685 de
1086 4626 1250 4696 reddntibus
1270 4625 1306 4682 ad
1328 4634 1495 4684 comitatum
1514 4627 1732 4700 pertinentibus,

97 4700 225 4758 ordinate
244 4717 251 4757 :
268 4701 374 4758 Omnes
388 4700 589 4758 ministeriales
602 4699 648 4756 vel
665 4713 774 4768 servos,
787 4701 836 4772 qui
851 4698 886 4757 ad
940 4701 986 4757 vel
1009 4698 1045 4756 de
1069 4697 1253 4770 proventibus
1276 4697 1443 4768 placitorum
1466 4697 1656 4768 secularium,
1680 4698 1730 4756 de·

97 4769 884 4898 ermittebaturtenebititis·
940 4767 1352 4898 tramitteret
1366 4766 1732 4898 calliditatis

98 4856 171 4969 dedit
189 4910 263 4968 mihi
283 4857 631 4970 et'nssneispsuscgssonbus
654 4909 786 4968 domiuus
805 4883 887 4969 mous
940 4856 1074 4992 entiam
1089 4853 1168 4992 iilum
1183 4923 1241 4965 non
1262 4879 1380 4992 intrare·
1392 4853 1522 4994 Frisium,
1543 4855 1732 4994 nunciilgpisg

97 4981 285 5054 'trejectensis
301 4983 469 5056 episcopus3
488 4997 545 5056 ego
571 4981 701 5039 similiter
714 4995 817 5038 omnes
830 4981 883 5039 mi·
941 4995 1006 5054 copi
1020 4987 1049 5036 et
1060 4980 1172 5037 comitis
1186 4978 1344 5036 llollandrae
1358 4979 1443 5037 simul
1454 4979 1534 5037 ibunt
1546 4994 1575 5036 m
1587 4995 1733 5038 communi

97 5051 539 5138 nisterialesvelservos,quiad
552 5052 719 5110 comitatum
729 5051 887 5110 Hohandias
941 5063 1066 5124 expense
1081 5050 1218 5124 colligere
1233 5049 1370 5120 redditus,
1392 5048 1428 5108 ed
1451 5049 1616 5132 comitatum
1642 5051 1727 5123 perti·

98 5123 237 5194 pertinere
251 5122 427 5193 dicebantur,
445 5138 475 5181 m
493 5131 567 5180 terra
583 5123 681 5196 episco
701 5122 884 5192 imauentes,
941 5128 1052 5179 nentes.
1073 5120 1233 5189 bloueturii,
1257 5119 1420 5189 thelonarii,
1446 5121 1569 5189 sculteti,
1583 5120 1679 5190 villici,
1703 5127 1733 5178 et

98 5195 221 5268 exceptis
235 5193 372 5252 militibus
390 5201 532 5252 eteorum
549 5137 738 5262 liberienfedi
758 5193 887 5250 ecclesie
940 5206 1043 5250 omnes
1053 5189 1216 5274 beneficiati
1227 5192 1257 5247 iu
1269 5192 1405 5274 comitatu
1420 5192 1468 5248 illo
1482 5188 1733 5272 manentesieuda

98 5263 269 5336 traiectensi
289 5263 447 5337 predicte,
467 5278 501 5321 eu
528 5263 691 5321 conditione
713 5261 834 5335 adjecta,
856 5270 887 5322 ut
940 5263 988 5324 vel
998 5261 1092 5321 otiicle
1105 5275 1156 5320 sue
1166 5275 1288 5335 primum
1301 5262 1439 5334 recipient
1448 5260 1485 5318 de
1494 5273 1582 5340 manu
1593 5261 1731 5342 episcopt,

98 5332 122 5389 si
161 5336 190 5393 ui
214 5349 313 5392 eorum
340 5333 473 5392 deterre
501 5334 630 5407 episcopi
658 5333 694 5391 ad
721 5335 886 5392 comitatum
940 5340 1080 5406 etpostee
1096 5332 1132 5390 de
1152 5347 1239 5390 manu
1258 5333 1372 5390 comitis
1387 5328 1554 5412 llollandree,
1570 5337 1606 5412 'et
1620 5337 1733 5403 surque

99 5349 254 5464 lloflandiae
267 5405 450 5488 transierunt,
460 5404 689 5463 veleconverso
701 5401 741 5484 de·
750 5405 887 5461 comitatu
943 5403 1074 5485 'orabunt
1100 5401 1274 5461 fidelitatem.
1310 5405 1389 5483 ltem¹
1412 5400 1449 5459 de
1476 5399 1673 5484 Jurnsdrctione
1702 5403 1733 5458 iu

100 5473 134 5533 ed
148 5483 252 5533 terram
266 5475 404 5548 episcopi,
417 5491 480 5548 epus
496 5480 642 5541 maneant,
656 5474 685 5530 iu
697 5487 778 5546 cupos
792 5474 884 5532 domi·
967 5472 1115 5547 escwipck,
1126 5475 1206 5547 juxte
1221 5471 1355 5531 biontiort
1366 5479 1429 5540 suta,
1448 5471 1504 5552 hoc
1517 5477 1561 5528 est
1574 5471 1731 5554 conditum,

99 5545 146 5602 nio
159 5547 338 5604 mensionem
357 5547 506 5619 elegerint.
526 5547 590 5618 ligo
611 5546 697 5602 ctiam
714 5550 742 5600 et
756 5543 887 5602 homiues
942 5544 1017 5617 quod
1031 5545 1153 5602 nuncius
1165 5545 1291 5616 episcopi
1303 5545 1332 5600 in
1344 5557 1379 5599 ea
1391 5542 1516 5600 servabut
1527 5541 1629 5614 pluente
1643 5556 1733 5598 seecu-

100 5615 155 5672 mel
168 5615 336 5688 juramento
345 5617 538 5688 promisimus,
554 5615 629 5688 quod
644 5613 681 5673 de
692 5621 796 5673 cetero
809 5615 886 5674 nulla
937 5615 1022 5684 laria,
1033 5621 1062 5672 et
1075 5621 1205 5696 quartam
1215 5619 1325 5670 tantum
1340 5619 1449 5685 partem
1462 5625 1571 5694 eorum,
1584 5625 1648 5683 que
1666 5610 1734 5694 inde

101 5699 222 5758 unquam
234 5687 397 5758 occasione,
410 5689 506 5748 uenus
518 5685 594 5760 apud
611 5684 831 5759 Suadenburgh,
841 5686 887 5744 vel
942 5692 1133 5759 provenerunt,
1165 5681 1282 5742 habebit
1304 5697 1403 5742 comes
1431 5680 1598 5752 llollaudne,
1625 5679 1733 5754 reliqua

942 3782 1008 3840 alibi
1036 3781 1206 3840 obstruetur.
1231 3784 1303 3840 ltem
1332 3783 1450 3856 promisi
1473 3790 1502 3839 et
1523 3782 1628 3855 iuravi,
1657 3783 1734 3856 quod
1844 3845 1846 3854 ,
