4036 6330
281 343 341 404 723
902 355 1079 418 HONORll
1100 359 1315 426 lii-ornan.
1870 385 1928 443 'tal

280 502 491 580 allegatione,
531 521 591 568 seu
634 509 829 587 excepttone
869 514 980 576 oneris
1016 516 1075 578 de·
1131 519 1250 583 eidem.
1280 524 1399 589 Datum
1417 530 1585 607 Laterani,
1612 535 1656 598 1v
1679 535 1842 604 kalendas
1868 541 1928 602 de-

279 600 435 671 bitorum,
467 604 514 666 ita
542 605 628 682 quod
661 607 691 666 si
726 608 800 686 quis
835 609 961 688 aliquid
996 613 1075 675 inde
1132 617 1287 693 0611111116,
1304 607 1516 700 pontificatus
1534 631 1888 698 nostriannonono...

281 715 489 778 quacumque
517 702 765 778 adinventione,
792 723 1000 788 quocumque
1022 712 1078 772 in·
1171 715 1290 779 Abbati
1306 721 1346 782 de
1366 723 1503 786 Curiath
1533 728 1761 792 cisterciensis
1788 731 1926 806 ordiale,

279 798 378 873 genio
414 799 671 874 defraudaverit,
700 807 821 880 praeter
849 808 961 868 notam
993 825 1075 886 per·
1132 813 1201 876 et...
1223 815 1732 904 decanoPatracensiscriptnm
1755 830 1929 908 estsuper

275 895 370 972 jurii,
408 913 507 974 quarn
535 899 685 964 incurret
718 903 752 964 et
774 903 856 964 illud
888 907 979 983 quod'
1008 907 1071 968 de·
1132 909 1195 982 bis,
1227 912 1264 974 ut
1291 929 1349 976 606
1376 917 1474 978 adid
1502 925 1761 998 exsequendum,
1797 927 1929 990 sublato

279 992 456 1069 fraudavit,
489 997 522 1057 et
545 997 749 1060 tantumdem
777 1001 817 1061 de
847 1003 977 1080 reliqua
1005 1019 1076 1065 me-
1131 1008 1365 1084 appellationis
1375 1014 1622 1092 impedimento,
1637 1022 1852 1098 compellant,
1875 1025 1930 1086 in-

279 1089 402 1152 1161616
435 1093 615 1169 persolvat,
652 1097 826 1176 simileque
859 1102 1023 1162 auxilium
1056 1117 1076 1162 a
1130 1106 1305 1180 vocato,si
1319 1125 1401 1188 opus
1411 1111 1523 1185 fuerit,
1538 1115 1655 1178 contra
1666 1117 1843 1182 rebellium
1854 1136 1930 1184 con-

278 1189 538 1252 consistentibus
550 1193 637 1254 ultra
660 1197 819 1264 Macram,
841 1199 909 1258 tam
925 1199 959 1258 in
981 1199 1076 1274 regia

280 1286 416 1349 civitate
438 1305 537 1366 quam
564 1292 660 1353 extra
685 1295 858 1356 carissimo
880 1295 915 1355 in
945 1295 1075 1356 01111610

280 1382 349 1445 illio
370 1385 485 1447 nostro
500 1387 693 1464 imperatori
709 1391 1076 1469 Constantinopolitano

277 1480 402 1542 illustri
428 1483 604 1546 statuimus
636 1486 883 1562 conferendum,
914 1490 977 1551 hoc
1003 1490 1075 1552 solo

276 1578 426 1641 adhibito
442 1581 678 1658 moderamine,
701 1585 736 1646 ut
760 1586 917 1650 videlicet
944 1587 1075 1650 solvant

277 1675 385 1738 eidem
400 1678 528 1740 tantum
552 1681 714 1743 decimam
734 1686 961 1760 proventuum
974 1686 1074 1762 liujus

276 1775 367 1846 anni,
386 1791 444 1852 pro
460 1793 500 1838 eo
513 1779 598 1855 quod
625 1780 713 1842 inter
738 1797 795 1842 eos
821 1783 916 1845 multi
930 1799 1003 1844 esse
1018 1783 1073 1844 di·

273 1872 407 1944 cuntur,
432 1874 489 1950 qui
516 1891 630 1939 omnes
663 1879 812 1941 redditus
843 1895 932 1953 suos,
961 1881 1074 1957 utpote

1130 1204 1309 1266 tumaciam
1323 1208 1450 1271 auxilio
1463 1210 1592 1274 brachii
1608 1214 1793 1277 saecularis.

1457 1471 1599 1559 XXXV

1130 1625 1182 1684 Ad
1208 1627 1365 1699 barones,
1392 1631 1530 1703 milites,
1568 1647 1752 1708 omnesque
1784 1638 1931 1699 Latinos

1170 1725 1207 1782 tn
1219 1725 1399 1787 Romortiae
1413 1731 1559 1802 tecperto
1569 1733 1658 1792 citro
1671 1733 1831 1794 Macram
1845 1749 1931 1796 con-

1169 1819 1319 1884 61110106.

1391 1901 1427 1960 30
1440 1902 1574 1960 novemb.
1590 1905 1670 1962 1111.

276 1970 497 2033 consistentes
535 1973 623 2034 ultra
665 1975 840 2038 brachium
877 1978 1072 2050 amiserunt,

277 2082 417 2142 quorum
431 2071 614 2132 necessitas
630 2087 767 2134 necesse
782 2075 832 2137 est
847 2091 906 2152 per
917 2075 1002 2137 alios
1014 2092 1073 2136 re-

275 2162 393 2225 levari.

317 2261 460 2338 Ideoque
475 2265 727 2328 universitatem
739 2269 886 2330 vestram
901 2269 1074 2332 hortamur

275 2357 412 2428 attente,
429 2360 462 2421 61
476 2379 537 2438 per
549 2364 739 2440 apostolica
756 2367 851 2427 vobis
871 2367 1073 2443 6011016111-

276 2455 375 2518 miter
404 2460 630 2537 praecipiendo
663 2463 870 2538 mandamus,
907 2465 1073 2542 quatenus
1105 2457 1110 2466 '
1170 2462 1348 2534 Honorius,
1375 2464 1451 2536 etc,
1474 2464 1605 2528 dilectis
1632 2466 1711 2528 tiliis
1729 2466 1926 2539 baronibus,

276 2555 363 2630 quod
378 2571 483 2638 super
494 2557 546 2618 his
561 2559 721 2622 suadente
741 2561 939 2623 necessitate
955 2561 1075 2624 statui·
1129 2556 1302 2627 militibus,
1317 2561 1535 2638 omnibusque
1550 2563 1676 2624 Latinis
1698 2563 1733 2624 in
1752 2565 1928 2626 Romaniae

251 2655 350 2712 ‘mus
375 2653 557 2717 tolerantes
584 2658 826 2734 equanimiter,
860 2659 974 2731 immo,
996 2659 1073 2736 quia
1129 2653 1270 2731 imperio
1283 2657 1366 2718 citra
1384 2659 1531 2720 Macram
1546 2660 1814 2732 consistentibus,
1833 2661 1929 2724 salu-

239 2827 242 2832 ,
275 2749 324 2810 610
364 2767 504 2813 necesse
542 2755 603 2825 est,
639 2754 793 2818 hilariter
832 2758 1071 2835 amplexantes
1128 2752 1195 2814 tem
1211 2754 1244 2816 61
1256 2754 1481 2830 Apostolicam
1500 2756 1774 2820 benedictionem.

274 2845 467 2921 praedictam
482 2849 692 2911 medietatem
708 2851 772 2923 his,
792 2868 877 2929 quos
891 2853 965 2930 ipse
983 2869 1075 2914 mar-
1171 2853 1217 2912 Ea
1242 2867 1316 2928 quaa
1343 2852 1485 2914 facimus
1514 2869 1576 2931 pro
1597 2857 1708 2918 vestra
1732 2854 1931 2918 defensione

273 2943 363 3016 cbi0,
378 2945 411 3007 61
423 2945 535 3008 dilecti
551 2947 649 3008 filii...
666 2947 770 3010 abba's
781 2949 821 3011 de
834 2951 985 3013 Curtiath
1001 2950 1074 3012 Gis·
1130 2963 1170 3010 ac
1199 2949 1289 3010 statu
1310 2949 1487 3012 manifeste
1518 2951 1747 3014 demonstrant
1765 2953 1929 3030 quantam

1162 2023 1281 2085 [liegest.,
1293 2022 1338 2076 lib.
1351 2025 1395 2084 ix,
1406 2026 1478 2090 epist.
1492 2025 1531 2076 st.
1547 2029 1605 2079 tiss.
1616 2029 1652 2078 La
1663 2029 1739 2080 Porto
1748 2029 1783 2081 dn
1795 2029 1895 2098 maii]

1130 2147 1297 2216 Beronibus,
1308 2149 1444 2208 militibus
1459 2152 1647 2226 omnibusque
1656 2155 1765 2212 Latinis
1778 2155 1808 2212 in
1823 2157 1930 2213 Roma·

1165 2236 1220 2292 nie
1234 2237 1354 2308 imperio
1367 2239 1437 2296 citra
1457 2241 1582 2299 Macram
1599 2243 1830 2314 consistentibus,
1848 2260 1930 2302 man·

1165 2319 1213 2380 dat
1225 2332 1254 2381 ut
1265 2326 1411 2385 succursui
1425 2327 1519 2388 Terre
1534 2331 1645 2388 Sanctae
1660 2346 1777 2404 operam
1790 2331 1871 2390 dent.

175 3037 180 3042 '
273 3042 412 3104 tercien.
426 3045 1073 3110 et...decanusPatracen...executores
1130 3045 1169 3106 de
1197 3047 1291 3108 vobis
1315 3063 1430 3110 curam
1459 3049 1493 3110 et
1514 3049 1771 3112 sollicitudinem
1793 3049 1927 3112 babea-

274 3140 425 3216 praedicti
450 3143 564 3205 statuti
579 3144 621 3204 ad
646 3145 709 3206 hoo
729 3145 887 3208 duxerint
908 3147 1073 3224 deputan-

273 3238 345 3310 dos,
362 3241 435 3300 sine
448 3239 655 3310 difficultate,
670 3257 710 3302 ac
725 3242 946 3305 diminutione
958 3243 1071 3321 quali·

276 3334 332 3397 bet
343 3336 510 3410 tribuatis,
528 3338 634 3399 eidem
650 3340 836 3402 marchioni
852 3340 994 3402 fideliter
1013 3355 1072 3402 as·

274 3433 485 3508 signandam,
502 3435 645 3498 scientes
657 3453 719 3498 nos
739 3437 863 3498 eisdem
879 3438 1072 3499 executori-

273 3529 334 3591 bus
350 3531 481 3594 dedisse
494 3533 635 3596 flrmiter
649 3535 684 3595 in
704 3536 890 3612 praeceptis,
908 3536 944 3597 ut
957 3535 987 3596 si
1002 3534 1069 3612 qui,

273 3630 360 3707 quod
371 3647 437 3693 non
450 3632 628 3705 credimus,
637 3633 717 3694 huic
729 3633 851 3695 nostrae
862 3633 1073 3710 dispositioni

273 3729 341 3788 tam
356 3730 555 3791 necessaria
566 3731 816 3808 praesumpserit
826 3730 996 3802 reluctari,
1006 3731 1071 3806 ipsi

274 3839 331 3886 eos
346 3827 388 3888 ad
401 3843 475 3888 earn
499 3827 697 3890 servandam
723 3843 783 3904 per
796 3827 1027 3905 suspensionis
1040 3827 1073 3888 61

275 3925 629 3986 excommunicationis
667 3927 862 4004 sententias,
903 3941 943 3986 ac
972 3923 1073 3985 etiam

275 4035 335 4095 per
362 4021 582 4096 privationem
611 4021 851 4084 beneficiorum
877 4037 1024 4092 snorum,
1043 4020 1073 4080 si

272 4117 460 4194 aliquorum
488 4120 672 4195 pertinacia
695 4121 729 4180 id
752 4120 913 4197 exposcit,
943 4118 1071 4180 sublato

274 4215 508 4292 appellationis
522 4215 770 4293 impedimento,
787 4217 997 4294 compellant,
1014 4216 1071 4276 in-

274 4313 402 4386 vocato,
431 4314 461 4375 si
489 4329 572 4392 opus
601 4313 711 4385 fuerit,
752 4316 867 4377 contra
895 4314 1072 4376 rebellium

274 4413 517 4474 contumaciam
556 4411 684 4474 auxilio
718 4411 848 4472 brachii
887 4411 1069 4472 saecularis.

274 4512 420 4574 Faciatis
434 4512 537 4588 igitur
549 4511 589 4572 de
603 4511 801 4572 necessitate
813 4509 982 4581 virtutem,
999 4524 1073 4570 nos·

274 4607 428 4685 trumque
436 4609 638 4685 praeceptum
650 4607 695 4669 ita
705 4605 1069 4683 hilaritercompleatis,

275 4705 360 4780 quod
371 4720 438 4765 non
450 4706 628 4767 incurratis
642 4705 855 4768 difficultates
868 4703 1071 4782 hujusmodi,

274 4815 335 4862 nec
345 4802 551 4864 exacerbetis
562 4803 704 4880 superba
717 4801 926 4880 impatientia
935 4802 1070 4871 sortem,

276 4913 374 4976 quam
388 4899 507 4960 humili
521 4900 682 4976 patientia
697 4901 846 4977 levigare
859 4899 1008 4977 potestis.

1129 3161 1215 3206 mus.
1250 3147 1334 3207 Ecce
1367 3145 1468 3218 enim,
1498 3146 1653 3210 dilectum
1685 3147 1790 3208 filium
1826 3147 1929 3210 nobi-

1129 3241 1205 3315 lem,
1230 3243 1307 3314 eto.,
1324 3258 1432 3317 usqae
1446 3245 1520 3320 ipso
1531 3244 1731 3321 apostolicis
1746 3243 1931 3320 indulgen·

1128 3339 1184 3402 tiis
1198 3340 1394 3416 exorando,
1408 3356 1448 3402 ac
1462 3341 1600 3418 insuper
1619 3343 1808 3418 satagentes
1822 3342 1930 3404 robo-

1128 3452 1205 3498 rare
1215 3439 1337 3500 statum
1348 3438 1492 3515 imperii,
1503 3441 1536 3501 et
1546 3453 1604 3515 per
1615 3455 1929 3516 consequens,prae·

1129 3550 1248 3611 parare
1269 3535 1359 3597 viam
1387 3536 1562 3598 succursui
1587 3539 1699 3598 Terrae
1722 3538 1852 3599 Sanctae
1884 3537 1929 3600 ab

1129 3632 1283 3694 omnibus
1296 3632 1428 3694 clericis
1443 3633 1550 3709 ipsius
1570 3633 1786 3710 impertitam
1802 3635 1931 3710 praala-

1128 3729 1184 3803 tis,
1201 3745 1299 3807 quam
1324 3729 1476 3802 subditis
1492 3731 1560 3792 tam
1571 3731 1700 3792 Latinis
1715 3745 1814 3807 quam
1832 3734 1932 3794 Grae-

1128 3827 1190 3898 cis,
1206 3827 1416 3890 medietatem
1432 3827 1579 3889 omnium
1599 3843 1734 3890 suorum
1751 3826 1930 3890 mobilium

1128 3923 1303 3986 carissimo
1315 3924 1351 3986 in
1369 3924 1500 3986 Christo
1518 3924 1587 3986 iilic
1603 3925 1754 3986 nostro...
1770 3925 1928 4001 impera-

1127 4020 1193 4081 tori
1218 4021 1592 4098 Gonstantinopolitano
1612 4021 1747 4094 illustri,
1776 4024 1808 4084 et
1832 4037 1931 4084 mar-

1128 4117 1241 4180 chioni
1265 4117 1424 4192 praedicto
1448 4116 1753 4180 facimusexhiberi
1768 4119 1855 4181 01611
1873 4121 1933 4198 ip-

1128 4214 1197 4276 sius
1226 4213 1429 4276 marchionis
1455 4216 1658 4291 ingressum,
1688 4216 1760 4293 ipse
1793 4233 1932 4295 quoque

1127 4309 1321 4386 imperator,
1358 4309 1482 4372 habitis
1516 4310 1691 4395 stipendiis
1729 4311 1932 4388 opportunis
2011 4341 2012 4392 q

1128 4407 1279 4484 crumpat
1306 4407 1340 4470 in
1359 4407 1472 4470 hostes
1509 4409 1653 4472 viriliter
1690 4409 1722 4470 et
1755 4409 1929 4486 potenter,
2011 4415 2012 4424 ’

1128 4507 1242 4582 sicque
1263 4505 1347 4582 ipsis
1371 4504 1521 4567 hostibus
1546 4506 1669 4584 duplici
1689 4507 1818 4568 terrore
1841 4522 1930 4582 per·

1128 4604 1242 4675 0111616,
1268 4604 1406 4680 uterque
1433 4603 1474 4664 ad
1499 4603 1671 4678 bonorem,
1687 4606 1720 4667 et
1741 4604 1930 4666 exaltatio-

1128 4718 1203 4764 nem
1230 4701 1380 4773 alterins,
1401 4717 1441 4762 ac
1470 4702 1656 4774 utilitatem,
1678 4703 1857 4765 aestatum
1883 4704 1931 4764 to·
2010 4767 2011 4780 ,

1128 4801 1195 4862 tius
1219 4798 1352 4875 imperii
1369 4797 1545 4862 victoriam
1561 4803 1627 4862 Deo
1649 4799 1813 4875 largiente
1834 4800 1930 4862 cele·

1127 4898 1200 4960 rius
1224 4897 1436 4976 assequatur.
1453 4897 1536 4968 Quid
1564 4898 1667 4974 igitur
1685 4898 1721 4958 in
1749 4897 1812 4958 hoc
1839 4898 1931 4959 arti·

314 4996 474 5059 Volumus
488 4999 660 5068 autemut
674 4997 762 5059 idem
773 4998 923 5059 marchio
938 4996 1072 5058 attilius
1127 4993 1203 5058 culo
1233 4993 1343 5056 facere
1369 4993 1496 5056 debetis
1522 5009 1580 5058 vos
1609 4993 1699 5067 laici,
1730 4993 1797 5056 nisi
1836 4993 1929 5056 totas

274 5099 358 5173 ejuS,
376 5111 414 5156 ac
426 5093 530 5154 irater
545 5109 619 5154 cum
634 5093 816 5156 baronibus
829 5095 899 5156 suis
915 5093 1072 5172 praestent
1127 5091 1298 5154 effundere
1317 5092 1406 5152 vires
1420 5092 1562 5164 vestras,
1581 5094 1745 5169 quatenus
1761 5090 1928 5168 utrisque,
2009 5089 2010 5112 ³

274 5194 310 5254 in
328 5192 480 5254 manibus
495 5191 658 5253 dictorum
673 5193 888 5253 executorem
908 5206 1072 5269 corpora·
1127 5190 1226 5266 prout
1249 5189 1433 5252 communis
1464 5189 1592 5252 utilitas
1620 5190 1735 5265 exigit,
1765 5191 1799 5251 et
1835 5191 1931 5266 cogit

277 5291 354 5354 liter
365 5289 604 5366 juramentum,
634 5290 667 5350 61
685 5287 834 5366 obligent
850 5285 951 5350 etiam
965 5292 1073 5352 terras
1127 5289 1200 5364 ipsa
1223 5286 1405 5348 necessitas
1427 5285 1570 5350 viriliter
1592 5285 1817 5348 adnitentibus
1841 5302 1931 5350 con-

277 5402 367 5458 suas,
390 5386 476 5464 quod
499 5387 528 5447 si
554 5386 714 5448 Dominus
735 5387 920 5448 restituerit
944 5385 995 5447 eis
1018 5401 1074 5446 re-
1127 5385 1280 5448 terantur
1303 5387 1370 5446 Deo
1397 5383 1932 5460 010011106116166111,6161001

277 5500 381 5562 gnum
396 5483 695 5546 Thessalonicense
715 5483 887 5546 totumvel
913 5486 1074 5560 majorem
1129 5481 1248 5546 debent
1268 5479 1437 5558 imperiali
1457 5479 1654 5542 sublimitati
1675 5479 1861 5542 subdantur
1885 5481 1932 5542 ad
2008 5465 2009 5492 ³

277 5583 406 5660 partem
423 5581 540 5658 ipsius,
554 5579 1074 5652 restituentvobis,velecclesiis
1128 5580 1276 5641 vestram
1298 5577 1492 5655 perpetuam
1511 5576 1787 5656 tranquillitatem
1807 5578 1839 5638 61
1865 5593 1934 5654 pa-

277 5680 397 5744 vestris
413 5695 452 5740 ea
475 5693 549 5756 qnae
569 5695 656 5740 nunc
685 5677 870 5740 marchioni
897 5675 1074 5740 conferetis
1130 5693 1213 5740 cem.
1242 5677 1423 5738 Hortamur
1454 5675 1556 5751 igitur
1577 5673 1827 5737 universitatem
1853 5689 1933 5736 ves-
