4006 6346
853 387 1029 449 HONORII
1052 387 1097 447 III
1118 387 1267 447 OPERA.

594 553 674 641 CCI

235 715 288 774 Ab
312 715 552 775 nanttriensem
570 717 875 789 archiepiscopum,
894 716 1030 778 abbates

275 811 309 872 et
319 811 525 872 consecutam
539 812 744 874 morcastertt
759 813 878 874 Sancti
895 816 1030 874 Thamar

275 911 504 972 Dubiiacusis.

514 1039 550 1098 30
565 1041 661 1112 aprilis
675 1041 754 1098 inat.

334 1165 461 1230 [Theiner,
473 1165 564 1216 Vetera
574 1165 642 1215 lton.
658 1164 835 1228 hibernorum,
845 1180 872 1229 p.
885 1163 937 1229 ἢ]

235 1289 459 1364 Archiepiscopo
485 1290 662 1359 DnhlinensI,
680 1297 711 1348 ut
732 1290 761 1347 in
776 1305 862 1349 eausa
877 1291 951 1348 inter
966 1304 1028 1348 mo·

224 1409 229 1420 ·
271 1379 428 1437 hasterium
442 1380 470 1436 S.
485 1377 602 1436 Thomas
614 1378 796 1436 Dublinensis
807 1385 836 1436 et
851 1377 981 1436 haeredes
996 1381 1028 1437 ll.

272 1467 307 1525 de
318 1466 416 1538 Felda,
433 1476 571 1536 vertente,
587 1468 726 1526 canonice
741 1467 876 1541 procedat
889 1469 950 1526 sine
963 1483 1031 1540 prae·

268 1557 376 1631 judicio
388 1558 570 1630 pupillarum.

274 1695 637 1771 Honorinsepiscopus,
648 1710 764 1756 servus
776 1694 1029 1766 servorumDei,

233 1791 418 1856 venerabili
452 1791 587 1854 fratri..
625 1793 878 1870 archiepiscopo
916 1792 1032 1854 Dubli-

235 1892 342 1963 nensi,
367 1890 519 1962 salutem,
542 1890 603 1952 etc.

274 1992 324 2050 Ex
336 1989 431 2066 parte
446 1988 642 2050 dilectorum
658 1989 839 2060 filiorum„
855 1988 984 2051 abbatis
999 1988 1032 2050 et

235 2087 418 2148 conventus
434 2087 629 2148 monasterii
646 2087 758 2147 Sancti
768 2086 902 2148 Thomas
916 2084 1032 2147 nubli-

235 2180 349 2241 nensis
364 2179 427 2242 fuit
450 2181 655 2256 propositum
675 2196 788 2241 coram
816 2180 925 2252 nobis,
943 2181 1029 2257 quod

236 2291 310 2338 cum
326 2276 414 2338 inter
430 2276 520 2353 ipsos
539 2293 582 2337 ex
596 2280 691 2353 perte
713 2293 792 2349 una,
806 2277 839 2340 et
855 2277 1031 2338 Nicolaum

236 2373 276 2434 de
298 2373 399 2434 Felda
428 2373 550 2435 laicum
572 2390 615 2435 ex
633 2375 751 2448 altera,
769 2390 869 2451 super
888 2375 1030 2452 quadam

235 2470 908 2548 terra,quaefuitquonnamit.patnsuimi
919 2470 1031 2554 Ntioo·

235 2567 1030 2648 lai),inlaicalicuriaqueestioverteretur,etipsi

234 2666 374 2744 praefato
387 2668 441 2739 Ν.,
459 2666 515 2744 qui
533 2683 569 2728 se
588 2666 734 2729 defuncti
750 2667 915 2728 haeredem
933 2682 1029 2728 asse-

233 2781 313 2826 rens
339 2765 489 2826 eamdem
512 2765 635 2826 terram
661 2765 724 2826 sibi
742 2769 819 2843 jure
840 2764 1031 2828 vindicabat

234 2863 460 2935 haereditario,
489 2861 702 2941 objecissent,
730 2864 818 2942 quod
842 2879 908 2926 nou
932 2863 1032 2951 'esset

232 2959 381 3036 legitimo
415 2961 628 3023 matrimonio
660 2963 864 3038 procreatus,
899 2962 1030 3024 demum

234 3074 334 3136 super
357 3058 550 3133 legitimans
573 3058 715 3120 articulo
730 3075 842 3120 eoram
862 3059 896 3121 te
918 3075 1030 3135 quaes-

233 3156 324 3218 tione
352 3155 487 3218 suborta
508 3155 541 3217 et
571 3171 655 3231 pene
684 3155 846 3228 discussa,
869 3157 916 3218 ita
942 3155 1028 3233 quod

229 3257 300 3330 jaru
323 3251 413 3312 aliud
434 3268 500 3314 non
524 3253 682 3324 restaret,
712 3254 778 3314 nisi
803 3256 838 3314 ut
865 3254 1029 3315 sententia

233 3349 1029 3428 proferretnr;pupillaequaedamqueincausam

235 3463 404 3524 nunquam
430 3447 515 3507 alias
539 3447 775 3523 apparuerant,
799 3463 858 3524 per
887 3449 1029 3510 tutorem

234 3546 405 3624 proprium
435 3547 624 3606 asserentes
651 3544 715 3606 sibi
743 3560 840 3621 posse
871 3545 1031 3623 praejudi-

234 3645 322 3706 cium
332 3643 500 3720 generari,
515 3643 544 3702 si
557 3642 715 3719 praedicto
730 3644 784 3715 Ν.,
799 3658 896 3720 quem
911 3646 944 3704 et
958 3644 1030 3720 ipse

233 3759 300 3804 nou
320 3757 393 3804 esse
414 3741 598 3817 legitimum
623 3740 861 3817 proponebant,
890 3743 1029 3804 senten-

233 3840 313 3900 tiam
349 3837 491 3914 proferri
518 3837 736 3914 contingeret,
761 3855 861 3914 quum
897 3838 1031 3900 easdem

234 3935 393 4013 praefatus
412 3934 587 3996 defunctus
610 3935 649 3996 de
670 3951 776 3997 uxore
793 3937 942 4014 legitima
955 3953 1032 3998 sus-

234 4033 388 4110 cepisset,
414 4048 454 4093 ac
476 4033 592 4094 contra
615 4033 805 4108 thusmodi
831 4034 1030 4096 sententiam

233 4129 1032 4204 eis,secundumregniconsuetudinemrestitu·

233 4228 281 4292 tio
307 4243 375 4288 non
399 4226 545 4296 daretur,
572 4242 614 4286 ne
640 4227 727 4288 ultra
757 4229 964 4304 procederes,
988 4228 1029 4288 ad

233 4327 381 4388 nostram
409 4323 614 4385 audientiam
640 4325 868 4399 appellarunt;
896 4327 1031 4402 propter

235 4423 321 4502 quod
341 4419 556 4500 supersedisti
573 4420 771 4483 sententiam
791 4423 1028 4499 promulgare:

235 4522 349 4599 sicque
375 4537 478 4582 causa
504 4519 576 4596 ipsa
602 4519 637 4580 in
661 4519 825 4581 utctorum
849 4519 977 4582 abbatis
998 4522 1031 4583 et

236 4620 418 4680 conventus
448 4617 656 4696 dispendium
682 4618 843 4680 remansit
869 4618 1030 4680 hactenus

237 4716 400 4789 indecisa;
417 4715 502 4776 uude
529 4731 631 4792 super
652 4715 715 4778 hoc
738 4715 802 4777 sibi
829 4716 1030 4792 petierunta

237 4811 333 4874 nobis
359 4812 619 4875 misericorditer
644 4813 824 4889 provideri.
853 4815 904 4874 Ne
929 4813 1031 4889 igitur

237 4927 280 4973 ex
311 4909 471 4970 dilatione
503 4908 693 4985 hujusmodi
719 4910 842 4971 dictum
869 4913 1031 4973 monaste-

236 5009 325 5070 rium
345 5005 397 5068 sui
415 5004 503 5083 juris
519 5007 683 5068 sustineat
700 5005 944 5080 detrimentum,
960 5008 1031 5070 fra-

236 5104 386 5168 ternitati
400 5106 466 5167 tuae
481 5118 541 5179 per
550 5103 737 5178 apostoliea
751 5105 874 5180 scripta
889 5106 1029 5166 manda-

237 5219 321 5274 mus,
335 5203 498 5280 quatenus
512 5198 553 5260 ad
570 5201 694 5277 justam
712 5215 811 5277 super
823 5201 876 5264 his
891 5205 1028 5264 senten-

237 5301 318 5368 tiam
336 5297 568 5376 proferendam
581 5297 707 5374 praevia
725 5299 855 5360 ratione
870 5301 1030 5376 procedas

238 5397 312 5458 siue
341 5395 535 5473 praejudicio
563 5394 782 5472 pupillarum,
806 5412 947 5472 quarum
976 5397 1030 5458 in-

238 5494 411 5556 demnitati
430 5509 620 5570 praecaveas
639 5492 745 5554 modis
764 5493 929 5570 omnibus,
955 5495 1032 5572 qui·

237 5593 299 5656 bus
334 5589 458 5654 videris
499 5590 667 5667 expedire.
701 5589 820 5652 Datum
853 5591 1027 5664 Laterani,

239 5694 268 5754 ΙΙ
280 5689 347 5751 hal.
359 5687 451 5760 maii,
465 5687 676 5766 pontificatus
687 5688 791 5750 nostri
802 5703 890 5749 anno
900 5689 1027 5750 octavo.

1432 554 1534 642 CCII

1144 691 1196 752 Act
1219 689 1491 762 archiepiscopos
1510 689 1544 748 ei
1562 691 1736 762 epmcopcs
1754 704 1822 764 per

1188 839 1193 848 .
1255 787 1477 862 Hesperiam
1493 785 1707 846 corastiiatos.

1362 907 1398 965 30
1410 907 1507 980 aprilis
1525 907 1605 966 litt.

1189 1013 1318 1078 [Theiner,
1330 1013 1444 1064 Itanum.
1456 1013 1578 1072 Polonive,
1588 1015 1607 1073 I,
1622 1013 1663 1077 tl,
1674 1029 1699 1064 n.
1712 1013 1779 1078 tna]

1086 1120 1213 1178 Praelatis
1228 1121 1394 1194 hungaria,
1415 1129 1446 1178 ut
1462 1118 1592 1178 ordinem
1611 1120 1762 1192 hospitalis
1780 1121 1809 1180 S.
1825 1123 1886 1180 ltu-

1120 1209 1171 1266 rioe
1198 1208 1439 1266 theutonicorum
1468 1216 1633 1282 exemptum
1658 1217 1687 1268 et
1714 1209 1825 1267 meotes
1852 1211 1885 1267 in
1997 1203 1998 1218 ¹

1121 1304 1196 1356 terra
1210 1300 1291 1355 Bozae
1309 1298 1387 1355 nullo
1402 1296 1488 1354 modo
1502 1299 1664 1356 molestent.

1126 1415 1305 1485 Honorius,
1334 1416 1409 1487 etc,
1439 1415 1687 1478 venerabilibus
1724 1415 1885 1477 fratribus

1086 1513 1209 1574 nostris
1222 1511 1484 1590 archiepiscopis
1496 1515 1529 1575 et
1541 1514 1707 1591 episcopis
1718 1529 1778 1591 per
1787 1517 1885 1574 Hun-

1086 1611 1215 1687 gariam
1230 1611 1416 1684 consttutis,
1430 1610 1580 1683 salutem,
1596 1611 1658 1673 etc.

1126 1708 1328 1770 Dilectorum
1351 1708 1495 1770 tiliorum
1514 1710 1666 1786 magistri
1686 1710 1719 1771 et
1739 1708 1882 1770 fratrum

1088 1808 1119 1867 S.
1142 1807 1258 1866 Mariae
1284 1805 1565 1867 Theutonicorurn
1584 1805 1882 1883 Hierosolymitani

1087 1906 1153 1965 Deo
1175 1904 1207 1964 et
1229 1902 1420 1964 hominibus
1443 1905 1538 1978 grata
1564 1903 1685 1979 religio
1711 1917 1884 1980 promere-
1999 1935 2000 1972 ι

1086 2005 1140 2064 tur
1161 2003 1198 2064 ut
1227 2001 1296 2061 suis
1330 1999 1571 2062 favorabilibus
1597 2001 1789 2073 desideriis,
1816 2003 1882 2062 etc.

1086 2099 1260 2161 PetIerunt
1282 2099 1445 2176 quuidem
1463 2099 1565 2160 iidem
1584 2099 1744 2176 magister
1757 2100 1791 2160 et
1812 2099 1886 2159 fra-

1085 2199 1164 2268 tres,
1181 2199 1217 2258 ut
1228 2199 1319 2258 terra
1334 2199 1440 2264 Bone,
1458 2198 1533 2268 etc„
1547 2211 1654 2270 usquc
1669 2195 1812 2258 feliciter
1827 2211 1885 2256 au·

1086 2296 1213 2371 geatur.
1238 2297 1389 2372 ipsorum
1411 2309 1491 2370 ergo
1511 2295 1662 2369 magistri
1684 2295 1718 2355 et
1740 2293 1884 2355 fratrum
2000 2293 2001 2314 ¹

1087 2393 1150 2470 piis
1179 2393 1333 2468 precibus
1360 2391 1537 2468 benignius
1571 2393 1775 2463 annuenteS,
1803 2393 1882 2463 etc„

1085 2505 1192 2565 asaiae
1207 2491 1384 2552 sancimus.
1395 2491 1443 2550 Ad
1460 2490 1531 2552 haec
1545 2505 1645 2567 quum
1660 2489 1776 2551 eadem
1790 2489 1883 2550 terra

1086 2587 1267 2650 secundum
1295 2589 1520 2664 indulgentias
1548 2588 1630 2664 ipsis
1655 2587 1816 2648 fratribus
1841 2586 1885 2647 ab

1085 2687 1274 2763 apostolica
1291 2686 1374 2747 Sede
1387 2699 1574 2757 concessas,
1588 2687 1664 2756 etc,
1676 2699 1785 2758 aspum
1799 2700 1885 2760 pree·
2001 2717 2002 2736 ι

1087 2781 1880 2852 latum:districtiusduximusinhibendum,etc.,

1085 2896 1191 2956 iisque
1217 2881 1248 2943 ei
1276 2881 1507 2958 episcoporum
1533 2880 1712 2955 provideri.
1738 2880 1884 2956 ideoque

1086 2979 1327 3041 fraternitatem
1349 2981 1495 3040 vestram
1516 2977 1759 3039 sollicitandam
1777 2977 1885 3037 duxi-

1086 3093 1157 3138 mus
1186 3076 1220 3138 et
1249 3077 1449 3138 monendam
1484 3091 1545 3153 per
1569 3075 1759 3152 Apostolica
1786 3075 1886 3135 vohis

1086 3174 1208 3251 scripta
1230 3174 1437 3246 mandantes,
1453 3175 1616 3251 quatenus
1640 3173 1745 3234 dictos
1759 3172 1886 3233 fratres

1085 3273 1138 3334 vel
1168 3273 1275 3349 ipsius
1308 3273 1406 3333 terrae
1441 3271 1570 3334 incolas
1603 3271 1718 3332 contra
1756 3273 1886 3332 nostra

1085 3369 1331 3432 constitutionis
1342 3371 1376 3430 et
1385 3368 1594 3430 inhibitionis
1604 3369 1752 3430 tenorem
1765 3368 1886 3428 nulla-

1085 3471 1183 3528 tenus
1215 3465 1413 3542 molestetIs;
1448 3467 1655 3542 quinimmo
1690 3466 1783 3542 ipsos
1819 3465 1887 3526 ha-

1085 3563 1200 3625 bentes
1214 3564 1403 3641 specialiter
1417 3578 1477 3639 pro
1497 3561 1593 3624 Sedis
1613 3562 1813 3638 Apostolicae
1830 3578 1883 3623 re·

1084 3665 1234 3726 verenda
1249 3663 1447 3740 propensius
1462 3662 1720 3734 commendatos,
1735 3677 1885 3740 cumpro

1086 3762 1284 3824 clerIcorum
1306 3760 1571 3822 ordinationibus
1596 3763 1630 3822 et
1644 3761 1732 3832 aliis,
1750 3777 1824 3837 quae
1841 3761 1885 3822 ad

1086 3859 1276 3938 pontificale
1287 3858 1436 3934 spectant
1448 3857 1654 3930 officiumab
1671 3859 1720 3919 als
1735 3859 1885 3935 requisi·

1087 3959 1112 4019 ti
1132 3955 1273 4024 fueritis,
1296 3955 1439 4030 benigue
1460 3955 1609 4032 ipsorum
1630 3956 1733 4033 justis
1761 3957 1883 4032 postu-

1087 4052 1268 4116 lationibus
1290 4053 1458 4123 annuatis,
1487 4051 1524 4113 ut
1545 4053 1578 4113 et
1598 4053 1661 4129 ipsi
1683 4053 1813 4129 possint
1842 4053 1886 4113 de

1086 4151 1172 4212 bono
1188 4150 1223 4210 in
1243 4149 1362 4210 melius
1385 4148 1500 4210 favore
1519 4149 1630 4210 vestro
1649 4149 1755 4226 adjuti
1775 4149 1884 4226 profl-

1086 4264 1172 4320 cere,
1187 4262 1314 4324 nosque
1335 4247 1509 4308 caritatem
1528 4246 1677 4308 vestram
1700 4247 1884 4307 debeamus

1085 4346 1121 4406 iu
1139 4345 1278 4406 Domino
1302 4343 1545 4405 commendare.
1569 4343 1688 4404 Datum
1708 4344 1881 4418 Laterani,

1086 4445 1116 4504 ll
1129 4441 1290 4505 kalendas
1300 4440 1392 4513 maii,
1407 4455 1495 4501 anno
1511 4441 1640 4502 octavo,

1423 4634 1546 4722 CCIII

1239 4779 1290 4841 Aa
1303 4779 1490 4851 capitatam
1507 4780 1726 4840 Cassetlerase.

1384 4897 1482 4956 tmaii
1498 4897 1577 4956 litt.

1234 5013 1362 5078 [Thalnam
1373 5014 1465 5065 lietera
1475 5013 1542 5062 Mon.
1554 5011 1668 5072 Ilibern„
1676 5013 1729 5078 ἢ]

1102 5120 1231 5196 Capitnlo
1254 5119 1423 5178 cassellensi
1446 5117 1631 5177 conhrmatur
1661 5128 1799 5180 statutum
1829 5125 1870 5183 de

1138 5207 1313 5266 duodenario
1320 5207 1524 5266 canonicorum
1535 5221 1656 5266 numero
1668 5210 1828 5270 conditum.

1124 5325 1303 5395 HorroriuS,
1319 5324 1394 5395 etc„
1409 5323 1539 5386 dilectIs
1552 5324 1630 5386 tiliis
1642 5327 1789 5404 capitulo
1801 5331 1888 5393 Cas-

1085 5422 1232 5492 selleusi,
1250 5420 1401 5491 salntem,
1420 5423 1482 5481 etc.

1125 5517 1347 5580 Ecclesiarnm
1388 5515 1523 5578 utilitati
1566 5535 1605 5580 ac
1643 5521 1886 5600 tranquillitati

1085 5615 1280 5682 consulitur,
1304 5629 1377 5673 cnm
1396 5626 1555 5675 numerus
1576 5633 1796 5692 personarum
1813 5624 1887 5686 Do.

1085 5713 1174 5775 mino
1189 5709 1420 5772 famulantium
1434 5709 1470 5769 in
1486 5709 1612 5776 eisdem
1632 5730 1748 5778 earum
1768 5717 1887 5783 facul-

1822 387 1884 446 616
1995 419 1996 452 ι
