4018 6320
107 379 169 439 757

106 554 147 599 ac
175 539 319 599 maxime
343 539 433 601 inter
455 540 709 602 excellentiores
735 541 903 618 principes

105 635 337 708 observandis,
365 637 463 714 quod,
489 637 575 698 sicut
602 637 662 697 tibi
690 638 902 698 meminimus

104 733 327 806 significasse,
341 736 410 810 jam
433 734 555 794 dudum
580 734 718 794 fecimus
741 735 777 795 in
798 735 903 796 collo-

104 831 187 903 quio
211 830 300 892 inter
327 846 386 891 uos
411 833 444 892 et
471 831 680 891 carissimum
704 831 740 892 in
770 831 901 893 Christo

104 925 215 984 tilium
252 927 400 987 nostrum
425 927 637 987 Prodericum
678 931 902 990 Romanorum

102 1023 343 1097 imperatorem
372 1039 502 1099 semper
537 1028 713 1099 augustum
735 1031 768 1086 et
790 1041 901 1100 regem

104 1119 234 1180 Siciliae
248 1120 428 1181 novissime
449 1120 626 1192 celebrato,
644 1139 683 1182 ac
698 1138 758 1197 per
780 1138 901 1184 conse-

102 1231 213 1290 quens
228 1216 414 1292 posthabita
428 1233 507 1278 cura
522 1217 646 1294 negotii
662 1221 773 1279 Terrae
793 1221 900 1280 Sanc-

101 1311 146 1372 tae
177 1314 425 1391 propterquod
455 1317 612 1376 statutum
642 1315 779 1376 fecimus
806 1316 902 1376 aute-

100 1409 243 1470 dictum.
282 1412 361 1471 llaec
398 1410 525 1484 fecisti,
568 1412 601 1472 et
637 1412 800 1473 tacuimus
835 1414 900 1474 tuae

101 1493 305 1568 Celsitudi'ui
337 1505 532 1580 deserentes
567 1524 606 1569 ao
645 1511 833 1585 satagentes
868 1511 900 1571 te

100 1603 218 1678 potius
242 1603 415 1664 dulcedine
441 1604 588 1665 lenitatis
615 1621 713 1682 quam
738 1607 902 1667 severita-

99 1699 145 1760 tis
161 1699 321 1761 acredine
340 1717 513 1775 revocare3
532 1701 617 1763 sicut
636 1705 748 1763 autem
766 1718 808 1764 ex
822 1719 901 1763 nos-

99 1797 234 1858 trarum
250 1797 425 1858 dulcedine
436 1798 623 1859 litterarum
637 1799 676 1859 ad
694 1799 899 1861 devotionem

99 1895 133 1954 et
153 1893 380 1956 humilitatem
396 1897 575 1971 profecisse
591 1895 763 1967 debueras
782 1897 827 1958 ita
844 1896 899 1957 vi-

100 1989 196 2050 deris
223 1991 258 2050 in
294 1993 516 2068 contemptum
542 1993 575 2053 et
602 1993 755 2055 elationis
783 1994 900 2055 vitium

98 2088 286 2149 corruisse.

141 2187 184 2246 Et
197 2185 353 2260 quoniam
369 2189 518 2248 Romana
534 2187 693 2259 Ecclesia,
711 2189 816 2250 mater
829 2189 898 2260 tua,

98 2281 257 2342 materna
283 2285 314 2343 te
341 2299 430 2343 nunc
454 2283 630 2344 affectione
657 2286 689 2345 te
713 2285 821 2360 rogat,
852 2285 900 2345 sic

96 2379 179 2441 tuus
214 2378 320 2442 elatus
346 2379 478 2441 videtur
501 2381 631 2441 antinus
661 2382 777 2442 contra
812 2397 897 2453 eam,

98 2476 200 2553 quasi
221 2477 355 2552 reputes
375 2477 591 2552 impossibile,
618 2479 703 2555 quod
726 2479 758 2539 et
783 2479 819 2541 tu
840 2495 900 2540 ne-

99 2588 200 2633 cesse
240 2573 419 2650 aliquando
454 2573 590 2645 habena,
622 2575 740 2647 eidem,
775 2577 899 2637 mutato

97 2672 192 2731 statu
224 2673 422 2747 temporum,
459 2671 658 2748 supplicare.
688 2673 765 2734 Noli
800 2673 899 2734 nimis

97 2767 184 2828 huic
219 2768 455 2844 tranquillitati
498 2769 694 2844 confider03
733 2771 899 2831 momento

95 2879 197 2925 mare
212 2864 378 2938 turbatur,
395 2868 428 2927 et
445 2866 591 2927 mutatur
614 2867 743 2943 tempus
762 2879 781 2926 a
802 2881 899 2927 mane

100 2962 144 3022 ad
173 2977 363 3038 vesperam,
390 2963 423 3026 et
448 2963 525 3039 quid
550 2963 661 3024 sutura
687 2963 758 3024 dies
779 2963 896 3040 pariet,

96 3059 291 3134 ignoratur.
309 3061 485 3120 innumera
498 3062 575 3121 sunt
592 3061 744 3136 exempla
759 3061 899 3137 populo-

99 3172 180 3216 rum
196 3156 231 3216 et
241 3171 369 3231 regum,
387 3157 444 3232 qui
466 3156 564 3216 rebus
587 3157 716 3218 bellicis
732 3174 821 3219 nunc
841 3174 899 3218 su-

95 3253 265 3329 periores,
287 3269 375 3314 nunc
402 3253 590 3326 interiores,
611 3254 825 3330 dispositione
846 3255 899 3315 di-

96 3350 181 3410 vina
207 3349 299 3409 uices
325 3350 524 3420 alternante,
541 3349 684 3434 suerunt.
707 3351 782 3422 Sed,
802 3353 838 3412 ut
858 3351 898 3414 de

100 3445 223 3507 multis
237 3461 339 3505 unum
357 3461 474 3506 recens
491 3447 524 3507 et
539 3447 668 3508 celebre
680 3448 896 3524 proteramus,

96 3541 292 3602 recolenda
308 3545 476 3602 memoriae
492 3541 576 3602 Otho
592 3545 815 3604 Romanorum
833 3544 899 3603 im-

96 3639 250 3714 perator,
278 3640 311 3699 et
336 3639 463 3699 viribus
495 3640 644 3715 corporis
678 3642 711 3701 et
735 3640 898 3702 industria

100 3736 248 3796 militari
269 3736 474 3811 praecellens,
492 3737 676 3797 Romanum
691 3737 828 3813 pacittce
839 3737 900 3798 ob-

94 3831 232 3894 tinebat
254 3833 443 3908 imperium,
469 3833 556 3894 etab
578 3833 733 3910 aquilone
757 3835 798 3894 ad
814 3850 897 3894 aus-

94 3935 188 3991 trum
205 3931 287 4000 erat,
314 3930 402 3990 sicut
424 3929 524 4001 nosti,
548 3929 758 3991 formidabile
778 3947 898 3992 nomeu

94 4030 186 4103 eJus.
202 4026 339 4087 Intlatus
354 4041 434 4102 ergo
454 4027 574 4103 spiritu
596 4027 760 4104 superbiae
780 4043 819 4089 ac
842 4043 899 4088 su-

95 4139 161 4200 pra
183 4123 332 4199 seipsum
358 4124 477 4196 elatus,
504 4125 697 4200 praedictum
716 4126 900 4202 imperato-

94 4236 170 4283 rem
190 4219 239 4298 (1)
254 4220 332 4282 tuno
350 4221 511 4297 pupillum
532 4222 757 4283 exterminare
781 4221 900 4282 decre-

94 4319 157 4390 uit,
182 4320 320 4395 jamque
342 4317 411 4378 sere
435 4319 539 4378 totum
566 4318 736 4382 invaserat
757 4335 897 4395 regnum

95 4419 185 4494 ejuS,
201 4417 270 4492 jam
297 4415 362 4491 ipsi
381 4415 507 4491 pupillo
533 4415 625 4476 nulla
648 4433 723 4493 spes
751 4431 824 4478 esse
842 4433 899 4477 re-

95 4514 192 4584 licta,
217 4511 281 4572 nisi
305 4511 477 4574 dumtaxat
498 4513 533 4572 in
552 4512 638 4587 fugae
660 4514 827 4588 praesidio,
842 4514 897 4574 vi-

94 4611 251 4679 debatur,
268 4609 301 4670 et
329 4623 402 4669 eam
427 4609 532 4684 ipsam
560 4609 763 4686 praecludere
783 4609 897 4671 feritas

95 4705 303 4768 moliebatur
337 4705 498 4765 hostilis:
525 4705 578 4766 cui
600 4706 679 4766 tune
702 4706 895 4778 verisimile,

96 4805 203 4863 immo
219 4802 273 4862 cui
289 4801 448 4877 possibile
463 4801 649 4875 videbatur,
664 4802 749 4879 quod
765 4803 898 4864 adoles-

95 4897 268 4968 centulus,
296 4897 418 4958 virium
433 4899 466 4958 et
477 4898 625 4958 virorum
638 4913 677 4959 ac
693 4915 790 4974 opum
804 4901 898 4960 auxi·

94 4997 144 5056 lio
167 4993 356 5064 destitutus,
373 4993 541 5056 hostilem
556 4994 679 5065 valide,
696 4997 763 5056 tam
779 4995 894 5068 feroci,

96 5093 191 5153 esset
207 5105 274 5150 ηοη
290 5090 396 5150 solum
411 5105 550 5165 regnum
565 5091 663 5168 quod,
681 5091 715 5154 ut
727 5093 895 5168 praemisi-

95 5205 186 5259 mus,
212 5188 445 5262 occupaverat,
463 5188 691 5250 verumetiam
706 5189 812 5265 ipsum
832 5190 896 5250 im-

95 5285 230 5364 perium
257 5285 452 5359 erepturus?
474 5286 507 5346 et
529 5287 650 5356 tamen,
673 5285 814 5347 faciente
837 5287 895 5348 illo

96 5383 156 5460 qui
168 5379 324 5457 superbis
339 5381 473 5452 resistit,
488 5381 521 5442 et
536 5381 591 5458 qui
603 5383 713 5458 posuit
727 5383 812 5443 mari
827 5385 888 5444 ter·

95 5481 228 5541 minum
258 5477 344 5538 ultra
368 5493 465 5555 quem
493 5477 714 5540 intumescere
738 5497 804 5541 ηοη
829 5497 894 5541 au-

136 5609 178 5684 (Ι)
198 5607 388 5666 thodericum.

725 383 952 444 EPISTOLAE.
987 381 1065 442 IalB.
1090 383 1145 442 IX.

1691 379 1751 442 758

957 537 1055 602 deant
1069 539 1189 602 fluctus
1204 541 1287 616 ejus,
1306 539 1362 600 ille
1375 539 1432 617 qui
1445 537 1494 600 sic
1508 539 1625 616 potens
1636 538 1749 616 sicque

955 637 1115 698 terribilis
1127 637 1248 715 inJuste
1261 652 1399 712 regnum
1410 636 1579 698 invaserat
1589 635 1751 712 saepedic-

956 735 1037 806 tum,
1052 733 1134 794 illud
1150 733 1336 810 trepidante
1357 731 1436 809 iuga
1457 733 1621 807 deseruit;
1646 733 1689 803 et,
1710 747 1750 793 eo

956 848 1052 909 quem
1076 832 1124 893 sic
1145 831 1335 893 immaniter
1353 831 1462 892 iuerat
1481 831 1674 907 persecutus
1692 830 1748 906 ip·-

957 945 1041 1000 sum,
1055 930 1145 1005 justo
1163 928 1222 990 Dei
1238 929 1376 1005 judicio,
1398 929 1627 1005 persequente,
1643 927 1750 1002 impe-

956 1026 1043 1087 rium
1059 1041 1199 1104 quoque,
1213 1027 1298 1086 sicut
1313 1027 1364 1087 est
1380 1025 1602 1095 manifestum,
1618 1023 1748 1096 amisit;

955 1125 988 1184 et
1001 1123 1200 1199 Apostolicae
1215 1123 1302 1194 sedi,
1320 1125 1414 1199 quus
1425 1138 1542 1198 preces
1554 1123 1586 1182 et
1602 1135 1750 1181 commo-

955 1219 1099 1281 nitiones
1119 1220 1153 1279 in
1171 1220 1345 1280 invasione
1364 1219 1443 1280 dicti
1457 1219 1553 1293 regni
1574 1218 1748 1297 contemp-

956 1319 1056 1388 serat,
1078 1319 1193 1394 postea
1222 1317 1411 1395 frequenter
1434 1315 1692 1392 supplicationes
1716 1313 1750 1374 et

955 1428 1070 1491 preces
1082 1414 1223 1490 supplex
1237 1414 1437 1491 humilisque
1448 1412 1607 1490 porrexit.

995 1511 1155 1586 Denique,
1176 1515 1212 1572 ut
1234 1511 1274 1572 de
1296 1509 1485 1572 domesticis
1500 1508 1560 1570 tibi
1583 1521 1750 1583 propona-

955 1623 1027 1666 mus
1042 1607 1242 1683 exemplum‚
1264 1608 1397 1684 inclytae
1413 1605 1653 1668 recordationis
1667 1604 1748 1664 Ric-

955 1703 1075 1764 cardus
1086 1720 1147 1766 rex
1157 1705 1297 1780 Angliae,
1310 1706 1403 1780 cujus
1420 1719 1508 1763 nunc
1521 1715 1747 1761 successorem

954 1801 1174 1878 persequeris,
1188 1801 1288 1877 coepit
1303 1801 1381 1861 olim
1395 1799 1482 1861 bello
1493 1800 1658 1859 lacessere
1673 1797 1747 1857 cla-

954 1913 1000 1958 rae
1016 1898 1184 1958 memoriae
1200 1900 1326 1974 patrem
1340 1898 1443 1968 tuum,
1461 1897 1628 1970 multoque
1644 1909 1747 1970 supe-

954 1995 1024 2055 rior
1037 1994 1166 2055 viribus
1181 1996 1213 2056 et
1228 1994 1346 2071 opibus
1360 1993 1543 2064 videbatur,
1555 1993 1637 2052 adeo
1647 1990 1745 2066 quod,

956 2093 1026 2168 eJus
1045 2092 1246 2168 praevalente
1274 2107 1314 2152 ac
1338 2091 1476 2166 urgente
1498 2089 1656 2166 potentia,
1672 2087 1746 2164 ipse
1816 2153 1824 2168 ,

954 2189 1147 2264 paterinus
1174 2189 1289 2250 contra
1309 2204 1382 2249 eam
1404 2187 1561 2248 Ecclesiae
1586 2189 1745 2247 Romanae

955 2285 1145 2361 praesidium
1171 2285 1371 2362 imploravit,
1390 2301 1474 2362 quae,
1501 2298 1632 2360 semper
1659 2281 1749 2341 indi-

954 2397 1018 2456 gue
1033 2384 1200 2458 oppressis
1216 2382 1393 2443 subvenire
1406 2380 1614 2450 desiderans,
1629 2379 1748 2439 aucto-

954 2479 1062 2539 ritatis
1076 2495 1144 2540 suae
1160 2478 1367 2544 obstaculum
1382 2478 1558 2554 interjecit,
1571 2477 1746 2552 ipsumque

954 2589 1064 2650 regem
1091 2575 1231 2650 Angliaa,
1258 2575 1359 2636 vellet
1379 2575 1492 2645 nollet,
1516 2576 1651 2648 treugas
1670 2585 1747 2632 cum

954 2672 1026 2747 ipso
1052 2673 1146 2754 patre
1176 2671 1233 2732 tuo
1262 2671 1349 2731 inire
1378 2670 1538 2731 canonica
1569 2667 1747 2730 severitate

953 2768 1071 2842 coegit.

992 2865 1075 2924 hicce
1097 2878 1234 2939 regnum
1257 2863 1396 2938 Augiiae,
1418 2863 1504 2939 quod
1525 2863 1604 2923 tunc
1628 2875 1747 2952 perse-

953 2960 1116 3036 quebatur
1129 2962 1233 3032 tuum,
1250 2960 1291 3021 ab
1311 2977 1350 3022 eo
1373 2960 1635 3036 persecutionem
1649 2955 1747 3019 rers'a

953 3057 1025 3118 vice
1039 3073 1128 3118 nunc
1142 3058 1276 3134 patitur,
1296 3059 1329 3118 et
1347 3057 1388 3117 ab
1404 3071 1443 3118 eo
1460 3057 1544 3134 quod
1562 3056 1641 3116 tunc
1655 3055 1744 3116 tem-

952 3153 1043 3230 poris
1071 3153 1260 3226 infestabat,
1290 3155 1354 3214 hoc
1382 3155 1530 3230 tempore
1556 3151 1744 3214 infestatur.

954 3251 1008 3312 Sic
1023 3251 1121 3313 Ludit
1132 3252 1330 3312 inhumanis
1344 3251 1456 3313 diviua
1472 3249 1619 3327 potentia
1628 3247 1744 3309 rebus!

953 3349 1001 3409 sic
1026 3348 1193 3410 Victorem
1209 3364 1229 3410 a
1243 3349 1332 3411 victo
1359 3349 1511 3425 superari
1540 3363 1627 3423 saepe
1651 3345 1748 3407 ride-

933 3449 1042 3506 'must
1066 3448 1134 3507 Nec
1157 3447 1268 3508 tamen
1295 3445 1370 3506 ideo
1394 3445 1534 3505 dicimus
1552 3444 1637 3522 quod
1665 3442 1748 3504 talia

952 3542 1012 3604 tibi
1050 3558 1124 3604 esse
1158 3541 1303 3603 timenda
1330 3541 1523 3616 credamus;
1550 3541 1606 3601 sed
1634 3541 1747 3601 tamen

953 3657 1026 3716 quae
1053 3640 1257 3710 ecciderunt,
1274 3639 1425 3700 accidere
1452 3638 1561 3699 adhuc
1586 3636 1745 3714 possunt:

953 3751 1055 3814 quare
1073 3736 1173 3798 debes
1196 3735 1309 3797 taliter
1330 3751 1409 3810 erga
1428 3738 1610 3797 Romanam
1626 3732 1745 3793 Eccle-

953 3834 1036 3892 siam
1060 3834 1096 3894 in
1120 3833 1340 3910 prosperitate
1363 3835 1396 3893 te
1416 3830 1596 3907 gererent
1617 3830 1646 3890 si
1668 3828 1747 3905 quid

952 3930 1086 3990 adversi
1115 3927 1214 4007 (quod
1249 3931 1336 3989 Deus
1369 3925 1531 4006 avertatt)
1569 3924 1746 4002 ingruerit,

953 4028 1025 4102 ejus
1038 4026 1237 4087 fiducialiter
1247 4027 1280 4086 et
1294 4026 1367 4086 sine
1380 4023 1502 4086 rubore
1520 4023 1627 4100 possis
1645 4020 1746 4082 auxi-

954 4123 1036 4183 lium
1060 4123 1259 4199 implorare;
1284 4138 1345 4184 nec
1373 4122 1544 4198 indignari
1568 4119 1664 4181 debet
1689 4119 1755 4188 tua:

953 4219 1149 4292 sublimitas,
1164 4220 1216 4282 vel
1230 4215 1369 4288 moveri,
1382 4219 1411 4280 si
1424 4217 1616 4295 Apostolica
1630 4215 1743 4287 Sedes,

953 4316 992 4376 de
1011 4331 1170 4378 concessa
1185 4315 1249 4377 sibi
1262 4333 1281 4376 a
1296 4311 1365 4378 Deo
1379 4314 1585 4391 plenitudine
1598 4313 1747 4389 potesta-

951 4413 1006 4485 tis,
1025 4429 1114 4474 nuuc
1130 4413 1238 4474 studet
1250 4413 1282 4474 te
1298 4429 1314 4473 a
1331 4411 1480 4489 praedicti
1497 4411 1586 4485 regis
1601 4408 1744 4469 infesta·

952 4511 1043 4571 tione
1063 4525 1284 4586 compescere,
1306 4525 1380 4570 cum
1395 4507 1673 4585 praedecessorem
1688 4505 1745 4581 ip-

952 4607 1022 4668 sius
1039 4607 1080 4667 ab
1102 4607 1315 4669 intestatione
1330 4604 1509 4666 clarissimi
1521 4603 1682 4680 genitoris
1695 4601 1745 4665 tui

952 4704 1041 4775 olim,
1060 4704 1146 4765 sicut
1161 4702 1388 4780 praediximus,
1401 4701 1565 4762 studuerit
1577 4715 1742 4762 coercere.

952 4803 1030 4872 Quae
1050 4801 1138 4862 enim
1165 4815 1225 4877 pro
1253 4799 1429 4876 saepedicto
1455 4799 1549 4875 patre
1576 4799 1645 4870 tuo,
1668 4814 1743 4858 ma·

951 4900 1045 4960 terno
1062 4897 1109 4976 (2)
1134 4899 1167 4958 et
1191 4897 1420 4974 potentissimo
1437 4911 1526 4972 rege,
1550 4895 1744 4956 canonicam

951 5011 1124 5056 censuram
1140 4995 1299 5066 exercuit,
1315 5011 1376 5056 cur
1394 5009 1461 5055 non
1473 4993 1565 5054 illam
1586 5007 1646 5068 pro
1658 4991 1743 5052 ado-

950 5092 1134 5154 lescentulo
1155 5107 1233 5166 rege
1247 5092 1377 5167 Angliae
1391 5091 1426 5152 in
1442 5107 1522 5152 casu
1541 5089 1675 5150 omnino
1691 5087 1741 5150 si-

949 5188 1021 5249 mili
1043 5186 1233 5248 exercebitt
1256 5189 1361 5248 Nemo
1382 5186 1564 5263 prudentiae
1579 5185 1644 5246 tuae
1660 5200 1744 5245 sua·
1824 5189 1826 5193 '

950 5285 1036 5356 deat,
1046 5285 1131 5362 quod
1146 5300 1212 5345 nou
1228 5285 1272 5345 sit
1286 5286 1435 5345 nostrum
1450 5284 1485 5342 in
1498 5282 1561 5342 hac
1576 5282 1669 5359 parte
1684 5282 1744 5344 ob-

948 5383 1042 5444 viare
1063 5381 1195 5457 injuriae
1224 5380 1304 5442 dicti
1328 5379 1428 5454 regis,
1452 5393 1491 5439 eo
1516 5378 1602 5455 quod
1621 5393 1676 5440 res
1702 5379 1743 5442 de

951 5479 1071 5556 quibus
1103 5479 1214 5554 agitur
1242 5477 1371 5538 constat
1403 5475 1546 5537 existere
1584 5475 1741 5549 feodales,

985 5609 1026 5684 (Ξ)
1046 5607 1184 5665 Videlicet
1200 5605 1335 5664 mendose
1350 5605 1412 5663 hac
1422 5605 1559 5678 scriptura
1575 5613 1617 5662 est
1630 5607 1659 5662 in
1675 5619 1741 5662 uos-

950 5691 991 5738 tro
1004 5679 1120 5750 codico;
1134 5677 1289 5752 legendum
1304 5685 1348 5735 est
1362 5681 1474 5734 maturo
1489 5677 1533 5734 vcl
1548 5676 1682 5733 marimo.
