4002 6326
265 349 324 412 eae
889 351 1065 416 raouoau
1088 355 1133 415 111
1155 355 1302 418 orsas.
1850 365 1899 428 aro
1984 326 1987 418 ἲ

265 507 506 574 wardeshusen
519 511 560 572 ad
571 514 755 573 Romanam
771 510 953 574 Ecclesiam
966 512 1058 576 nullo
1115 516 1357 580 conventuales
1384 533 1544 596 personas
1569 521 1775 585 ordinariam
1799 524 1898 601 juris-

265 608 433 686 pertinere
447 607 624 681 medianto,
643 625 682 670 ac
699 609 764 686 ipsi
781 625 801 671 a
816 609 899 672 Sede
912 611 1057 687 Aposto-
1117 613 1298 677 dictionem
1312 616 1448 679 valeant
1458 633 1626 692 exercere,
1641 620 1826 698 praesertim
1835 637 1898 684 cum

265 705 332 768 lica
346 721 420 768 esse
434 705 609 780 indultum,
628 706 714 784 quod
725 710 798 784 ejus
813 707 916 770 abhas
931 709 964 771 et
979 723 1059 770 con-
1116 713 1316 788 quaestiones
1328 729 1442 776 omnes
1453 714 1576 777 dudum
1586 717 1675 778 inter
1685 717 1847 796 hospitale
1855 735 1899 780 ra·

267 805 386 866 uentus
419 821 440 866 a
468 819 665 882 quocunque
694 805 859 868 catholico
879 806 1060 868 maluerint
1113 809 1205 871 tione
1218 809 1386 888 parochiae
1401 827 1441 873 ac
1457 813 1616 874 territorii
1631 817 1756 876 exortae
1773 831 1833 892 per
1845 816 1900 878 sul·

267 901 423 979 episcopo
439 901 595 973 chrisma,
614 903 723 964 oleum
736 905 899 974 sanctum,
920 903 1059 965 ordina·
1114 907 1224 971 lemne
1236 908 1423 982 arbitrium,
1441 909 1621 988 apartibus
1636 912 1708 972 sine
1720 913 1899 975 contradic-
1986 899 1987 904 ’

266 999 376 1061 tiones
390 1000 628 1062 monachorum
644 1015 703 1060 seu
715 1001 923 1073 clericorum,
941 1016 1060 1064 conse-
1114 1005 1205 1066 tione
1237 1007 1438 1084 susceptum,
1481 1009 1516 1069 ut
1541 1009 1738 1086 proponitis,
1775 1008 1899 1074 luerunt

265 1098 432 1159 crationes
447 1097 603 1159 altarium
619 1113 679 1160 seu
690 1097 918 1171 basilicarum,
936 1100 969 1161 et
991 1100 1059 1160 alia
1114 1103 1241 1180 sopitae,
1256 1105 1343 1167 sicut
1355 1105 1621 1168 ininstrumento
1634 1121 1733 1184 super
1753 1106 1899 1172 hoccon·
1988 1095 1989 1150 l

267 1195 433 1272 recipiant
465 1195 693 1258 ecclesiastica
728 1197 952 1272 sacramenta3
981 1197 1058 1275 quia
1114 1199 1199 1263 lecto
1213 1201 1336 1264 dicitur
1359 1203 1491 1282 plenius
1507 1204 1706 1266 contineri...
1733 1205 1898 1281 Indignum

265 1307 360 1364 vero,
387 1293 473 1355 sicut
499 1293 664 1366 audimus,
689 1293 762 1355 haec
791 1293 970 1355 diiilculter
995 1295 1060 1355 ali·
1115 1314 1259 1377 namque
1284 1300 1455 1364 videretur
1477 1301 1627 1374 nimium,
1659 1303 1692 1364 et
1714 1301 1896 1377 absurdum,
1988 1291 1989 1294 '

266 1390 397 1466 quando
417 1390 628 1465 exhibentur,
654 1391 897 1454 fraternitatem
913 1394 1058 1454 vestram
1114 1397 1201 1474 quod
1219 1414 1319 1476 quum
1332 1397 1398 1459 viri
1412 1399 1563 1475 religiosi
1576 1398 1695 1461 donari
1709 1402 1830 1479 majori
1845 1417 1897 1462 so·
1986 1433 1987 1438 κ

265 1502 439 1548 monemus
477 1487 603 1549 attente
636 1504 695 1565 per
738 1489 929 1566 Apostolica
962 1489 1058 1551 vobis
1113 1494 1206 1560 leant
1225 1496 1379 1559 libertate
1401 1513 1499 1574 quam
1515 1495 1584 1568 alii,
1607 1513 1667 1559 vos
1682 1498 1758 1575 plus
1774 1497 1896 1561 caeteris

263 1585 388 1662 scripta
404 1585 613 1653 mandantes,
629 1587 803 1662 quatenus,
832 1603 934 1664 quum
954 1587 994 1648 ab
1007 1587 1057 1649 eis
1113 1593 1260 1670 ejusdem
1276 1593 1419 1656 ciuitatis
1433 1578 1642 1670 regularibus
1659 1597 1692 1656 et
1705 1597 1897 1657 conventua-

264 1680 396 1744 iueritis
412 1683 578 1761 requisiti,
592 1683 752 1760 praedicta
776 1685 859 1762 ipsis
884 1685 956 1746 sine
968 1685 1058 1746 diiii·
1113 1691 1201 1753 libus
1210 1691 1364 1768 personis
1380 1691 1546 1768 praedictae
1570 1691 1812 1769 subjaceamini
1828 1709 1895 1754 ser-

263 1779 387 1842 cultate
413 1781 560 1858 qualibet
584 1781 796 1858 impendatis,
822 1781 869 1844 ita
891 1782 977 1860 quod
998 1800 1058 1846 vos
1112 1788 1221 1851 rituti.
1237 1787 1329 1850 Nulli
1345 1805 1435 1866 ergo,
1451 1791 1525 1861 ete,
1543 1787 1630 1851 banc
1644 1791 1799 1866 paginam
1821 1806 1895 1851 nos·
1986 1791 1987 1796 ’

264 1876 424 1954 religiosa
437 1877 510 1940 loca
535 1877 675 1954 diligere
691 1879 779 1941 etad
804 1879 1060 1944 Christiminis-
1113 1886 1173 1947 trae
1196 1885 1442 1948 constitutionis
1469 1887 1502 1949 et
1529 1883 1751 1959 inhibitionis,
1780 1889 1841 1948 etc.
1866 1887 1897 1947 Si

264 1973 349 2036 teria
371 1973 495 2036 hahere
508 1975 768 2052 comprobemini
782 1976 966 2050 caritatem,
984 1993 1059 2040 nos·
1114 1984 1189 2060 quis
1209 1983 1330 2055 autem,
1348 1984 1410 2045 etc.
1427 1984 1545 2045 ilatum
1567 1984 1739 2059 Anagnia,
1765 1985 1810 2044 ΙΙΙ
1828 1983 1895 2044 idus

265 2086 329 2148 que
344 2087 410 2132 non
423 2073 663 2149 compellamur
678 2089 779 2150 super
790 2073 853 2136 lloc
865 2075 962 2136 aliter
976 2091 1057 2152 pro-
1114 2080 1259 2143 octobris
1274 2079 1497 2158 pontificatus,
1514 2081 1621 2143 nostri
1632 2097 1722 2143 anno
1734 2082 1860 2144 octauo.
1988 2129 1989 2164 ,

231 2168 388 2231 'ridere
418 2171 538 2232 Datum
566 2170 738 2248 Anagniae,
776 2171 873 2232 nonis
899 2173 1055 2247 octobris,

265 2266 477 2343 pontificatus
490 2267 598 2332 nostri
607 2284 696 2332 anno
709 2269 837 2333 octavo.

1453 2467 1565 2556 XXII

617 2591 707 2681 XXI
911 2687 914 2690 ,
1168 2621 1222 2681 Ad
1238 2620 1533 2696 arelateptseopum
1547 2621 1849 2697 burdegalensem.

269 2743 322 2802 Ad
335 2743 545 2820 magistrum
566 2747 758 2808 arioaldum
768 2748 927 2820 priorem
939 2745 1057 2820 uospt-
1395 2751 1428 2808 lt
1438 2751 1532 2809 octob.
1547 2752 1626 2810 lata.

310 2840 389 2903 totis
402 2843 436 2902 S.
453 2843 570 2904 Jacoot
583 2845 811 2920 Burdcputen.
1299 2873 1420 2938 [pegar.,
1437 2874 1482 2924 un.
1497 2875 1562 2932 vul,
1576 2875 1650 2940 epist.
1668 2875 1721 2940 to]

546 2973 578 3032 ¹³
589 2972 682 3032 ⁰⁰1⁰b·
699 2973 778 3032 ¹²²3·
1077 3035 1080 3048 .
1132 2996 1212 3056 idem
1227 3005 1428 3072 argumentum
1444 3013 1529 3072 quern
1545 2997 1733 3072 precedentis
1749 2999 1882 3073 epistole.

278 3093 398 3158 [Regest.,
409 3093 455 3146 lib.
469 3096 535 3154 lllll,
546 3095 621 3160 epist.
636 3093 676 3146 di.
688 3097 746 3146 llss.
760 3094 797 3146 Lu
807 3097 885 3146 Porta
900 3095 935 3146 du
947 3095 1042 3160 rosit]
1154 3134 1332 3206 Honorius,
1350 3137 1425 3206 9th
1437 3132 1620 3196 venerabili
1633 3131 1766 3196 fratri...
1781 3135 1900 3197 Burde,

265 3217 378 3276 lnbibet
399 3235 435 3275 ne
449 3219 603 3292 capitulum
623 3217 836 3292 burdegalense
855 3221 884 3277 in
902 3235 953 3278 eos
972 3219 1057 3278 aliam
1115 3229 1251 3307 galenm
1268 3230 1530 3309 archiepiscopo,
1548 3230 1698 3306 salutem,
1713 3232 1776 3293 etc,

295 3307 522 3380 jurisdictionem
545 3321 630 3380 quam
649 3308 823 3366 ordinariam
845 3323 979 3366 exercere
1006 3324 1058 3368 va·
1155 3329 1210 3396 Hp,
1236 3329 1290 3406 qui
1307 3329 1441 3405 Pietatis
1464 3345 1575 3405 Opem,
1593 3330 1655 3391 etc·
1676 3344 1784 3403 usque
1808 3343 1898 3390 fevo.

301 3395 388 3453 leant.
1115 3427 1242 3489 centur.
1274 3427 1379 3497 Quum
1405 3425 1518 3502 igitur,
1547 3426 1633 3488 sicut
1655 3424 1798 3487 dilectus
1819 3425 1899 3486 lilius

304 3521 483 3594 Honorius,
501 3523 581 3594 etc,-
594 3520 714 3582 dilecto
731 3520 800 3583 illio
819 3521 978 3598 magistro
990 3525 1059 3584 Ar·
1114 3523 1272 3599 magister
1286 3521 1453 3584 Arneldus
1476 3523 1569 3600 prior
1587 3522 1763 3598 hospitalis
1793 3520 1899 3584 Sancti

265 3618 363 3681 naldo
379 3620 482 3696 priori
497 3619 671 3696 hospitalis
685 3619 924 3682 Sanctidacobi
938 3619 1060 3682 Burde·
1114 3619 1229 3683 Jacobi
1253 3619 1472 3695 Burdegalen.
1489 3620 1643 3696 exposuit
1665 3619 1838 3682 humiliter
1850 3635 1901 3681 oo·

264 3717 388 3794 gelen..
417 3717 558 3778 salutem
587 3719 620 3779 et
648 3717 876 3794 apostolicam.
901 3715 1058 3780 benedic-
1114 3731 1187 3780 ram
1209 3717 1316 3790 nobis,
1336 3717 1422 3778 idern
1438 3719 1471 3778 et
1492 3715 1613 3779 iratres
1634 3717 1687 3778 sui
1707 3733 1767 3794 pro
1781 3716 1901 3780 viribus

265 3815 403 3876 tionem.
1112 3815 1238 3892 jugiter
1252 3813 1421 3890 obsequiis
1446 3827 1629 3891 pauperum
1648 3815 1682 3877 et
1700 3814 1901 3876 intirmorum

308 3914 351 3972 lli
367 3912 422 3989 qui
437 3911 571 3988 pietatis
586 3928 687 3990 opera
710 3914 904 3975 exercentes
917 3911 1062 3974 intirmo-
1117 3912 1283 3983 insistant,
1300 3909 1361 3972 sub
1374 3911 1465 3972 certa
1476 3911 1738 3988 reguleaialicis
1751 3911 1903 3973 recorda-

268 4023 342 4068 rum
355 4010 387 4070 et
399 4024 582 4086 pauperum
594 4010 761 4088 ohsequiis
772 4027 807 4072 se
822 4011 996 4082 voverunt,
1012 4009 1061 4070 sic
1116 4009 1216 4072 tionis
1231 4009 1423 4071 innocentio
1433 4011 1525 4086 Papa
1535 4009 1780 4086 praedecessore
1797 4009 1901 4071 nostro

268 4105 409 4166 suntab
436 4107 600 4168 universis
625 4108 747 4169 Christi
769 4107 921 4170 tidelibus
946 4107 1062 4170 conlo-
1117 4107 1197 4184 ipsis
1212 4107 1289 4168 data
1304 4106 1613 4182 degentes,eosdem
1624 4106 1825 4169 fraternitati
1841 4107 1900 4167 tuae

267 4202 377 4274 vendi,
404 4219 446 4265 ne
461 4219 521 4281 per
535 4204 723 4281 aliquorum
747 4205 889 4282 injurias
908 4207 941 4266 et
962 4220 1061 4281 pres·
1116 4203 1313 4280 propensius
1341 4202 1609 4264 commendamus
1639 4217 1698 4280 per
1720 4202 1902 4280 apostoles

264 4302 472 4362 surasatam
484 4301 719 4380 pioproposito
732 4302 941 4364 revocentur.
956 4304 1062 4374 Quum
1117 4302 1240 4378 scripta
1267 4300 1474 4373 mandantes,
1499 4303 1662 4376 quatenus
1682 4315 1750 4362 non
1769 4299 1900 4377 permit·

264 4397 378 4474 igitur,
396 4399 483 4461 sicut
504 4402 551 4473 tu,
569 4399 688 4462 dilecte
709 4398 793 4460 rili...
827 4399 930 4476 prior,
956 4415 1062 4476 expo·
1116 4399 1205 4460 tas...
1220 4396 1382 4460 decanum
1395 4399 1427 4460 et
1439 4397 1622 4475 capitulum
1635 4397 1855 4474 Burdogalen.
1871 4395 1902 4456 in

264 4495 363 4558 suisti
385 4497 556 4560 humiliter
579 4513 692 4558 coram
714 4495 821 4569 nobis,
837 4497 875 4558 tu
895 4497 928 4559 et
942 4496 1062 4559 iratres
1117 4511 1174 4558 eos
1186 4495 1218 4558 et
1232 4495 1342 4573 ipsum
1358 4495 1524 4571 hospitale
1543 4495 1655 4568 aliam,
1672 4509 1770 4572 quam
1789 4495 1825 4556 in
1839 4509 1903 4556 om·

263 4595 314 4656 tui
331 4610 513 4672 pauperum
529 4597 561 4656 et
585 4595 795 4657 intirmorum
819 4594 987 4672 obsequiis
998 4597 1061 4672 ju·
1117 4609 1177 4656 nes
1192 4593 1277 4656 alias
1298 4593 1444 4656 civitatis
1464 4593 1531 4654 tuae
1555 4592 1749 4669 collegiatae
1772 4593 1807 4656 et
1824 4607 1898 4654 con·

265 4692 352 4767 giter
364 4691 538 4765 insistatis,
554 4692 615 4753 sub
626 4693 716 4755 certa
727 4693 845 4770 regula
856 4691 993 4754 aielicis
1007 4707 1064 4754 re-
1117 4691 1290 4754 ventuales
1311 4705 1472 4766 personas
1492 4689 1761 4766 jurisdictionem
1776 4690 1903 4752 ordina·

265 4788 468 4850 cordationis
491 4792 686 4853 Innocentio
699 4793 802 4867 Papa,
819 4791 1063 4868 praedecessore
1118 4791 1204 4851 riam
1229 4801 1398 4860 exercere,
1425 4786 1622 4864 praesertim,
1640 4788 1716 4860 etc„
1743 4789 1783 4850 ut
1805 4799 1902 4860 supra

268 4886 393 4958 nostro,
412 4885 506 4948 robis
531 4887 608 4948 data
635 4886 803 4964 degentes
830 4903 890 4950 nos
917 4889 1003 4965 paci,
1031 4889 1064 4948 et
1118 4903 1224 4962 respue
1242 4884 1442 4963 susceptum,
1459 4885 1594 4947 luerunt
1614 4885 1742 4962 sopitae,
1768 4885 1852 4946 sicut
1871 4882 1901 4942 iu

270 4982 1063 5062 quietituasetiratrumtuorumacsuccessorum
1118 4984 1337 5047 instrumento
1368 4997 1469 5060 super
1510 4982 1575 5044 boc
1608 4981 1758 5044 coniecto
1791 4979 1902 5043 dicitur

269 5084 468 5156 vestrorum,
485 5082 691 5145 infirmorum
707 5099 746 5144 ac
765 5099 957 5160 pauperum,
975 5098 1062 5159 quo·
1118 5082 1251 5159 plenius
1266 5079 1442 5154 contineri,
1468 5079 1730 5142 contradictores
1754 5093 1814 5156 per
1832 5091 1902 5138 cen·

271 5196 344 5241 rum
359 5181 505 5242 servitiis
522 5180 727 5243 incessanter
741 5180 955 5242 laudabiliter
969 5180 1064 5240 insu·
1119 5195 1232 5241 suram
1260 5177 1533 5248 ecclesiasticam,
1564 5175 1790 5253 appellatione
1822 5173 1902 5252 post-

270 5279 356 5340 datis
372 5277 547 5356 prouidere
567 5277 726 5350 volentes,
744 5278 957 5356 praesentium
979 5293 1063 5339 auc·
1120 5278 1238 5354 posita,
1260 5274 1509 5352 compescendo.
1533 5274 1608 5335 Non
1624 5272 1831 5336 obstantibus
1854 5269 1903 5330 lit-

268 5376 401 5438 toritate
411 5375 598 5448 statuimus,
610 5375 642 5438 et
658 5375 841 5438 districtius
859 5374 1062 5460 inbihemus,
1118 5374 1210 5446 teris,
1227 5373 1280 5435 vel
1295 5389 1409 5435 eorum
1433 5387 1624 5448 processum
1648 5369 1677 5431 si
1704 5370 1779 5447 quis
1803 5369 1902 5430 minus

266 5489 345 5534 ne...
373 5471 519 5534 decanus
537 5474 570 5536 et
591 5473 771 5551 capitulum
786 5473 1011 5548 Burdegalen.
1029 5473 1064 5533 in
1119 5471 1267 5548 legitime
1281 5470 1414 5532 babitus
1433 5469 1484 5532 est
1510 5481 1569 5546 per
1593 5467 1684 5545 ipsas
1706 5483 1808 5544 super
1832 5465 1902 5527 obe-

268 5587 337 5642 ros,
353 5571 385 5632 et
399 5570 508 5646 ipsum
524 5570 688 5648 hospitale
704 5572 804 5633 aliam
821 5585 921 5648 quam
942 5571 977 5630 in
993 5587 1066 5632 om-
1084 5567 1087 5574 '
1120 5569 1245 5632 dientia
1267 5571 1298 5630 et
1311 5567 1499 5630 reverentia
1514 5565 1632 5627 contra
1647 5563 1822 5642 praedictos
1843 5561 1902 5640 pri-

262 5685 325 5756 nes
345 5668 431 5730 alias
459 5669 606 5745 eJusdem
635 5669 779 5732 civitatis
803 5668 1009 5744 collegiatae,
1034 5668 1066 5730 et
1123 5683 1214 5730 orem
1239 5669 1272 5728 et
1295 5664 1557 5728 iratresadictis
1578 5663 1703 5726 decano
1719 5664 1751 5726 et
1770 5659 1903 5740 capitulo
