4168 6344
319 357 380 418 107
934 359 1111 422 HONORII
1134 360 1180 422 111
1200 357 1349 422 OPERA.

320 515 463 578 sentium
478 515 698 594 indulgemus,
711 516 747 582 ut
760 517 795 580 ln
812 516 1109 592 ecclesiisrestris,
1166 517 1227 582 bus
1245 518 1523 596 adapostolicam
1543 515 1661 584 801001
1678 519 1833 585 venerint
1847 519 1964 584 011001-
2073 583 2074 616 ,

319 612 519 688 civitatibus,
530 614 563 677 et
575 615 923 693 etiamlocislpsarum
932 615 1112 694 suppositis
1165 613 1275 677 vendi.
1298 617 1376 678 illos
1397 631 1528 694 quoque
1543 613 1601 694 qul
1622 617 1744 679 dictum
1757 617 1963 682 abbatemet
2073 671 2074 686 .

319 709 513 782 interdicto,
543 711 837 774 excommunicatis
865 713 898 773 et
924 711 1110 775 interdictis
1165 716 1238 789 ejus
1254 713 1362 774 socios
1378 713 1574 790 spoliarunt,
1591 715 1627 775 01
1649 715 1759 776 ablata
1783 709 1963 777 restituant
2073 755 2074 770 .

319 806 476 878 exclusis,
494 809 617 870 clausis
635 809 761 886 januis,
776 825 841 870 non
862 809 1002 887 pulsatis
1017 825 1112 870 cam·
1166 810 1334 879 universa,
1352 809 1531 872 monitione
1554 811 1678 887 praevia
1701 827 1962 888 percensuram

318 905 426 982 panis,
450 905 484 966 ct
520 921 698 983 suppressa
720 921 812 980 voce,
838 907 951 968 divina
977 907 1111 984 possitis
1166 907 1961 985 ecclesiasticam,appellationercmota,cognita
2073 957 2074 986 ,

318 1000 428 1062 cilicia
457 1001 645 1078 celebrare;
671 1005 828 1066 attentius
861 1004 1038 1081 provisuri,
1069 1019 1111 1066 ne
1133 1023 1134 1028 ¹
1166 1004 1305 1078 veritate
1321 1005 1457 1080 cogatis,
1474 1019 1549 1066 cum
1571 1005 1669 1080 ligari
1684 1007 1823 1082 possunt
1838 1005 1961 1070 fortius

316 1096 507 1180 hujusmodi
548 1103 722 1163 occasione
762 1099 991 1178 indulgentiae,
1028 1103 1110 1164 aliis
1161 1101 1231 1176 jam
1257 1100 1362 1176 ligati.
1386 1101 1503 1162 Datum
1523 1103 1810 1178 Anagniae,nonis
1831 1103 1959 1176 martii,
2073 1119 2074 1194 l

318 1197 512 1258 scandalum
522 1199 684 1260 excitetis.
698 1199 792 1259 Nulli
806 1215 895 1276 ergo,
911 1199 974 1260 etc.
990 1200 1109 1260 Datum

317 1294 489 1369 anagnie,
506 1295 1112 1374 111uonlsmnrnipouttneetusnos·

316 1388 359 1450 tri
376 1405 463 1452 anno
477 1393 583 1455 sexto.

1165 1197 1376 1274 pontificatus
1389 1199 1494 1262 nostri
1506 1215 1594 1262 anno
1609 1201 1716 1262 sexto.

1483 1491 1638 1582 CXXXI

1045 1699 1046 1704 ,
1162 1640 1216 1700 Ad
1239 1641 1494 1704 scolasticam...
1520 1645 1745 1718 custodem...
1759 1642 1959 1708 01010000-

644 1735 779 1822 CXXX

314 1885 366 1946 Ad
383 1883 560 1947 albertum
580 1888 874 1960 archiepiscopum
896 1885 1107 1962 Menaenor-

433 1995 575 2058 pensem
594 1983 627 2044 et
645 1983 888 2061 suffrapnneos
901 1987 988 2057 ejus.

431 2179 435 2186 ⁴
597 2115 613 2172 7
633 2112 727 2170 martii
745 2112 824 2172 laia.

328 2231 480 2297 Δ[1101011011
488 2233 572 2284 Codex
586 2233 649 2299 dipl.
661 2234 775 2286 8000010
784 2235 909 2300 1001011,
918 2249 935 2295 r,
944 2235 1019 2298 ann.
1029 2235 1082 2301 et]

313 2355 430 2416 Mandat
448 2363 478 2414 ut
493 2359 662 2416 bertranum
686 2358 854 2416 advocatum
876 2367 904 2418 et
918 2359 1012 2417 socios
1034 2359 1105 2432 ejus,

348 2445 395 2517 qui
411 2443 542 2502 abbatem
561 2443 807 2518 Nleuburgensem
825 2448 975 2504 exoculare
990 2461 1025 2504 ac
1041 2461 1103 2505 mu·

350 2533 431 2590 litare
450 2534 697 2606 praesumpserint,
715 2533 904 2592 nonobstante
925 2533 1102 2594 absolutione

347 2620 530 2694 0010000010,
549 2623 812 2682 excommunicatos
840 2623 1006 2682 solemniter
1030 2637 1103 2682 nun·

347 2708 428 2767 11001.

251 2867 254 2876 ·
352 2834 520 2898 Honorius
556 2833 748 2914 episcopus,
782 2849 899 2898 servus
933 2851 1104 2899 servorum

315 2931 391 3004 Dei,
421 2931 667 2997 venerabilibus
707 2931 903 2995 iratribus...
933 2935 1104 3012 archiepi-

312 3043 411 3105 scopo
426 3029 704 3106 Magdeburgensi
724 3031 758 3092 et
776 3029 997 3106 suffraganeis
1019 3035 1103 3109 ejus,

311 3125 451 3186 salutem
467 3127 500 3186 01
514 3126 728 3202 apostolicam
741 3115 1016 3190 benedictionem.

351 3221 400 3283 Ad
415 3222 619 3284 audientiam
634 3223 781 3284 nostram
801 3225 961 3286 noveritis
982 3241 1104 3301 perne-

312 3319 413 3390 nisse,
430 3318 516 3396 quod
535 3319 716 3380 Bertranus
736 3319 927 3394 advocatus,
944 3321 1104 3384 Gabertus

310 3430 431 3492 praeco,
457 3415 650 3477 Fredericus
672 3414 768 3476 miles
783 3415 823 3477 de
846 3416 1020 3490 Hebsleve,
1037 3419 1105 3480 lta·

311 3511 433 3580 1101100,
449 3511 683 3585 Theodericus
701 3513 895 3574 Leonardus
918 3515 950 3575 et
970 3513 1104 3592 quidam

311 3609 371 3694 alii
417 3608 712 3685 Magdeburgensis
747 3609 780 3671 et
816 3610 1104 3674 ilalberstadensis

310 3707 501 3778 dioecesum,
523 3707 580 3784 qui
601 3705 757 3768 dilectum
782 3705 924 3768 tilium...
951 3708 1103 3771 abbatem

310 3804 586 3880 Nieuburgensen
599 3803 779 3865 exoculare
792 3818 832 3865 ac
851 3805 1005 3867 mutilare
1020 3823 1104 3868 ausu

309 3901 473 3976 sacrilego
489 3901 781 3978 praesumpserunt,
795 3903 828 3964 et
841 3901 986 3964 nondum
999 3915 1102 3964 cura·

239 4030 241 4036 .
309 4001 397 4068 runt,
411 3998 528 4060 saltem
541 3999 703 4074 quatenus
716 4000 854 4074 possunt
866 3999 897 4061 ei
910 3999 1103 4062 satisfacere

310 4096 351 4157 de
365 4095 456 4158 tanto
475 4094 654 4170 impietatis
672 4109 822 4166 excessu,
841 4111 901 4156 nec
916 4095 1023 4157 eidem
1045 4098 1102 4158 illa

308 4193 409 4256 etiam
428 4191 614 4263 restituere,
634 4191 752 4268 quibus
770 4192 876 4267 ipsum
896 4195 930 4255 01
949 4196 1021 4270 ejus
1041 4211 1101 4256 co-

309 4291 406 4351 mites
424 4288 622 4365 spoliarunt,
639 4288 718 4364 puin
737 4288 838 4350 immo
854 4289 954 4351 etiam
970 4292 1102 4368 quidam

309 4387 454 4465 ipsorum
479 4384 763 4462 adapostolicam
786 4386 905 4447 sedem
921 4389 1103 4450 accessisse

309 4485 465 4546 dicuntur
479 4483 545 4545 ela
565 4481 811 4560 poenitentiario
829 4485 942 4546 nostro
964 4484 1101 4546 absolu·

307 4583 432 4644 tionem
454 4581 506 4641 sui
522 4595 693 4653 excessus,
707 4581 903 4642 enormitate
926 4581 1020 4644 nobis
1035 4599 1102 4644 non

308 4679 471 4756 exposita,
501 4678 680 4753 recepisse.
726 4676 868 4754 Ideoque
902 4679 1101 4744 fraternitati

1204 1737 1292 1797 tium
1322 1743 1525 1802 0000010001
1553 1745 1740 1815 Burman,
1774 1746 1956 1806 Potentem.
2073 1755 2074 1772 ¹

1203 1835 1369 1896 dtoecests.

1439 1927 1473 1989 lo
1486 1931 1580 1990 martii
1593 1931 1671 1991 laia

1195 2052 1314 2116 [liegest.,
1326 2053 1371 2106 lib.
1382 2055 1425 2112 ill,
1434 2055 1509 2120 epist.
1519 2055 1575 2106 alt.
1586 2057 1642 2106 100.
1652 2057 1687 2108 La
1697 2057 1774 2108 Porto
1783 2057 1818 2108 du
1828 2057 1926 2124 nteit]

1163 2173 1280 2234 blandai
1306 2184 1338 2235 ut
1362 2177 1486 2236 nobilem
1514 2179 1616 2238 ducem
1640 2181 1688 2254 qni
1715 2181 1858 2254 sacrilego
1884 2193 1958 2241 ausu

1197 2264 1958 2342 (1011000101ἰο110001101000100100001110800010
2073 2265 2074 2338 l

1196 2346 1295 2412 itariae
1309 2353 1345 2412 ad
1359 2355 1478 2426 Gradus,
1489 2355 1582 2414 donec
1595 2356 1631 2414 ab
1646 2369 1681 2414 00
1693 2357 1829 2416 ducentas
1841 2373 1957 2418 marcas

1198 2449 1357 2515 acceperat,
1382 2457 1432 2516 par
1454 2446 1624 2502 sententiam
1653 2445 1794 2503 interdicti
1812 2447 1842 2504 in
1863 2455 1958 2506 terrm
2073 2491 2074 2526 ,

1195 2529 1269 2604 ejus,
1292 2532 1465 2604 compellant
1479 2530 1515 2589 ad
1535 2531 1758 2592 satisfactionem
1781 2549 1956 2609 congruam,
2073 2545 2074 2596 l

1185 2633 1254 2708 ¹uon
1279 2616 1456 2678 obstantibus
1481 2619 1581 2678 litteris
1606 2620 1766 2695 subreptice
1789 2623 1955 2683 obtentiss

1196 2705 1270 2764 Sede
1284 2707 1457 2780 apostolica.
1510 2705 1514 2713 '
2073 2727 2074 2740 r

1200 2833 1380 2904 Honorius,
1393 2833 1469 2905 etc,
1485 2833 1614 2897 dilectis
1636 2835 1714 2898 liliis
1736 2837 1954 2900 scolastico...
1994 2853 1997 2856 ·
2073 2839 2074 2918 ζ

1160 2929 1300 3000 custodi,
1317 2931 1386 2991 et...
1406 2931 1575 2993 Florentio
1599 2935 1759 2996 canonico
1781 2937 1954 3009 Burman..
2073 3013 2074 3016 Ἴ

1161 3026 1333 3088 Ρο100100.
1351 3027 1516 3100 dioecesis,
1533 3029 1684 3103 salntem,
1702 3035 1766 3092 etc.

1200 3124 1280 3184 Cum
1294 3123 1371 3185 olim
1388 3123 1429 3186 ad
1445 3127 1593 3188 nostram
1613 3127 1815 3190 audientiam
1831 3145 1955 3204 perve—

1159 3220 1275 3291 nisset,
1285 3221 1369 3298 quod
1385 3221 1485 3284 clarae
1498 3224 1703 3286 memoriae...
1717 3225 1818 3288 irater
1832 3226 1955 3290 nobilis
2073 3257 2074 3270 .

1160 3315 1224 3376 viri
1238 3316 1330 3378 ducis
1346 3318 1552 3396 Lotheringii
1567 3321 1738 3398 cujusdem
1748 3322 1857 3384 haeres
1867 3325 1957 3386 exis·

1159 3413 1210 3483 iit,
1235 3412 1390 3476 dilectum
1415 3415 1520 3478 tilium
1542 3419 1735 3494 magistrum
1758 3420 1952 3484 ilenricien.
2073 3459 2074 3484 .

1160 3511 1371 3586 praepositum
1398 3513 1431 3572 S.
1463 3513 1578 3575 Mariae
1606 3515 1647 3576 ad
1676 3517 1815 3590 Gradus,
1844 3517 1956 3580 adbuc
2073 3567 2074 3572 .

1159 3606 1369 3668 scolasticum
1390 3611 1505 3672 Sancti
1520 3613 1679 3674 Gereonls
1693 3613 1728 3674 in
1744 3613 1892 3687 Colonia,
1910 3615 1953 3678 ad

1160 3703 1277 3764 sedem
1288 3705 1954 3782 apostolicamaccedentemaususacri-
2073 3709 2074 3750 ἶ

1158 3799 1231 3877 lego
1246 3802 1321 3878 capi
1336 3801 1472 3876 iaciens,
1488 3805 1615 3882 tamdiu
1629 3806 1817 3870 detinuerat
1831 3809 1866 3870 in
1881 3810 1954 3872 rin·
2073 3789 2074 3838 1

1158 3897 1242 3959 00110
1283 3898 1402 3960 terreis
1438 3901 1621 3976 illigatum,
1646 3903 1751 3966 donec
1791 3905 1953 3968 ducentas
2073 3915 2074 3958 l

1157 4011 1288 4056 marcas
1299 3997 1800 4074 extorqueratabeodem;etad
1812 4006 1953 4080 majoris
2073 4017 2074 4082 l

1157 4091 1291 4168 iujuriae
1312 4094 1479 4154 cumulum
1503 4109 1577 4157 curn
1598 4112 1639 4158 ne
1658 4097 1749 4174 ipsas
1769 4097 1810 4160 ab
1829 4113 1881 4172 co,
1896 4103 1953 4164 vel
2073 4139 2074 4152 .

1157 4187 1198 4251 ab
1223 4189 1289 4251 alio
1301 4191 1475 4266 repeteret,
1494 4192 1547 4253 rel
1569 4196 1673 4270 repeti
1689 4195 1825 4268 laceret,
1844 4211 1954 4273 praes-

1159 4287 1229 4348 tare
1243 4289 1645 4363 exegeratjuramenlum.
1662 4293 1730 4354 Nos
1744 4294 1880 4370 provide
1895 4297 1953 4360 at.-

1156 4383 1339 4454 tendentes‚
1370 4384 1455 4462 quod
1484 4386 1663 4462 praedictus
1690 4391 1858 4465 magister,
1887 4394 1954 4454 elsi
2073 4391 2074 4434 1

1158 4495 1306 4554 personae
1327 4495 1407 4552 suae,
1423 4495 1489 4542 nou
1503 4484 1613 4545 ‘lamen
1627 4486 1783 4549 Ecclesiae
1799 4491 1954 4565 potuerat
2073 4513 2074 4534 2

1157 4577 1325 4638 remittere
1338 4575 1494 4654 injuriam
1511 4578 1703 4656 irrogatam,
1720 4585 1877 4660 praedicto
1893 4602 1954 4647 no-
2073 4589 2074 4598 ’

1157 4672 1688 4752 bilidireximusecriptanostra,
1704 4683 1738 4742 nt
1753 4682 1954 4745 suaeacira·
2073 4739 2074 4744 ,

307 4778 427 4839 restrae
449 4790 510 4850 per
532 4775 722 4851 apostolica
747 4775 870 4853 scripta
893 4777 1099 4851 mandamns,
1155 4771 1216 4834 tris
1227 4771 1279 4832 sui
1290 4771 1468 4834 salubriter
1479 4773 1656 4836 consulens
1666 4776 1951 4856 0010010001οὲ-
2073 4759 2074 4798 ³

307 4875 471 4952 quatenus
493 4871 682 4948 huiusmodi
704 4870 913 4936 absolutione
932 4873 1100 4952 subrepti·

307 4972 359 5034 cia
371 4986 438 5032 uon
451 4968 614 5040 obstante,
627 4968 749 5032 1110001
763 4970 927 5046 quoslibet
940 4972 1102 5049 01100001

307 5071 395 5134 dicto
412 5066 465 5128 rel
482 5065 569 5128 10010
588 5067 629 5126 ad
649 5066 755 5142 ipsius
774 5067 1016 5130 mutilationem
1036 5068 1100 5130 ab·

1156 4963 1249 5028 vobis
1264 4965 1380 5028 dantes
1394 4966 1611 5029 nihilominus
1633 4972 1756 5032 nostris
1778 4973 1900 5036 litteris
1912 4976 1950 5038 iu

1156 4867 1223 4930 lato
1243 4867 1401 4943 magistro
1423 4867 1533 4931 ablata
1555 4872 1745 4936 restitueret
1769 4876 1948 4952 universa,
2073 4847 2074 4938 ἷ

1156 5063 1952 5134 mandatis,utsidietusnobilismandatumnos-
2073 5041 2074 5090 3

306 5167 393 5228 hatis
415 5177 510 5240 opem
534 5163 569 5224 et
590 5177 725 5238 operam
747 5163 988 5240 impenderunt,
1014 5165 1102 5228 tam-
1156 5164 1242 5222 trum
1254 5161 1437 5236 negligeret
1447 5161 1843 5238 adimpleremoseumad
1854 5171 1952 5232 satis·
2073 5199 2074 5232 3

306 5263 375 5334 diu,
396 5259 619 5338 appellatione
638 5264 775 5333 remota,
797 5263 1100 5326 excommunicatos
1154 5257 1331 5321 factionem
1343 5259 1449 5321 eidem
1461 5260 1623 5334 magistro
1632 5260 1775 5326 debitam
1786 5265 1952 5330 exbiben-

307 5357 501 5422 solemniter
516 5358 674 5420 nuntietis
683 5359 717 5420 01
738 5357 869 5424 faciatis
885 5373 945 5436 per
960 5361 1043 5432 loca,
1065 5361 1099 5422 in
1155 5355 1230 5416 dam
1245 5371 1494 5432 percensuram
1509 5358 1782 5434 ecclesiasticam,
1798 5365 1952 5440 appella-

179 5454 182 5462 “
306 5455 426 5534 quibus
439 5453 596 5530 expedire
608 5453 759 5517 videritis
774 5456 1046 5528 nuntiari,dnnec
1060 5457 1100 5519 de
1154 5452 1246 5516 tione
1269 5452 1462 5530 postposita,
1488 5455 1662 5529 cogeretis,
1686 5473 1837 5536 cumque,
1863 5461 1952 5526 sicut

304 5555 398 5618 tanto
417 5567 560 5614 excessu
581 5551 804 5615 satisfecerint
821 5554 1047 5631 competenter
1066 5557 1100 5618 01
1154 5549 1360 5627 postmodum
1377 5549 1615 5624 intelleximus,
1632 5553 1738 5630 ipsius
1753 5555 1847 5620 ducis
1862 5573 1949 5622 con·

303 5669 379 5715 curn
398 5649 519 5713 litteris
543 5649 664 5712 vestris
684 5650 733 5711 rei
753 5650 873 5713 seriem
891 5651 1096 5716 continenti-
1152 5647 1296 5710 tumacia
1318 5647 1486 5724 exigente,
1509 5649 1687 5714 interram
1706 5654 1779 5729 ejus
1802 5653 1949 5720 tuleritis
