4168 6344
208 377 211 385 1
302 355 345 450 aa
926 354 1104 418 uonoau
1124 355 1171 418 m
1190 355 1341 418 crana.
1658 362 1660 366 ·
1913 351 1953 430 ar

305 515 410 582 robur
423 517 586 594 accipere,
603 531 646 578 ne
665 515 885 594 inposterum
903 516 1001 579 facile
1018 533 1103 594 qua-

305 601 443 678 tiantur.
462 616 549 675 Sane
572 613 757 676 venerabili
778 613 873 675 fratri
899 616 1013 676 nostro
1028 616 1102 675 Hu-

306 712 396 788 goni,
420 711 565 772 Ostiensi
595 711 762 788 episcopo,
781 711 979 787 Apostolicae
1009 712 1103 772 Sedis

303 809 425 886 legato,
443 809 477 871 et
491 809 661 870 nonnullis
677 809 757 870 aliis
780 809 862 870 viris
878 809 1045 884 religiosis
1064 825 1103 870 ac

309 906 374 982 tide
387 905 507 981 dignis,
532 906 627 968 nobis
643 906 721 967 olim
735 922 794 983 per
809 922 887 968 suas
902 906 1031 968 litteras
1051 907 1105 966 in-

303 1003 514 1078 timantibus,
539 1004 778 1065 monasterium
809 1003 922 1065 Sancti
946 1004 1037 1065 Petri
1069 1004 1103 1064 in

305 1101 395 1162 ,caelo
410 1105 519 1164 Aureo
533 1101 572 1162 de
583 1101 698 1178 Papia,
711 1099 807 1164 nobis
826 1101 1016 1163 immediate
1032 1100 1106 1162 sub-

303 1198 444 1276 jectum,
470 1199 506 1258 in
534 1198 784 1275 spiritualibus
808 1203 841 1260 et
864 1197 1105 1275 temporalibus

304 1296 455 1370 graviter
469 1297 647 1368 corruisse,
667 1297 716 1357 ita
736 1297 773 1358 ut
789 1297 937 1373 ejusdem
960 1294 1025 1357 loci
1041 1294 1103 1355 ab·

307 1391 417 1454 batem
446 1394 623 1454 occasione
657 1394 770 1454 multae
801 1393 1030 1456 dissolutionis
1063 1390 1104 1452 ad

309 1507 407 1569 quam
434 1491 671 1552 monasterium
694 1491 802 1569 ipsum
831 1491 1027 1560 devenerat,
1052 1490 1106 1550 in-

304 1588 459 1666 trempto,
487 1588 520 1650 et
546 1589 657 1650 usuris
673 1589 800 1665 jugiter
824 1588 1103 1658 excrescentibus

308 1701 375 1746 non
391 1686 592 1762 speraretur,
608 1686 695 1763 quod
712 1687 804 1746 locus
823 1687 894 1764 ipse
908 1702 968 1762 per
982 1688 1012 1746 N
1015 1687 1106 1762 igros

308 1785 422 1860 posset
440 1783 622 1844 monachos
641 1783 819 1845 reformari
836 1804 843 1843 :
858 1798 899 1844 ac
917 1799 1104 1863 suggeren-

309 1879 399 1941 tibus
415 1879 519 1952 nobis,
537 1882 573 1942 ut
585 1882 683 1956 caput
697 1881 814 1940 domus
827 1882 947 1943 vestrae
962 1880 1003 1941 ad
1015 1895 1106 1956 prae-

311 1976 436 2040 dictum
478 1978 735 2050 monasterium,
767 1977 823 2039 ubi
856 1993 975 2054 corpus
1002 1976 1107 2054 ipsius

312 2076 420 2136 sancti
443 2075 593 2136 noscitur
613 2075 836 2152 requiescere,
855 2075 1105 2142 tranferremus,

312 2186 374 2233 nos
397 2170 503 2234 eidem
525 2172 680 2248 episcopo
705 2171 855 2235 dedimus
873 2171 909 2232 in
931 2171 1105 2242 mandatis,

313 2268 350 2330 nt
365 2269 583 2330 consideratis
599 2269 857 2332 circumstantiis
878 2269 1055 2340 universis,
1072 2270 1108 2330 in

311 2367 445 2442 negotio
460 2367 533 2443 ipso
548 2367 746 2429 anctoritate
772 2369 886 2428 nostra
902 2366 1106 2444 procederet,

309 2466 411 2542 prout
432 2464 612 2526 secundnm
630 2467 733 2526 Deum
754 2466 968 2541 cognosceret
989 2479 1109 2541 proce-

311 2562 465 2623 dendum.
482 2565 587 2623 Porro
598 2562 686 2623 idem
696 2562 871 2640 episcopus
886 2563 990 2623 variis
1006 2577 1109 2637 nego·

311 2659 367 2720 tiis
381 2659 570 2736 occupatus,
582 2660 751 2722 mandavit
761 2659 917 2722 venerab.
932 2659 1111 2720 iratrinos-

310 2756 362 2818 tro
372 2756 496 2818 Jacobo
510 2758 664 2834 episcopo
675 2757 884 2829 'laurinenst
894 2758 930 2818 ut
942 2772 1107 2834 persona-

312 2853 390 2916 liter
400 2854 441 2915 ad
455 2855 671 2918 memoratum
683 2855 921 2916 monasterium
932 2855 1106 2928 accedens,

311 2950 489 3028 diligenter
508 2953 692 3030 inquireret
716 2953 919 3015 voluntatem
947 2952 1105 3030 episcopi,

301 3049 394 3120 ,cleri
412 3050 444 3110 et
458 3051 571 3128 populi
585 3050 771 3127 Papiensis‚
788 3051 820 3112 et
836 3050 1000 3113 sivideret
1012 3065 1109 3127 posse

312 3145 386 3209 iteri
413 3145 485 3207 sine
509 3147 684 3219 scandale,
702 3147 972 3208 Mortariensium
997 3147 1109 3208 domui

311 3243 549 3304 monasterium
585 3244 782 3309 concederet
816 3246 938 3321 saepius
974 3245 1107 3316 dictum,

312 3339 463 3418 alioquin
485 3340 571 3418 quod
592 3357 692 3418 super
716 3342 779 3402 boc
805 3341 981 3415 inveniret,
1005 3343 1036 3404 ei
1051 3357 1111 3420 per

313 3437 1112 3501 suaslitterasintimaret.PraelatusveroTauri-

312 3535 439 3608 nensis,
449 3535 548 3612 juxta
560 3535 664 3612 ipsius
675 3536 777 3612 legati
789 3537 1110 3614 mandatumperso

312 3629 436 3692 naliter
450 3631 491 3691 ad
523 3631 720 3708 Papiensem
743 3633 910 3694 civitatem
936 3633 1108 3705 accedens,

314 3729 347 3790 et
361 3745 461 3806 super
475 3730 634 3806 praedicto
649 3730 782 3805 negotio
801 3729 979 3806 diligenter
999 3731 1112 3808 inqui-

312 3841 391 3887 rens
416 3827 574 3904 episcopi,
599 3827 681 3888 cleri
705 3828 737 3890 et
757 3827 870 3905 populi
892 3827 1108 3900 voluntatem,

312 3924 468 3984 omnesin
478 3922 541 3984 boe
551 3924 678 3987 invenit
691 3925 867 3986 unanimes
876 3925 1109 3998 etconcordes,

312 4023 345 4080 et
361 4035 461 4097 quum
474 4021 608 4082 tandem
624 4021 806 4084 deliberato
820 4022 961 4083 consilio
977 4037 1112 4098 respon-

312 4116 450 4189 dissent,
465 4118 551 4195 quod
565 4119 1015 4196 hujusmoditranslationem
1035 4119 1113 4196 plu-

308 4215 435 4277 rimum
452 4216 678 4292 acceptabant,
696 4217 788 4278 salvo
802 4219 914 4278 tamen
922 4220 998 4296 jure
1011 4221 1113 4294 Apos-

312 4312 422 4374 tolicae
453 4313 564 4386 Sedis,
590 4315 623 4376 et
652 4314 786 4392 imperii
813 4317 845 4377 et
878 4315 1027 4392 episcopi
1043 4361 1050 4386 ,
1066 4316 1114 4414 ,et

311 4411 462 4480 ‚civitatis
504 4411 695 4488 Papiensis,
731 4427 771 4472 ac
800 4415 879 4490 jure
912 4428 951 4473 ac
985 4412 1113 4474 bonore

315 4508 555 4571 advocatorum
587 4510 781 4572 monasterii
814 4509 999 4582 memorati,
1024 4510 1113 4594 idem

314 4609 533 4669 'laurinensis
562 4606 603 4668 ad
629 4624 717 4684 saepe
732 4608 856 4670 dietum
875 4609 1113 4670 monasterium

316 4720 391 4766 cum
416 4704 553 4783 praelato
579 4705 691 4781 Papiae
712 4706 880 4782 episcopo,
907 4707 939 4768 et
964 4706 1056 4778 cleri,
1082 4707 1115 4768 et

316 4803 432 4881 populi
448 4802 660 4865 multitudine
680 4804 814 4881 copiosa
830 4805 1025 4881 procedens,
1042 4819 1115 4865 mo-

316 4901 504 4964 nasterium
522 4901 633 4978 ipsum
660 4918 734 4963 curn
768 4900 921 4964 omnibus
948 4902 1112 4974 ecclesiis,

318 4999 597 5076 possessionibus,
610 4999 743 5076 juribus
767 5001 800 5061 et
817 5000 1029 5077 pertiuentiis
1044 5001 1114 5060 suis

315 5097 650 5159 domuiMortariensi
661 5097 765 5159 libere
776 5098 809 5159 et
819 5098 981 5170 absolute,
994 5113 1034 5160 ea
1051 5109 1113 5174 qaia

317 5194 521 5270 fungebatur
543 5195 741 5258 auctoritate
763 5191 922 5258 concessa
942 5211 1112 5272 expressa,

316 5293 354 5355 ut
367 5293 606 5354 monasterium
632 5294 742 5370 ipsum
765 5296 865 5370 caput
882 5293 1114 5354 Mortariensis

318 5391 446 5452 ordinis
477 5391 516 5450 de
553 5391 674 5452 caetero
703 5391 884 5464 habeatur,
915 5407 954 5454 ac
986 5393 1039 5460 te,
1065 5390 1115 5451 tili

319 5489 509 5566 praeposite,
525 5489 599 5550 vice
618 5489 651 5551 et
671 5489 807 5551 nomine
823 5489 919 5550 dictae
942 5489 1058 5550 domus
1079 5488 1115 5548 in

319 5586 426 5665 ipsius
441 5587 637 5649 monasterii
651 5587 857 5664 corporalem
870 5586 1115 5665 possessionem

319 5685 461 5759 induxit,
484 5685 662 5748 tribuendo
676 5684 737 5748 tibi
761 5684 902 5748 liberam
923 5683 1112 5747 facultatem

1159 517 1407 594 possessionum
1425 515 1572 578 omnium
1584 515 1829 594 temporalium,
1843 514 1876 577 et
1889 513 1955 592 spi·

1158 615 1344 683 ritualium,
1361 631 1434 692 quae
1446 613 1487 675 ad
1502 615 1611 691 ipsum
1625 613 1861 676 monasterium
1875 629 1955 690 per-

1160 713 1276 784 tinent,
1314 712 1512 774 auctoritate
1551 712 1686 790 propria
1715 709 1952 781 nanciscendi,

1160 813 1298 890 ejusque
1324 825 1516 886 processum
1548 810 1746 871 auctoritate
1775 808 1955 885 legationis

1160 907 1222 968 sibi
1245 907 1430 968 commissae
1449 907 1658 970 confirmavit
1679 905 1837 982 praelatus
1859 905 1953 982 epis-

1159 1021 1260 1082 copus
1277 1005 1448 1070 Ostiensis.
1478 1007 1547 1066 Nos
1575 1005 1679 1080 igitur
1710 1002 1953 1072 instrumentis,

1160 1101 1279 1178 quibus
1293 1103 1406 1163 omnia
1428 1101 1618 1178 supradicta
1632 1103 1764 1179 plenius
1779 1101 1957 1163 continen-

1159 1200 1225 1272 tur,
1242 1199 1420 1276 diligenter
1430 1200 1602 1278 inspectis,
1613 1200 1861 1262 concessionem
1872 1213 1957 1276 prae·

1160 1297 1281 1360 dictam
1309 1299 1507 1360 auctoritate
1535 1298 1719 1374 apostolica
1754 1297 1954 1364 roborante,

1161 1396 1399 1458 monasterium
1415 1396 1523 1474 ipsum
1539 1413 1613 1458 cum
1628 1395 1795 1456 universis
1807 1393 1953 1471 juribus,

1160 1493 1439 1568 possessionibus,
1453 1493 1606 1555 ecclesiis
1616 1494 1649 1556 et
1659 1492 1870 1570 pertinentiis
1885 1491 1956 1552 suis

1160 1589 1410 1668 temporalibus,
1432 1591 1464 1652 et
1481 1590 1721 1667 spiritualibus,
1740 1589 1834 1652 vobis
1849 1591 1882 1651 et
1895 1603 1957 1665 per

1160 1702 1220 1748 vos
1235 1687 1461 1760 ordinivestro
1472 1689 1669 1751 anctoritate
1680 1686 1863 1764 apostolica
1878 1701 1957 1748 con·

1161 1785 1958 1863 armamusetpraesentisscnpapatrocinioeom-

1161 1883 1339 1955 munimus
1358 1883 1551 1954 statuentes,
1574 1882 1609 1944 ut
1623 1881 1704 1943 ordo
1722 1881 1957 1943 Mortarieusis

1162 1979 1283 2042 ibidem
1308 1981 1476 2058 perpetuis
1505 1979 1711 2057 temporibus
1749 1979 1957 2041 observetur.

1162 2077 1254 2138 Nulli
1285 2093 1364 2152 ergo
1394 2077 1528 2140 omnino
1554 2077 1725 2138 bominum
1745 2077 1845 2138 liceat
1870 2076 1958 2136 hanc

1163 2175 1317 2252 paginam
1333 2176 1455 2236 nostrae
1469 2174 1744 2242 confirmationis,
1755 2175 1790 2236 et
1802 2172 1960 2236 coustitu-

1162 2273 1263 2334 tionis
1276 2272 1470 2350 infringere,
1483 2272 1537 2334 vel
1548 2273 1580 2334 ei
1593 2288 1679 2333 ausu
1689 2271 1867 2334 temerario
1877 2286 1960 2332 con-

1162 2372 1278 2434 traire.
1291 2372 1409 2448 Siquis
1422 2371 1533 2433 autem
1546 2371 1611 2432 boc
1620 2370 1783 2432 attentare
1798 2384 1958 2446 praesum-

1164 2471 1277 2546 pserit,
1295 2469 1557 2546 indignationem
1579 2468 1815 2546 omnipotentis
1835 2467 1906 2538 Dei,
1926 2467 1961 2529 et

1163 2568 1335 2630 beatorum
1356 2567 1447 2628 Petri
1464 2569 1497 2630 et
1511 2567 1609 2628 Pauli
1629 2565 1854 2644 apostolorum
1870 2567 1954 2641 ejus,

1164 2685 1200 2729 se
1226 2666 1357 2728 noverit
1389 2666 1613 2730 incursurum.
1640 2665 1758 2725 Datum
1781 2661 1957 2734 Laterani,

1165 2764 1273 2826 idibus
1288 2763 1489 2836 novembris,
1514 2762 1727 2840 pontificatus
1746 2760 1853 2823 nostri
1871 2775 1960 2821 anno

1164 2864 1270 2926 sexto.

1480 3084 1647 3172 XXVIII

1192 3239 1244 3298 Ad
1262 3235 1409 3308 abbates,
1430 3239 1579 3311 priores,
1599 3238 1755 3306 moesos,
1774 3233 1849 3306 etc,
1870 3246 1934 3308 per

1224 3337 1430 3396 lismensem
1449 3335 1669 3407 procinctam
1686 3331 1898 3393 coiastttutos.

1407 3474 1442 3532 ln
1462 3472 1627 3530 novembris
1641 3473 1721 3530 liii.

1270 3608 1406 3673 [bouquet
1421 3608 1479 3658 liae.
1495 3605 1538 3658 dea
1549 3606 1624 3664 illst..
1636 3611 1656 3656 t.
1670 3605 1737 3662 XIX,
1749 3618 1774 3669 p.
1785 3602 1853 3668 na]

1166 3733 1309 3790 Honorius
1323 3731 1466 3805 significat
1490 3746 1520 3788 se
1538 3729 1650 3787 dedisse
1673 3729 1807 3786 ilamensi
1824 3736 1852 3785 et
1870 3727 1962 3784 arciri-

1201 3822 1336 3895 episcopo
1351 3825 1532 3893 potestatem,
1549 3827 1580 3875 ut
1602 3819 1630 3875 in
1651 3818 1783 3876 ilamensi
1807 3825 1835 3873 et
1856 3815 1962 3874 Rotlro·

1201 3910 1333 3984 megensi
1353 3909 1508 3981 provinciis
1521 3908 1688 3964 vicesimam
1709 3913 1896 3980 proventuum
1912 3919 1960 3963 ec·

1201 4000 1424 4057 ctesiasticorum
1452 4011 1502 4068 per
1530 3997 1683 4052 triennium
1708 3994 1806 4068 jubeat
1826 3992 1963 4064 conferri,

1201 4103 1265 4161 qua
1281 4085 1446 4160 reparandis
1460 4085 1525 4144 belli
1540 4084 1705 4157 albigensis
1728 4081 1855 4142 cladibus
1877 4081 1960 4140 adbi-
2044 4125 2045 4128 ,

1201 4177 1312 4234 beatur.

1207 4311 1570 4388 Honoriusepiscopus,
1581 4326 1696 4371 servus
1709 4322 1881 4370 servorum
1890 4307 1963 4380 Dei,

1168 4411 1299 4473 dilectis
1315 4410 1395 4470 tiliis
1413 4409 1598 4480 abbatibus,
1615 4406 1795 4485 prioribus,
1813 4405 1962 4478 decanis,
2002 4471 2007 4480 ¹

1170 4508 1416 4572 archidiaconis
1434 4509 1467 4568 et
1480 4507 1558 4568 aliis
1573 4505 1792 4566 ecclesiarum
1816 4503 1965 4580 praelatis

1169 4621 1208 4665 ac
1237 4602 1369 4664 clericis
1396 4599 1564 4661 universis
1587 4614 1646 4677 per
1674 4601 1870 4666 Remensem
1886 4611 1967 4673 pro-

1169 4703 1314 4764 vinciam
1330 4699 1530 4770 constitutis
1544 4697 1697 4769 salutem,
1714 4698 1777 4758 etc.

1210 4801 1290 4859 Cum
1303 4795 1513 4859 venerabiles
1528 4795 1647 4856 iratres
1661 4793 1768 4856 nostri
1790 4793 1966 4855 Remensis

1170 4895 1442 4972 archiepiscopus
1457 4897 1496 4956 A.
1515 4895 1547 4954 S.
1564 4893 1694 4969 legatus
1709 4892 1742 4955 et
1759 4890 1966 4967 suffraganei

1169 4996 1234 5065 sui,
1251 4993 1449 5055 auctoritate
1459 4991 1610 5065 mandati·
1623 4990 1740 5061 nostri,
1754 5005 1820 5066 quo
1833 4989 1899 5066 ipsi
1913 5003 1968 5049 ar-

1170 5095 1383 5172 chiepiscopo
1400 5094 1550 5154 dedimus
1563 5093 1757 5168 potestatem
1773 5089 1918 5152 faciendi
1930 5091 1965 5150 in

1170 5210 1230 5254 sua
1246 5193 1279 5254 et
1291 5187 1552 5267 Rotbomagensi
1568 5189 1762 5266 provinciis,
1778 5189 1896 5250 tamin
1912 5187 1967 5249 in-

1170 5289 1351 5366 dulgentiis
1365 5305 1463 5366 quam
1479 5289 1514 5348 iu
1534 5287 1622 5359 aliis,
1640 5287 1838 5362 omniaque
1853 5285 1895 5346 ad
1909 5301 1968 5346 re-

1171 5388 1370 5450 levationem
1401 5385 1528 5461 negotii
1553 5385 1629 5445 iidei
1652 5385 1738 5462 quod
1760 5383 1967 5462 inpartibus

1171 5486 1358 5548 Provinciae
1386 5485 1515 5560 geritur
1548 5482 1764 5558 cognosceret
1790 5481 1965 5558 expedire,

1171 5583 1338 5646 communi
1365 5581 1505 5644 consilio
1528 5580 1563 5642 et
1588 5593 1754 5641 consensu
1775 5579 1964 5650 statuerint,

1171 5683 1208 5744 ut
1221 5681 1287 5758 ipsi
1303 5682 1335 5744 et
1348 5697 1462 5743 omnes
1478 5677 1612 5742 omnino
1628 5692 1779 5756 personae
1793 5675 1968 5739 ecclesias·
