4006 6346
252 345 350 410 543„

253 519 492 586 cognoscamus
513 505 550 566 in
576 503 732 583 praesenti
755 501 907 575 articulo,
935 519 1044 580 quan-

252 609 323 670 tum
342 605 382 666 de
401 607 459 666 tua
481 603 655 665 devotione
671 619 806 678 sperare
821 601 857 662 in
877 601 1045 678 posterum

254 703 443 775 debeamus,
487 717 592 778 eoque
619 700 777 762 libentius
807 699 865 761 tua
898 700 1045 776 tempore

254 802 437 880 opportuno
448 799 667 860 exaudiamus
679 798 881 874 precamina,
891 813 954 874 quo
968 813 1047 858 nos-

252 903 305 962 tra
320 897 568 960 meminerimus
584 897 646 958 ate
662 896 765 956 luisse
780 897 930 957 devotius
942 911 1047 956 exau-

253 999 333 1059 dita.
365 997 415 1056 Ne
439 995 549 1056 autem
576 994 752 1056 occasione
777 1010 985 1066 excessuum,
1018 993 1046 1053 si

255 1095 312 1174 qui
331 1095 443 1155 lorsan
466 1093 613 1170 ipsarum
628 1093 821 1167 treugarum
843 1094 991 1168 tempore
1011 1091 1046 1151 in

253 1192 484 1270 praeJudioium
497 1191 691 1252 alterutrius
707 1190 850 1266 partium
867 1191 943 1251 sunt
956 1205 1048 1250 com-

254 1289 359 1361 missi,
386 1288 590 1349 disturbetur
615 1288 806 1364 prorogatio
842 1287 1044 1360 earumdem,

254 1403 410 1464 rogamus
426 1387 471 1458 ut,
486 1387 552 1446 nisi
568 1386 602 1447 tu
625 1401 663 1447 ac
678 1385 750 1462 ipse
766 1401 827 1446 rex
838 1385 966 1460 Angliae
984 1403 1046 1445 su-

254 1501 313 1563 per
337 1485 388 1544 his
408 1484 585 1546 convenire
612 1484 762 1560 poteritis
784 1499 842 1560 per
862 1499 921 1546 vos
944 1485 1044 1561 ipsos,

254 1582 385 1658 eligatis
399 1582 618 1644 communiter
628 1582 758 1658 aliquos
771 1580 874 1642 bonos
887 1582 992 1654 viros,
1006 1582 1047 1642 ad

254 1697 394 1758 quorum
436 1681 611 1741 arbitrium
654 1697 812 1740 excessus
856 1679 1046 1756 hujusmodi

254 1778 471 1840 emendentur
495 1776 553 1858 (i).
580 1779 698 1840 Datum
720 1778 893 1849 Laterani,
919 1780 948 1838 X
977 1776 1044 1838 kal.

255 1877 378 1950 martii,
396 1893 483 1938 anno
500 1876 627 1938 octavo.

583 2145 717 2230 CXXX

374 2301 425 2360 Ad
436 2301 477 2358 B.
495 2297 655 2359 comitant
668 2299 926 2358 Posouieasem.

508 2428 540 2485 21
561 2426 694 2486 februarii
715 2427 793 2484 taut.

419 2553 511 2618 [Fciam
525 2552 585 2604 God.
602 2551 717 2616 diplom„
728 2553 771 2610 Ill,
784 2553 803 2608 l,
817 2550 884 2616 tto]

255 2683 351 2741 Mouet
374 2694 441 2736 curn
463 2685 493 2735 ut
511 2679 539 2734 iu
563 2677 619 2734 hdc
640 2685 668 2734 ct
686 2676 838 2734 devotione
866 2677 940 2734 Belae
971 2678 1048 2750 regis

496 2767 629 2840 persistet
643 2766 805 2824 immobilis.

293 2892 471 2963 Honorius,
498 2905 614 2952 servus
644 2905 815 2950 servorum
837 2890 908 2962 Dei,
928 2890 1047 2952 dilecto

254 2991 323 3052 lilio
344 2990 456 3052 comiti
476 2987 684 3059 Posoniensi,
706 2988 847 3049 salutem
861 2990 1049 3066 ethposto-

254 3089 354 3151 licam
368 3087 642 3148 benedictionem.

294 3189 340 3247 Eo
363 3185 440 3246 fidei
461 3185 526 3244 tuae
551 3183 737 3243 constantia
753 3184 859 3258 magis
875 3184 1047 3260 splendere

255 3283 460 3359 dignoscitur
493 3295 557 3356 quo
589 3280 625 3338 in
660 3283 785 3356 maj0re
818 3281 983 3341 carissimi
1013 3283 1047 3342 in

254 3379 384 3442 Christo
407 3377 519 3439 fratris
540 3377 645 3438 nostri
663 3379 698 3436 Β.
713 3377 813 3452 regis,
836 3377 1047 3454 primogeniti

254 3477 418 3542 carissimi
448 3475 484 3536 in
508 3474 639 3536 Cluisto
672 3473 786 3535 Fratris
819 3475 925 3536 nostri
956 3477 1046 3552 regis

290 3635 331 3711 (l)
352 3635 424 3705 Quid
447 3633 482 3692 ad
502 3633 618 3691 lionorii
640 3639 764 3690 mantem
785 3633 870 3689 otiam
890 3636 982 3707 egerit
998 3651 1047 3692 rex

256 3709 404 3776 ilenricus,
420 3707 557 3764 discimus
571 3720 606 3762 ex
621 3704 750 3778 ejusdem
769 3704 869 3761 litteris
889 3721 960 3778 ques
978 3708 1047 3764 reci·

254 3788 295 3838 tat
308 3782 338 3836 F.
357 3781 471 3853 Rymer,
482 3786 501 3834 t.
514 3779 536 3844 Ι,
553 3785 623 3849 part.
638 3791 657 3844 1,
672 3792 699 3848 p.
712 3776 764 3832 90:

292 3853 375 3908 «Rex
388 3848 597 3906 constabulario
613 3847 762 3914 borrensi,
779 3847 909 3903 salutem.
927 3848 1044 3906 blanda-

254 3937 319 3978 mus
332 3921 381 3978 tibi
417 3919 472 3976 uod
485 3918 640 3975 denuncias
652 3918 805 3974 baronibus
815 3918 960 3977 nostrisdc
969 3921 1047 3992 quin·

255 4006 309 4062 que
329 3936 455 4062 ponitus
480 3997 509 4045 et
537 3988 741 4046 mercatoribus
763 3996 843 4046 torre
866 3999 979 4056 nostrat,
995 3990 1046 4048 ire·

253 4061 404 4134 quentibus
428 4062 500 4116 inter
527 4061 614 4130 ipsos,
631 4065 661 4114 ut
676 4074 706 4116 so
733 4061 810 4130 ipsos
833 4062 989 4118 certificent
1017 4063 1045 4118 in

274 4131 356 4189 uibus
371 4138 399 4187 et
417 4130 445 4185 in
462 4130 575 4200 quantis
594 4135 623 4182 et
645 4144 694 4199 por
714 4143 786 4200 quos
805 4129 839 4185 do
860 4146 944 4202 posse
968 4133 1045 4205 regis

254 4149 382 4261 {runcise
401 4199 575 4256 damnificati
592 4197 696 4255 luerint
710 4205 808 4255 contra
827 4199 901 4257 hanc
917 4203 1045 4259 ultimam

252 4283 384 4357 treugam
409 4279 528 4343 quatuor
549 4282 699 4336 annorum,
720 4277 833 4340 captam
852 4271 925 4328 inter
944 4288 997 4328 nos
1017 4280 1046 4330 et

181 4401 189 4412 ,
254 4345 413 4417 Philippum
427 4341 571 4413 quondam
587 4353 685 4411 rogem
702 4341 915 4412 Frenumque
937 4343 1045 4400 scilicet

253 4425 353 4498 treuga
371 4414 503 4471 duratura
522 4418 565 4467 est
583 4409 722 4481 usquead
743 4410 853 4466 instans
870 4412 999 4482 Pascha;
1018 4421 1046 4470 et

254 4487 421 4561 provideant
436 4484 490 4556 ipsi
505 4482 627 4556 barones
642 4487 668 4537 ct
687 4488 870 4546 mercatores,
887 4491 917 4538 ut
929 4483 964 4540 de
980 4499 1042 4541 otn-

252 4558 335 4616 nibus
350 4556 493 4630 praedictis
507 4554 598 4611 sciant
615 4553 771 4609 certificare
787 4552 906 4610 nuncios
921 4561 1043 4625 nostros,

253 4644 325 4701 quos
351 4627 499 4684 mittemus
529 4624 603 4696 apud
627 4625 655 4681 S.
679 4623 813 4688 Adamar,
837 4624 865 4679 in
894 4639 1044 4683 occursum

252 4699 420 4756 nunciorum
449 4698 528 4768 regis
551 4695 677 4752 Franeiae
697 4694 732 4752 ad
752 4693 924 4752 dominicam
949 4697 1043 4766 proxi·

252 4783 330 4828 mam
346 4777 411 4826 anto
424 4767 534 4824 Pascha
550 4767 691 4832 lloridurn,
707 4782 757 4838 pro
771 4767 873 4822 talibus
888 4766 1045 4838 interprisis

252 4839 441 4898 communitor
465 4835 661 4904 emendandis
681 4844 709 4893 ot
729 4837 803 4908 quod
826 4845 923 4894 contra
946 4839 1042 4894 termi-

251 4927 318 4968 num
340 4911 418 4966 illum
445 4906 626 4979 probationes
645 4922 713 4962 suas
734 4916 846 4979 paratas
866 4908 999 4976 habeant,
1015 4917 1044 4966 et

251 4982 291 5040 illi
312 4979 433 5054 prompti
452 4978 508 5034 sint
524 4976 559 5032 ed
578 4979 806 5048 prosequendum
823 4987 852 5036 ct
867 4981 1042 5052 responden-

252 5055 318 5112 durn
335 5052 397 5110 aliis
416 5049 452 5106 de
475 5061 566 5119 regno
588 5047 724 5115 Francia,
741 5051 764 5104 si
782 5065 853 5120 quos
873 5051 1044 5108 offenderint

251 5133 348 5183 contra
366 5131 496 5194 treugam
513 5117 685 5188 praedictam.
700 5120 782 5176 Peste
800 5123 832 5176 Ε.
853 5121 1043 5180 bondoniensi

250 5190 779 5326 gpistcobpo,apudWestmouasterium,
789 5193 924 5248 vicesimo
940 5202 1043 5264 quarto

271 5282 296 5323 re
321 5282 336 5322 e
358 5280 481 5322 ruant.»

283 5338 387 5394 Eodem
406 5334 485 5390 otodo
501 5329 638 5388 scribitur
652 5329 751 5401 majori
776 5339 804 5387 et
826 5333 1042 5394 vicecomitibus

250 5406 389 5473 london,
407 5412 474 5470 etc,
491 5401 546 5458 hoc
566 5407 673 5458 mutato
693 5400 768 5472 quod
782 5403 957 5461 certificandi
978 5414 1042 5463 sunt

249 5477 345 5535 nuncii
360 5474 468 5533 domini
488 5475 574 5556 regis,
590 5487 661 5544 quos
683 5473 775 5528 mittet
788 5475 816 5530 in
831 5475 967 5533 marchiis
980 5479 1042 5534 Pic-

249 5549 333 5608 tavine
345 5555 373 5604 et
387 5546 573 5618 andegaviae,
586 5545 661 5600 circa
676 5543 784 5600 instans
797 5545 916 5603 Pascha.

285 5623 363 5684 ltrm,
380 5617 489 5674 itatem.
506 5637 517 5665 ‹
534 5617 592 5670 ltcx
604 5615 737 5671 omuibus
750 5615 785 5672 ad
795 5631 866 5687 quos
886 5625 1041 5688 presentes

250 5693 349 5749 littera
374 5687 564 5762 pervenerint,
585 5686 716 5743 salutem.
743 5687 884 5744 Noveritis
905 5701 957 5745 nos
976 5703 1041 5746 con—

868 343 1044 404 HONORII
1066 343 1111 402 111
1134 343 1281 402 OPERA.

1839 345 1895 403 544

1100 502 1281 579 Hungariae
1301 501 1442 564 illustris
1464 499 1678 574 adversitate,
1694 501 1730 562 in
1744 515 1810 578 qua
1825 503 1895 566 sola

1101 599 1334 676 comprobatur
1350 600 1495 673 dilectio,
1517 617 1576 678 pro
1596 601 1670 676 ipso
1688 599 1852 676 intrepide
1864 603 1896 662 et

1101 699 1275 774 pecuniam
1291 699 1324 760 et
1346 714 1399 759 res
1421 701 1495 760 tuas
1517 699 1701 775 exposuisti
1725 698 1893 775 periculis

1101 797 1132 856 ei
1154 795 1353 857 adhaerendo
1376 796 1529 869 tideliter,
1550 797 1583 857 et
1603 795 1754 857 habendo
1777 797 1891 872 ipsius,

1102 894 1137 954 ut
1151 894 1276 954 domini
1291 895 1340 955 tui
1358 895 1553 966 custodiam,
1572 895 1605 954 et
1626 910 1739 954 curam
1753 895 1786 956 et
1803 894 1897 955 solli-

1102 992 1282 1053 citudinem
1307 993 1504 1054 exercendo.
1528 993 1610 1064 Quia
1626 1007 1705 1053 vero
1725 1008 1792 1053 non
1812 992 1896 1052 inci-

1101 1089 1267 1166 pientibus
1290 1091 1346 1150 sed
1370 1089 1659 1166 perseverantibus
1686 1105 1810 1150 corona
1838 1090 1897 1150 de-

1101 1184 1207 1258 betur,
1244 1183 1451 1246 nobilitatem
1486 1185 1577 1246 tuam
1613 1199 1800 1256 monemuS,
1838 1199 1896 1260 per

1101 1281 1291 1358 Apostolica
1332 1281 1456 1358 scripta
1494 1281 1688 1342 mandantes
1726 1282 1893 1352 attentius,

1103 1380 1264 1456 quatenus
1282 1380 1317 1440 in
1335 1379 1399 1440 fide
1414 1381 1447 1442 et
1459 1379 1634 1440 devotione
1655 1379 1760 1456 ipsius
1772 1379 1898 1456 persis·

1102 1479 1174 1539 tens
1190 1477 1380 1550 immobilis,
1399 1479 1504 1553 magis
1520 1494 1559 1538 ac
1575 1478 1681 1552 magis
1696 1477 1736 1538 ad
1751 1480 1823 1554 ejus
1835 1494 1896 1540 ac-

1102 1576 1256 1636 cendaris
1280 1576 1453 1636 servitium
1477 1575 1509 1636 ct
1535 1575 1716 1650 honorem3
1738 1575 1791 1635 his
1809 1577 1898 1636 enini

1102 1674 1260 1734 Dominus
1277 1673 1375 1734 tinem
1388 1673 1490 1745 dabit,
1504 1674 1537 1734 ct
1549 1673 1583 1733 in
1599 1689 1755 1734 serenum
1767 1674 1898 1734 tandem

1102 1769 1252 1831 nubilum
1268 1772 1490 1833 convertetur.
1501 1771 1618 1832 Datum
1631 1771 1799 1842 Laterani,
1809 1787 1898 1832 nono

1104 1869 1264 1930 kalendas
1280 1871 1401 1942 martii,
1417 1885 1504 1930 anno
1520 1869 1648 1930 octavo.

1423 2139 1594 2244 CXXXl

1203 2303 1254 2360 Ad
1268 2303 1445 2362 Androcus
1459 2315 1578 2376 repara
1591 2303 1798 2376 Htotgort'ca.

1362 2433 1394 2490 il
1409 2430 1542 2490 fabruarii
1557 2432 1636 2490 tait.

1272 2559 1365 2623 [Fejcn
1378 2558 1438 2608 Cod.
1450 2557 1567 2622 diplom..
1583 2557 1626 2615 lli,
1636 2571 1654 2614 r,
1666 2556 1733 2619 iduh]

1104 2685 1245 2741 llonorius
1267 2667 1360 2740 anad
1382 2684 1527 2752 comitem,
1551 2683 1678 2755 aliosque
1699 2681 1785 2750 Belo,
1808 2691 1898 2755 patna

1112 2837 1118 2847 ¹
1139 2771 1496 2842 extorrissociosdndrcae
1505 2773 1577 2844 regi,
1588 2787 1624 2829 nc
1633 2771 1659 2828 id
1670 2771 1898 2845 propterdamna

1139 2863 1292 2935 patiantur,
1308 2861 1500 2920 commendat.

1143 2991 1322 3062 Honorius
1341 2988 1463 3050 illustri
1479 2987 1551 3064 regi
1567 2987 1759 3064 Hungariae.

1144 3092 1249 3160 Quum
1270 3087 1392 3148 nobilis
1411 3087 1464 3148 vir
1484 3089 1520 3146 B.
1538 3101 1647 3147 comes
1668 3084 1707 3146 de
1727 3076 1849 3156 Poson,
1867 3085 1900 3146 et

1104 3187 1237 3262 quidam
1260 3185 1319 3246 alii
1342 3201 1416 3246 cum
1437 3184 1612 3245 carissimo
1627 3185 1662 3244 in
1678 3183 1809 3244 Christo
1829 3183 1898 3244 lilio

1103 3283 1217 3344 nostro
1229 3286 1264 3343 B.
1278 3299 1368 3358 rege,
1383 3282 1603 3360 primogenito
1618 3284 1675 3343 tuo
1686 3281 1720 3341 in
1733 3283 1824 3342 terra
1838 3299 1900 3344 no-

1102 3379 1179 3441 bilis
1194 3381 1270 3452 viri,
1292 3381 1386 3442 ducis
1401 3381 1544 3442 nustriae
1564 3396 1623 3456 pro
1639 3382 1711 3456 ejus
1726 3379 1853 3440 bonore
1867 3381 1900 3442 et

1103 3477 1252 3538 custodia
1274 3478 1530 3549 commorentur,
1548 3491 1650 3552 grave
1669 3475 1769 3536 nimis
1791 3477 1823 3538 et
1843 3475 1901 3538 iu-

1102 3637 1223 3696 ccssisse
1248 3643 1278 3693 et
1299 3635 1418 3694 tirmiter
1443 3643 1615 3703 croantasse,
1640 3633 1715 3706 quod
1739 3649 1772 3692 ea
1800 3637 1899 3692 omnia

1101 3723 1165 3780 quae
1178 3717 1299 3781 quatuor
1315 3707 1457 3775 attornati,
1481 3707 1538 3764 duo
1555 3707 1686 3764 videlicet
1698 3721 1733 3762 eu
1748 3714 1829 3778 parte
1844 3707 1898 3763 do-

1102 3781 1171 3836 mini
1186 3780 1264 3852 regis
1279 3782 1462 3848 Francorum,
1477 3786 1505 3835 ct
1517 3777 1573 3834 duo
1588 3793 1623 3834 cu
1639 3785 1721 3860 parte
1734 3783 1841 3860 nostra,
1852 3778 1899 3834 vel

1100 3858 1281 3918 tusscorum,
1298 3865 1348 3922 per
1368 3855 1578 3906 sacramentum
1596 3863 1678 3906 suum
1694 3848 1815 3904 discunt
1832 3863 1898 3920 per·

1101 3920 1236 3978 solvenda
1252 3936 1338 3992 super
1352 3920 1465 3987 debitis,
1481 3919 1594 3976 damnis
1608 3927 1637 3977 et
1649 3917 1803 4002 deperditis
1819 3933 1898 3975 mer·

1100 4001 1227 4048 catorum
1243 3999 1271 4048 et
1288 3992 1407 4048 aliorum
1428 3990 1575 4048 hominum
1590 3991 1698 4048 domim
1713 3991 1790 4062 regis
1806 3992 1897 4048 Frau-

1100 4077 1208 4132 corum,
1225 4061 1307 4118 lactis
1326 4059 1398 4118 inira
1420 4059 1495 4118 hanc
1516 4062 1644 4118 ultimam
1665 4069 1806 4134 treugam,
1821 4060 1899 4120 bona

1100 4132 1155 4190 lide
1170 4134 1199 4189 in
1220 4133 1362 4258 intergrum
1383 4133 1592 4205 persolvemus3
1618 4139 1645 4188 et
1668 4133 1692 4188 si
1716 4146 1773 4187 non
1796 4141 1898 4202 potue-

1100 4205 1156 4261 rint
1178 4218 1282 4260 concor
1304 4204 1344 4260 eri
1364 4203 1418 4276 ipsi
1438 4211 1557 4275 quatuor
1574 4204 1619 4260 vel
1640 4211 1698 4260 tres
1719 4203 1822 4269 exeis,
1845 4219 1899 4274 per

1101 4275 1310 4332 sacramentum
1326 4289 1408 4331 suurn
1424 4275 1532 4346 eligent
1545 4274 1673 4345 quintum
1685 4273 1751 4330 dicti
1761 4281 1896 4345 quatuor,

1100 4353 1128 4402 et
1143 4343 1217 4417 quod
1233 4345 1279 4400 ille
1294 4346 1408 4417 quintus
1427 4360 1492 4402 cum
1513 4343 1622 4400 duobus
1645 4345 1755 4401 illorum
1776 4353 1899 4416 quatuor

1100 4416 1135 4472 do
1156 4415 1296 4488 predictis
1314 4415 1436 4473 dixerint
1456 4415 1685 4487 persolvendum,
1705 4415 1834 4487 plenarie
1853 4418 1897 4472 si-

1100 4487 1203 4544 militer
1236 4487 1421 4544 crsolvcmus.
1438 4489 1470 4543 ln
1485 4486 1566 4560 cujus
1579 4487 1643 4550 fide,
1660 4494 1714 4543 etc.
1727 4488 1837 4542 Foster
1881 4502 1899 4544 c

1100 4558 1175 4630 apud
1210 4503 1511 4615 el'astmonasterium.
1546 4558 1680 4614 vicesimo
1716 4557 1816 4628 quinto
1870 4559 1899 4615 ie

1100 4629 1204 4696 martii,
1221 4643 1296 4684 anno
1323 4628 1404 4700 regni
1431 4634 1543 4695 octavo,
1568 4643 1664 4684 coram
1684 4626 1800 4705 domino
1820 4629 1897 4684 Can-

1100 4700 1235 4757 tuariensi
1261 4699 1477 4770 archiepiscopo
1502 4697 1627 4756 liuberto
1642 4699 1677 4755 de
1696 4700 1792 4771 Burgo
1808 4697 1897 4771 justi·

1099 4771 1201 4853 ciario,
1236 4778 1264 4827 et
1299 4769 1483 4827 bathoniensi
1511 4778 1540 4827 et
1572 4769 1783 4828 saresberiensi
1815 4769 1896 4842 epis·

1099 4856 1219 4978 eoftlesrn:
1229 4911 1339 4979 ididem,
1369 4927 1396 4984 p.
1414 4911 1457 4968 92.
1479 4933 1491 4962 ‹
1511 4911 1633 4968 Domino
1648 4925 1710 4978 suo,
1733 4909 1847 4983 quando
1869 4911 1898 4968 ei

1100 4983 1250 5062 placuerit,
1283 4982 1443 5051 Ludovico,
1475 4984 1525 5040 Dei
1559 4983 1666 5054 gratie,
1698 4982 1798 5039 illustri
1831 4985 1898 5056 regi

1099 5056 1283 5120 Francorum,
1307 5054 1448 5112 ilenricus
1473 5053 1574 5110 eadem
1598 5054 1691 5136 gratia
1716 5068 1765 5108 ren
1788 5053 1899 5126 hogio

1099 5140 1171 5192 rum,
1189 5125 1308 5180 salutem
1324 5131 1352 5179 et
1366 5123 1558 5191 dilectionem.
1575 5124 1712 5181 Mittimus
1727 5124 1762 5180 ad
1777 5137 1830 5180 vos
1846 5123 1895 5180 di-

1098 5196 1187 5252 lectos
1207 5195 1288 5251 nobis
1310 5194 1339 5250 in
1361 5195 1481 5262 Christo,
1498 5193 1614 5251 l'ratrcm
1638 5195 1760 5251 Alanum
1781 5196 1894 5263 llartel,

1099 5283 1143 5322 ma
1168 5267 1268 5322 istrum
1285 5265 1392 5322 militiae
1411 5267 1520 5338 Templi
1538 5265 1565 5321 in
1584 5266 1698 5338 buglis,
1720 5273 1749 5322 et
1768 5267 1897 5338 priorem

1098 5337 1133 5393 dc
1146 5281 1272 5393 {anton
1293 5344 1321 5392 et
1345 5338 1513 5408 magistrum
1536 5337 1570 5392 li.
1591 5337 1793 5393 cancellarium
1815 5337 1895 5394 Lon·

1097 5407 1277 5466 doniensem.
1294 5405 1395 5477 quibus
1410 5406 1494 5463 hdem
1507 5407 1614 5464 habere
1629 5407 1722 5464 velitis
1741 5421 1827 5480 super
1846 5406 1897 5465 his

1097 5493 1160 5549 quoe
1173 5478 1254 5534 vobis
1271 5477 1392 5534 dixerint
1410 5493 1445 5534 eu
1461 5487 1541 5551 parto
1562 5487 1670 5546 nostra,
1681 5478 1716 5534 de
1728 5477 1839 5604 treugis
1852 5479 1897 5536 in·

1097 5556 1139 5605 tar
1163 5565 1214 5605 vos
1236 5555 1264 5606 et
1288 5563 1340 5604 nos
1364 5548 1552 5622 prorogandis
1572 5565 1605 5605 us
1627 5563 1662 5605 ue
1681 5547 1717 5605 ed
1736 5563 1791 5620 que
1814 5550 1893 5606 rien·

1097 5620 1217 5684 nium,a
1242 5619 1351 5683 Pascha
1368 5633 1443 5675 anno
1462 5621 1563 5693 gratiae
1585 5565 1771 5678 ufficxxtv:
1793 5618 1894 5677 scituri

1095 5689 1170 5762 quod
1191 5697 1281 5748 ratum
1306 5698 1334 5747 ct
1355 5697 1469 5762 gratum
1494 5690 1661 5748 habebimus
1679 5688 1813 5764 quicquid
1838 5691 1895 5764 ipsi
