4002 6326
257 327 317 390 315
694 368 700 380 .
869 323 1055 386 ·HONORII
1078 322 1123 384 III
1144 322 1292 384 OPERA.
1840 325 1904 386 aie

591 491 713 582 XCVI

259 647 311 710 Ad
334 646 497 708 Joccbom
530 642 870 718 archipresbyterum
906 643 1050 704 Partem-

605 756 700 802 aare.

540 873 558 930 a
578 871 677 944 aprilis
690 869 769 930 liti.

390 994 543 1064 [Cornelius
561 995 680 1047 Ecclesiae
692 992 857 1054 Venetam,
874 991 926 1057 in]

257 1112 374 1172 Mandat
389 1119 419 1169 ut
434 1112 463 1168 in
478 1126 564 1168 causa
581 1111 655 1168 inter
671 1111 695 1168 J.
712 1108 866 1188 plebanum
880 1110 909 1166 S.
925 1106 1053 1166 Silvestri

293 1209 323 1259 ct
340 1201 492 1274 plebanum
504 1199 680 1271 clericosque
697 1199 726 1257 S.
749 1197 922 1270 Apollinaris
936 1195 972 1254 de
993 1197 1051 1256 Va·

292 1290 377 1348 netiis
391 1296 529 1359 vertente,
542 1285 664 1345 decidat.

297 1415 465 1481 Honorius
474 1414 660 1491 episcopua,
673 1427 789 1474 servus
797 1426 970 1474 servorum
978 1410 1050 1480 Dei,

259 1511 379 1574 dilecto
403 1511 473 1574 lilio
492 1509 780 1587 archipresbytero
805 1508 975 1580 Paduano,
997 1523 1054 1568 sa-

257 1609 359 1672 lutem
374 1611 407 1670 et
420 1608 646 1685 apostolicam
661 1607 936 1696 benedictionem.

297 1706 444 1768 Dilectus
468 1705 557 1766 tilius
584 1707 614 1768 J.
646 1703 805 1781 plebanus
833 1705 866 1764 S.
892 1701 1052 1780 sylvestri

257 1801 353 1893 nobis
368 1802 600 1880 conquerendo
616 1802 814 1863 monstravit
829 1800 915 1878 quod
933 1799 1051 1876 pleba-

173 1895 178 1907 ‘
258 1918 332 1964 mus
345 1901 380 1963 et
398 1900 512 1962 clerici
524 1901 557 1961 S.
572 1898 775 1975 Apollinaris
790 1896 831 1959 de
845 1897 1006 1968 venetiis,
1021 1897 1053 1958 et

257 1997 391 2083 quidam
409 1997 467 2058 alii
488 1997 602 2058 clerici
619 1999 653 2058 et
666 1995 743 2056 laici
760 1995 956 2056 castellanae
969 1993 1055 2054 dioe-

257 2097 344 2158 cesis
367 2111 467 2172 super
482 2093 677 2170 quibusdam
698 2091 846 2162 decImis,
868 2091 1053 2168 possessio-

257 2191 356 2254 nibus
391 2193 424 2253 et
462 2191 561 2252 rebus
597 2190 673 2251 aliis
699 2189 906 2267 inJ'uriantur
933 2187 1051 2250 eidem.

258 2289 401 2366 Ideoque
442 2288 635 2350 discretioni
669 2288 734 2348 tuae
773 2302 832 2362 per
863 2285 1052 2362 apostolica

260 2387 384 2463 scripta
400 2385 606 2457 mandamns,
627 2385 789 2462 quatenns
802 2383 952 2462 partibus
967 2398 1050 2444 con-

257 2483 396 2555 vocatis,
414 2481 532 2544 audias
547 2497 681 2544 causam
702 2483 735 2543 ct
753 2480 976 2558 appellatione
993 2493 1052 2540 re-

258 2581 348 2644 mota
363 2579 473 2642 debito
493 2577 559 2641 llne
581 2577 725 2650 decidas
743 2577 869 2639 iaciens
892 2577 979 2654 quod
994 2576 1053 2637 de-

259 2675 406 2738 creveris
429 2690 489 2752 per
511 2689 686 2736 censuram
705 2673 966 2736 ecclesiasticam
989 2671 1051 2732 lir-

257 2773 356 2836 miter
383 2771 564 2835 observari.
582 2771 695 2832 Testes
719 2772 830 2832 autem
855 2769 913 2848 qui
929 2768 1054 2831 luerint

258 2869 432 2943 nominati,
448 2869 476 2930 si
494 2886 529 2930 se
544 2867 664 2946 gratia,
681 2867 756 2930 odio
770 2867 824 2928 rel
836 2867 956 2929 timore
974 2865 1053 2926 sub-

257 2967 433 3040 traxerint,
454 2982 515 3045 per
539 2981 713 3028 censuram
728 2964 888 3036 eamdem,
903 2961 1054 3041 appella-

256 3065 348 3127 tione
371 3065 532 3137 cessante,
555 3063 734 3140 compellas
753 3061 887 3124 veritati
901 3061 1053 3123 testimo-

258 3161 352 3224 nium
377 3161 563 3238 perhibere.
594 3161 711 3222 Datum
743 3157 919 3230 Laterani,
953 3158 1052 3220 nonis

259 3257 387 3335 aprilis,
404 3257 615 3337 pontificatus
630 3257 734 3319 nostri
753 3272 841 3318 anno
859 3255 1011 3334 septimo.

584 3586 727 3673 XCVII

257 3741 310 3800 Ad
330 3739 625 3814 orcbteptsecpom
638 3739 891 3807 Treuirenscm,
911 3735 944 3797 et
959 3735 1053 3808 epis-

296 3850 397 3911 copos
419 3836 621 3907 aletensem,
652 3837 902 3896 Vtrdeoerasem
921 3833 956 3894 et
975 3835 1054 3895 aar·

297 3937 438 3996 ensem.

540 4011 556 4066 7
573 4007 670 4082 aprile
690 4008 769 4066 itti.

366 4131 524 4200 [Ilontheim
536 4131 648 4182 Historia
660 4131 825 4190 Trerirensis,
841 4131 863 4194 1,
876 4130 944 4197 tib]

259 4259 402 4318 Honorius
422 4259 525 4326 sancit,
540 4265 572 4316 ut
590 4257 686 4316 nullus
706 4256 861 4330 provincie
877 4256 1054 4315 'trevirensis

293 4355 425 4407 teneatur
445 4345 628 4420 respondere,
649 4344 695 4402 nbi
719 4360 776 4402 non
798 4351 842 4402 est
864 4344 946 4418 copia
964 4343 1050 4418 juris-

291 4437 456 4511 peritorum.

296 4561 463 4626 Honorius
469 4562 656 4639 episcopus,
668 4575 785 4622 servus
797 4575 971 4622 serrorum
978 4561 1050 4632 Dei,

255 4659 501 4725 venerabilibus
530 4658 690 4722 iratribus
711 4657 905 4720 Trevirensi
933 4657 1051 4718 archi-

1107 481 1181 559 plns
1207 482 1341 559 placere
1366 479 1533 544 nobilibus
1566 481 1772 561 quibusdam,
1799 497 1903 560 quam

1106 578 1236 642 deterre
1252 578 1393 656 laetitiae
1418 580 1598 656 cupientes,
1624 581 1702 642 dum
1724 596 1842 642 causas
1858 580 1905 642 ab

1106 676 1296 753 apostolica
1323 677 1408 738 Sede
1440 677 1505 738 sibi
1532 679 1726 738 commissas
1754 679 1789 738 in
1816 677 1905 738 locis

1105 775 1250 836 tractant
1273 773 1408 846 vilibus,
1436 775 1471 835 in
1491 774 1610 851 quibus
1629 775 1905 853 jurisperitorum

1107 871 1202 947 copia
1224 887 1290 932 non
1319 871 1471 944 habetur,
1494 872 1528 933 in
1557 887 1616 934 sno
1651 873 1718 934 sint
1744 887 1908 948 processu

1042 1033 1046 1042 ,
1107 969 1305 1045 praecipites,
1322 984 1387 1030 non
1400 969 1541 1031 rationIs
1550 969 1724 1046 judicium,
1741 969 1798 1030 sed
1814 985 1908 1047 prae-

1107 1063 1270 1126 dictorum
1299 1067 1473 1142 sequentes
1507 1065 1668 1127 nobilium
1695 1065 1905 1141 voluntates3

1107 1163 1242 1239 propter
1256 1162 1341 1238 qnod
1353 1161 1587 1240 frequenterin
1599 1163 1714 1225 eadem
1730 1164 1907 1240 provincia

1107 1259 1263 1320 scandala
1275 1260 1437 1322 oriuntur.
1451 1263 1559 1332 Quare
1570 1256 1907 1338 adhiberisuperhoc

1105 1357 1305 1433 Apostolicae
1316 1357 1625 1434 circumspectionis
1640 1359 1816 1419 consilium
1827 1375 1908 1435 sup-

1107 1453 1267 1530 plicastis.
1285 1455 1355 1516 Nos
1370 1469 1450 1531 ergo
1463 1456 1585 1518 vestris
1601 1454 1905 1533 supplicationibus

1108 1551 1276 1624 inclinati,
1321 1553 1535 1629 presentium
1569 1551 1665 1615 vohis
1705 1553 1907 1614 auctoritate

1107 1649 1330 1722 concedimus,
1343 1651 1379 1711 ut
1389 1665 1449 1727 per
1456 1651 1707 1712 commissiones
1718 1651 1832 1712 contra
1841 1665 1907 1712 vos

1107 1745 1148 1808 ad
1163 1745 1247 1808 tales
1262 1746 1413 1811 obtentas
1429 1763 1495 1808 non
1511 1747 1575 1808 nisi
1591 1748 1626 1808 in
1642 1747 1842 1818 civilatibus,
1869 1747 1907 1807 in

1107 1842 1226 1920 qulbus
1247 1859 1321 1905 esse
1338 1844 1611 1922 jurisperitorum
1638 1845 1733 1922 copia
1756 1859 1907 1907 consue-

1107 1941 1165 2012 vit,
1190 1957 1232 2001 ne
1253 1941 1331 2018 quid
1346 1943 1544 2018 ignorantiae
1561 1943 1711 2004 cecitate
1732 1943 1909 2018 contingat

1107 2038 1142 2098 in
1162 2039 1250 2115 juris
1273 2038 1502 2115 praejudicinm
1524 2040 1693 2112 attentari,
1715 2055 1828 2102 coram
1854 2040 1907 2100 eis

1105 2135 1288 2196 teneamini
1314 2136 1525 2213 respondere.
1548 2137 1641 2198 Nulli
1662 2151 1741 2214 ergo
1767 2135 1907 2200 omnino

1108 2231 1277 2292 homInnm
1295 2232 1392 2293 liceat
1406 2233 1493 2294 lianc
1506 2233 1661 2310 paginam
1677 2235 1799 2296 nostrae
1818 2249 1907 2296 con-

1108 2329 1268 2389 cessionis
1287 2329 1480 2406 inlringere‚
1504 2331 1557 2391 vel
1572 2331 1604 2391 ei
1620 2346 1704 2392 ausu
1723 2332 1907 2394 temerario

1108 2426 1285 2487 contraire.
1304 2428 1339 2488 Si
1356 2429 1430 2503 quis
1443 2429 1552 2488 autern
1567 2427 1630 2489 hoc
1646 2429 1811 2490 attentare
1821 2444 1908 2505 prae·

1108 2524 1295 2600 sumpserit,
1350 2523 1614 2600 indignationem
1667 2526 1908 2602 omnipotentis

1107 2621 1167 2682 Dei
1182 2623 1215 2682 et
1228 2620 1379 2682 divorum
1395 2622 1489 2684 Petri
1510 2624 1543 2684 et
1560 2619 1657 2684 Pauli
1676 2623 1908 2699 apostolorum

1108 2734 1143 2780 se
1165 2719 1295 2782 noverit
1320 2720 1543 2780 incursurum.
1574 2721 1693 2783 Datum
1727 2721 1905 2794 Laterani,

1107 2817 1167 2878 VII
1191 2815 1266 2875 idus
1292 2816 1420 2893 aprilis,
1448 2817 1660 2896 pontificatus
1684 2817 1791 2881 nostri
1815 2831 1907 2880 anno

1108 2912 1266 2989 septimo.

1416 3234 1581 3324 XCVIII

1147 3404 1200 3464 Ad
1214 3403 1451 3466 Christianum
1471 3409 1670 3481 episcopum
1689 3411 1863 3471 Praesta.

1392 3535 1408 3594 7
1426 3535 1523 3608 aprilis
1543 3535 1622 3596 litt.

1192 3655 1287 3720 [Volat
1300 3657 1362 3710 Cod.
1377 3657 1486 3722 diplom.
1501 3659 1620 3720 Pruseiae,
1634 3660 1654 3720 I,
1672 3661 1711 3722 ts,
1722 3675 1753 3712 n.
1771 3662 1823 3727 is]
1922 3732 1928 3740 ι

1107 3779 1244 3838 Annuum
1267 3781 1370 3855 viginti
1394 3797 1557 3841 marcarum
1577 3783 1720 3844 redditum
1737 3785 1907 3846 abAlberto

1143 3867 1310 3926 marchione
1327 3869 1577 3945 Brandeburgensi
1590 3887 1760 3932 concessum
1773 3882 1803 3934 et
1814 3875 1904 3934 liber·
1998 3949 1999 3952 Ἴ

1142 3964 1225 4026 tates,
1250 3958 1446 4016 immunitates
1465 3975 1499 4018 ac
1521 3961 1718 4036 exemptiones
1738 3962 1774 4020 ab
1799 3963 1907 4022 eodem

1143 4044 1232 4104 nobili
1247 4044 1381 4118 indultas,
1397 4047 1424 4103 ei
1439 4048 1599 4108 conllrmat.

1146 4171 1314 4233 Honorius
1329 4171 1821 4250 episcopus,servnsserrorum
1830 4179 1905 4252 Dei,

1108 4267 1229 4330 dilecto
1254 4267 1323 4330 lilio
1352 4271 1541 4333 Christiano
1565 4273 1721 4351 episcopo
1741 4276 1904 4348 Prassiae,

1107 4366 1249 4428 salutem
1265 4367 1297 4426 et
1307 4367 1533 4443 apostolicam
1547 4369 1823 4432 benedictionem.

1148 4465 1365 4526 sacrosancta
1401 4467 1551 4528 Romana
1583 4467 1744 4540 Ecclesia,
1783 4470 1836 4531 etc
1839 4513 1904 4544 .....
1997 4465 1998 4492 ³

1106 4575 1214 4634 usquc
1235 4560 1422 4622 contovere.
1437 4565 1631 4641 Eapropter,
1648 4565 1853 4628 venerabilis
1868 4567 1906 4628 in

1107 4657 1237 4720 Christo
1253 4658 1367 4731 trater,
1383 4659 1449 4721 tuis
1460 4661 1560 4736 justIs
1572 4662 1725 4738 precibus
1737 4663 1904 4738 inclinati,

257 4758 423 4834 episcopo,
445 4757 598 4828 Metensi,
624 4756 827 4819 virdunensi
851 4756 885 4818 et
903 4753 1050 4816 Tullensi
1107 4769 1255 4816 annuum
1276 4755 1396 4831 viginti
1412 4771 1600 4819 marearum
1623 4759 1824 4823 reddituma
1847 4762 1906 4822 di·
1996 4835 1997 4842 ἵ

256 4841 753 4932 episcopiss'uflraganeisejus,
768 4854 928 4915 eteorum
943 4851 1053 4912 subdi·
1106 4852 1191 4914 lecto
1217 4851 1254 4912 in
1279 4853 1410 4914 Christo
1436 4853 1505 4915 lilio
1533 4855 1638 4916 nobili
1665 4856 1739 4918 viro
1767 4857 1907 4920 Alherto

256 4953 312 5024 tls,
329 4950 751 5026 salutemetApostolicarn
775 4948 1050 5012 benedictionem.
1106 4948 1301 5010 marchione
1327 4949 1616 5028 Brandeburgensi
1640 4953 1699 5014 tihi
1729 4956 1764 5017 et
1787 4971 1849 5034 per
1869 4957 1907 5017 te

298 5051 405 5121 Quum
426 5064 446 5110 a
468 5047 563 5109 nobis
578 5048 702 5124 petitur
716 5046 802 5123 quod
812 5047 939 5122 justum
954 5047 1005 5108 est
1020 5047 1051 5108 et
1106 5045 1341 5108 ecclesiastaes
1362 5049 1395 5109 et
1415 5049 1665 5111 successoribus
1686 5051 1754 5113 tuis
1769 5053 1907 5130 pietatis

256 5147 444 5214 honesturn,
461 5145 528 5208 tarn
540 5145 636 5220 vigor
656 5143 835 5220 aequitatis,
853 5159 953 5220 quam
969 5143 1051 5206 ordo
1106 5143 1241 5206 obtentu
1254 5159 1462 5217 concessum,
1484 5161 1545 5208 nec
1565 5163 1631 5210 non
1646 5147 1829 5221 libertates,
1841 5152 1909 5211 im-

256 5245 362 5322 erigii
389 5241 584 5314 communis,
606 5243 642 5304 ut
662 5241 697 5303 id
714 5255 774 5318 per
793 5240 1050 5302 sollicitudinem
1106 5240 1286 5303 munitates
1310 5242 1343 5303 et
1362 5243 1590 5320 exemptiones
1610 5245 1783 5308 abeodem
1799 5247 1908 5312 nobili

257 5343 359 5406 oflicii
382 5341 488 5404 nostri
509 5339 550 5402 ad
571 5338 717 5402 debitum
734 5337 1050 5416 perducatureffec-
1105 5337 1166 5400 tibi
1189 5339 1223 5400 et
1248 5337 1438 5400 hominibus
1467 5341 1535 5402 tuis
1558 5341 1728 5415 indultas,
1749 5343 1838 5407 sicut
1863 5358 1907 5408 ea
1995 5333 1996 5394 ἶ

256 5440 337 5502 turn.
363 5441 413 5500 Ex
435 5439 549 5501 vestra
572 5452 654 5498 sanc
677 5438 772 5514 parte
787 5434 849 5498 luit
864 5427 1050 5512 poposilum
1105 5434 1217 5497 omnia
1228 5435 1329 5511 juste,
1346 5437 1508 5498 canonice
1529 5439 1712 5515 etpacitlce
1725 5439 1859 5503 obtines
1873 5445 1909 5505 et

256 5552 370 5600 coram
398 5535 511 5608 nohis,
542 5535 627 5612 quod
657 5533 810 5595 nonnulli
842 5532 1050 5594 'trevirensis
1105 5531 1141 5592 in
1165 5531 1270 5609 ipsius
1293 5531 1497 5593 marchionis
1526 5533 1648 5597 litteris
1676 5536 1808 5613 plenius
1828 5555 1909 5614 per-

257 5633 438 5711 prcvineiae
467 5648 531 5693 non
554 5631 713 5694 habentes
735 5629 991 5708 jurisperitiam,
1019 5630 1052 5690 et
1106 5629 1276 5706 speximus
1292 5629 1468 5702 contineri,
1485 5631 1544 5691 tibi
1561 5633 1594 5694 et
1603 5649 1663 5709 per
1674 5634 1706 5694 te
1723 5633 1786 5710 ipsi
1796 5634 1909 5698 eccle·
1994 5707 1995 5728 χ
