4002 6326
281 285 340 348 319
664 301 667 308 ’
895 283 1071 348 HONORII
1092 284 1138 346 111
1160 286 1308 350 OPERA.
1858 295 1912 356 320

281 441 536 524 predecessoris
553 441 659 506 nostrl
676 440 866 504 mandatum
881 441 1006 521 absque
1020 445 1073 521 Ju-
1127 445 1247 508 caetero
1274 447 1349 524 post
1372 445 1424 508 sui
1445 445 1694 522 liberationem,
1724 448 1760 512 in
1792 451 1825 514 te
1863 454 1913 515 vel

280 543 329 605 ris
344 542 446 604 alieni
458 541 650 618 praeJudioio
664 539 1002 602 tirmitarohsarvetis.
1013 543 1073 603 Da·
1127 543 1253 618 prolem
1268 545 1325 608 aut
1342 545 1467 606 terram
1490 545 1582 608 tuam
1602 544 1703 624 (quod
1716 546 1836 626 absitl)
1860 549 1911 610 in-

180 659 182 664 ·
281 642 351 702 tum
373 638 539 712 Laterani,
556 636 688 700 Vlidus
711 637 839 714 aprilis,
860 637 1072 715 pontificatus
1127 641 1289 715 surgeret,
1312 641 1378 702 nisi
1396 641 1484 704 intra
1503 644 1725 721 quadraginta
1740 645 1811 706 dies
1828 650 1913 722 post·

281 736 387 800 nostri
400 753 487 798 anno
503 737 653 813 septimo.
1127 752 1224 812 quam
1235 737 1335 800 luerit
1348 740 1503 812 monitus,
1521 741 1557 802 in
1572 741 1665 802 curia
1679 744 1736 803 tua
1747 745 1844 818 juxta
1858 760 1913 819 pa-

430 834 433 842 '
1127 833 1213 894 rium
1226 835 1535 912 suorumjudicium
1547 839 1807 900 satisfactionem
1821 857 1914 918 super

1127 930 1190 990 hoc
1215 931 1414 1003 exhibuerit,
1431 934 1583 996 eumdem
1606 937 1761 998 comitem
1785 953 1914 998 excom·

640 1055 711 1143 GH
1127 1027 1344 1092 manicationi
1365 1030 1399 1092 et
1414 1031 1538 1092 terram
1564 1047 1658 1094 suam
1682 1033 1847 1096 Flandriae
1866 1035 1914 1094 in-

1126 1126 1264 1188 terdicto
1280 1129 1477 1204 supponant,
1494 1128 1598 1190 donec
1615 1130 1687 1206 ipse
1706 1130 1804 1192 modo
1820 1132 1914 1192 satis·

351 1230 404 1290 Ad
420 1229 617 1300 Philippum
631 1238 750 1300 repam
770 1228 999 1286 Francorum.
1127 1221 1245 1285 lecerit
1269 1225 1437 1300 praedicto.
1463 1227 1582 1288 Datum
1610 1227 1777 1300 Laterani,
1800 1229 1913 1289 Vidns
1986 1261 1987 1264 =

569 1364 694 1437 98prss
707 1363 785 1421 Νη
1128 1320 1256 1397 aprilis,
1271 1322 1483 1399 pontificatus
1498 1325 1604 1387 nostri
1618 1339 1707 1386 anno
1722 1325 1872 1402 septimo.

308 1491 443 1558 [bouquet
454 1485 511 1542 lieo.
524 1489 567 1539 das
579 1487 653 1546 illst,
666 1489 732 1617 Xlffg'
745 1486 806 1546 7³0;
820 1487 927 1550 aegest,
938 1486 984 1538 lib.
995 1487 1049 1547 llll,

601 1568 697 1632 epistt
735 1567 753 1632 .]

281 1681 336 1738 Pro
356 1676 500 1736 Ferrando
519 1675 686 1734 lilandrensi
705 1676 819 1744 comite,
835 1681 919 1748 capto
939 1675 967 1732 in
986 1673 1071 1732 Bovi-
1477 1637 1569 1724 CIII

315 1767 397 1824 nansi
413 1765 510 1838 praelio
521 1772 550 1822 et
562 1765 591 1821 in
604 1763 753 1821 vinculisa
774 1762 905 1836 Philippo
919 1777 988 1836 rege
1007 1761 1071 1820 diu·
1127 1785 1180 1844 M
1191 1787 1421 1847 Laurentium
1437 1790 1631 1862 episcopum
1653 1789 1913 1850 mumm-
1986 1767 1987 1774 ¹

316 1857 372 1914 tius
391 1854 498 1923 habito,
512 1860 575 1910 orat
585 1852 728 1910 Honorius
742 1858 774 1909 ut
787 1851 834 1910 ille
848 1851 963 1910 tandem
977 1866 992 1909 a
1008 1866 1071 1908 car·
1166 1896 1251 1954 sem,
1265 1884 1422 1945 abbatem
1441 1887 1632 1947 Lubemm
1650 1886 1684 1948 et
1704 1886 1915 1949 scolasticum

315 1942 558 2002 oevediminotur.
1172 1981 1502 2042 Wrottztootcnsem.

320 2068 488 2131 Honorius
496 2067 707 2144 episcopus...
718 2063 890 2128 carissimo
899 2065 933 2126 in
943 2065 1072 2128 christo
1409 2111 1536 2184 mm
1557 2111 1636 2171 ¹223

280 2167 350 2228 illio
387 2167 448 2228 Ph.
476 2164 599 2226 illustri
635 2163 709 2239 regi
740 2165 957 2236 Francorum,
981 2164 1074 2225 salu-

279 2266 358 2333 tem,
374 2264 436 2325 etc.

322 2360 482 2438 Specialis
497 2358 555 2422 illa
571 2358 703 2420 dilectio
726 2373 790 2436 qua
807 2357 868 2421 tihi
888 2357 1019 2420 laudem
1037 2358 1072 2419 in
1127 2357 1311 2417 iudicibusut
1323 2359 1449 2432 episcopi
1461 2361 1657 2420 cracoviensis
1667 2362 1831 2420 cessionem
1845 2362 1914 2434 opis·

281 2457 403 2520 saeculo
419 2458 452 2520 et
469 2456 557 2533 apud
576 2459 680 2518 Deum
695 2457 848 2518 meritum
865 2456 1070 2529 annotamus,
1162 2454 1281 2519 copatus
1306 2449 1465 2520 recipiant,
1489 2465 1523 2506 ac
1550 2449 1705 2522 capitulum
1732 2450 1919 2508 cracoviense

279 2555 398 2617 lortius
413 2569 474 2616 nos
484 2554 640 2616 admonet
654 2554 687 2615 et
701 2553 839 2626 inducit,
861 2555 898 2614 ut
909 2555 942 2615 te
960 2553 1071 2614 liben-
1162 2533 1198 2593 ⁸⁶
1227 2535 1361 2594 ¹d⁰ss0¹¹¹1¹
1390 2543 1533 2610 9³⁸¹01'0ffi
1562 2538 1616 2595 sibi
1639 2537 1804 2612 eligendum
1842 2553 1914 2595 ⁰⁰⁰¹·
1986 2543 1987 2624 ζ

278 2653 331 2716 ter
351 2668 477 2731 eaquae
496 2651 538 2712 ad
556 2651 766 2712 serenitatem
786 2652 878 2712 tuem
898 2650 1026 2723 decent,
1040 2652 1073 2713 et
1162 2624 1278 2698 Pessflm·
1986 2703 1987 2730 ἶ

176 2787 178 2795 -
279 2765 362 2828 opus
382 2751 419 2812 in
444 2765 480 2810 se
506 2749 639 2826 pietatis
662 2747 843 2820 continent,
871 2747 1069 2825 invitemus3
1166 2750 1333 2812 Honorius
1371 2751 1558 2830 episcopus,
1590 2769 1707 2816 servus
1748 2769 1916 2816 servorum
1986 2783 1987 2786 =

278 2848 396 2910 suadet
422 2847 521 2909 etiam
555 2846 653 2907 nobis
685 2846 806 2907 nobilis
843 2846 908 2907 viri
942 2846 1072 2907 comitis
1126 2847 1196 2920 Ilei,
1215 2847 1398 2910 venerabili
1424 2848 1520 2911 tratri
1548 2851 1703 2928 episcopo
1723 2837 1917 2912 Wratrizla-
1986 2867 1987 2924 j

278 2945 685 3022 Flandrensisoaptivitas
705 2943 873 3016 diuturna,
893 2944 929 3005 ut
950 2943 1073 3006 debea-
1126 2945 1233 3006 viensi
1263 2946 1295 3008 et
1321 2945 1450 3007 dilectis
1478 2946 1595 3008 filiis...
1631 2929 1742 3010 abbati
1775 2946 1916 3009 Lubensi
1986 3005 1987 3020 ,

278 3058 352 3104 mus
385 3043 501 3120 ipsius,
527 3042 625 3119 prout
655 3041 695 3102 ad
730 3041 897 3119 pastorale
925 3041 1071 3103 olllcium
1126 3041 1916 3117 Wratizlaviensisdioecesis,etscolasticoWra·
1986 3045 1987 3116 ᾗ

279 3141 433 3218 pertinet,
448 3139 611 3208 misereri,
629 3140 662 3200 et
686 3154 746 3214 pro
772 3141 844 3215 eJus
872 3137 1070 3216 liberatione
1125 3139 1323 3224 tizlaviensi,
1345 3141 1485 3202 salutem
1507 3142 1540 3203 et
1563 3142 1787 3218 Apostolicam
1812 3141 1915 3203 bene·
1986 3189 1987 3216 ,

279 3237 365 3314 apud
395 3237 428 3298 te
450 3238 574 3298 nostrae
603 3235 851 3297 intercessionis
874 3235 1070 3311 suffragium
1126 3237 1315 3299 dictionem.
1661 3317 1666 3324 ι

277 3333 446 3398 adhihere.
462 3333 545 3405 Quia
560 3348 639 3408 ergo
649 3333 738 3394 inter
751 3334 784 3394 te
799 3337 831 3394 et
845 3331 996 3394 eumdem
1014 3349 1072 3394 co·
1148 3335 1375 3398 venerabilis
1396 3334 1501 3398 irater
1518 3337 1668 3399 noster...
1686 3337 1915 3399 cracoviensis

277 3432 390 3494 mitem
416 3431 537 3492 dicitur
551 3431 746 3492 convenisse
761 3431 809 3502 ut,
826 3447 885 3507 pro
902 3432 991 3492 certa
1007 3447 1070 3508 pe·
1126 3433 1301 3510 episcopus
1334 3432 1431 3496 nohis
1455 3434 1655 3512 supplicavit
1679 3435 1862 3504 instanter,
1885 3434 1918 3494 ut
1986 3457 1987 3464 ¹

277 3531 377 3592 cunia
397 3545 495 3607 quam
515 3528 649 3600 taxasti,
675 3544 786 3589 comes
808 3529 896 3589 idem
925 3545 961 3590 se
980 3527 1071 3590 redi·
1126 3547 1226 3608 quum
1251 3532 1320 3592 tam
1339 3533 1416 3594 voto
1440 3548 1538 3610 quam
1554 3534 1747 3610 juramento
1767 3533 1917 3594 teneatur
1986 3549 1987 3558 ¹

276 3629 355 3700 mat,
383 3627 531 3704 praestita
561 3626 622 3687 tihi
656 3624 873 3686 nihilominus
909 3624 949 3687 de
980 3628 1070 3687 terra
1126 3627 1275 3689 habitum
1301 3644 1472 3690 assumere
1499 3629 1742 3702 monachalem,
1774 3629 1841 3690 sihi
1867 3643 1918 3690 ce·

277 3727 443 3790 Flandriae
463 3741 536 3803 quas
556 3724 598 3785 ad
618 3722 800 3785 dominium
818 3727 911 3786 tuum
931 3725 1067 3801 spectat,
1125 3725 1224 3787 dendi
1256 3725 1427 3788 licentiam
1455 3727 1665 3803 largiremur.
1691 3726 1785 3788 Licet
1820 3727 1917 3803 igitur

276 3840 317 3887 ea
345 3840 444 3902 quam
466 3822 659 3900 impendere
688 3822 809 3898 poterit
830 3823 996 3894 cautione,
1015 3837 1070 3882 ex·
1125 3823 1314 3900 hujusmodi
1330 3823 1527 3900 supplicatio
1538 3823 1634 3885 nohis
1647 3823 1761 3900 gravis
1773 3822 1878 3885 suerit
1886 3822 1916 3882 et
1986 3819 1987 3906 ζ

277 3922 466 3985 cellantiam
486 3921 577 3982 tuam
603 3935 774 3981 monemus
797 3921 830 3981 et
848 3935 1004 3996 rogamus
1023 3921 1070 3981 at·
1124 3936 1250 3993 amara,
1272 3920 1430 3998 eoquod,
1453 3921 1541 3984 sicut
1563 3937 1606 3982 ex
1628 3921 1809 3982 multorum
1828 3921 1915 3981 didi·
1986 3941 1987 3950 ¹

276 4021 378 4092 tenta,
389 4035 429 4080 ec
443 4017 657 4079 affectuosius
668 4017 895 4090 exhortamur,
906 4018 1068 4094 quatenus
1125 4018 1229 4079 cimus
1262 4018 1470 4106 testimonio,
1501 4019 1589 4080 idem
1624 4019 1800 4096 episcopus
1824 4018 1859 4079 et
1883 4017 1916 4076 in
1986 4005 1987 4012 '

277 4117 430 4179 comitem
445 4117 566 4193 ipsum,
583 4129 792 4191 superquam
808 4114 921 4176 oculos
936 4113 1069 4175 miseri·
1124 4115 1354 4192 spiritualibus
1386 4116 1577 4188 salubriter,
1605 4117 1639 4178 et
1660 4117 1695 4177 in
1719 4114 1915 4192 temporali·
1986 4121 1987 4150 ³

276 4215 394 4277 cordes
415 4214 559 4275 clemens
581 4211 669 4273 ultor
683 4211 846 4284 inflectas,
863 4213 961 4290 prout
980 4211 1081 4308 inter!
1123 4213 1184 4274 hus
1204 4213 1331 4276 utiliter
1355 4213 1568 4288 ministravit,
1591 4214 1625 4276 et
1647 4212 1832 4276 timendum
1856 4212 1914 4283 est,

275 4314 309 4376 te
323 4328 363 4374 ac
377 4312 472 4372 illum
487 4308 785 4380 convenit,divinaa
800 4309 1068 4385 pietatisintnitu
1123 4327 1165 4373 ne
1188 4311 1400 4373 cracoviensi
1425 4310 1576 4374 acclesiae
1600 4310 1752 4373 luctuosa
1778 4307 1823 4372 sit
1847 4313 1915 4387 ejus

274 4411 433 4473 restituas
451 4406 618 4469 libertati:
639 4407 774 4484 propter
786 4405 849 4467 hoo
864 4407 964 4478 enim,
977 4407 1065 4479 dum,
1123 4408 1284 4479 absentia,
1297 4411 1392 4486 quus
1408 4409 1519 4471 extitit
1531 4410 1711 4486 praesentia
1724 4407 1913 4470 fructuosa:

275 4510 361 4587 quod
374 4508 409 4568 in
422 4510 456 4569 ie
468 4505 681 4568 commissum
701 4505 762 4574 cst,
780 4503 935 4566 clementi
950 4505 998 4565 sic
1011 4505 1066 4567 di·
1122 4509 1289 4569 notamen
1309 4507 1414 4584 ipsius
1427 4507 1617 4568 videremur
1633 4503 1912 4582 invidere-quieti,

275 4605 407 4668 miseris
417 4603 575 4676 bonitate,
590 4619 610 4665 a
625 4602 777 4673 Domino,
794 4617 890 4680 quem
906 4603 941 4662 in
955 4603 1067 4665 multis
1122 4609 1195 4683 ejus
1210 4605 1306 4683 quasi
1317 4603 1423 4666 coacti
1435 4603 1752 4681 duximusprecibus
1764 4618 1915 4664 annuen-

1219 2232 1347 2298 t'lheincr,
1358 2235 1426 2285 lton.
1440 2233 1562 2296 Poleam,
1574 2242 1594 2288 t.
1607 2236 1627 2296 l,
1640 2251 1666 2302 p.
1679 2236 1718 2297 lt,
1732 2250 1757 2287 n.
1772 2235 1827 2301 Ἀ]

276 4702 487 4774 offendimus,
500 4700 561 4762 tihi
580 4701 695 4778 procul
711 4699 811 4762 dnbio
826 4698 1019 4773 dimittetur,
1036 4701 1069 4762 et
1122 4702 1210 4774 dum,
1241 4718 1300 4780 per
1325 4701 1516 4778 Apostolica
1546 4700 1641 4764 vohis
1670 4701 1794 4778 scripta
1821 4716 1915 4762 man·
1986 4765 1987 4768 ,

276 4800 362 4878 apud
388 4800 539 4860 homines
561 4797 639 4869 eris,
662 4813 735 4858 cum
756 4797 846 4857 omni
860 4811 983 4872 genere
997 4798 1068 4860 vin·
1121 4800 1248 4868 dantes,
1266 4799 1428 4878 quatenus
1444 4799 1516 4860 vioe
1532 4799 1646 4862 nostra
1669 4798 1866 4870 cessionem,
1886 4796 1913 4857 si

276 4897 371 4960 diotae
399 4897 443 4958 sit
465 4899 571 4972 majus
594 4896 779 4971 ignoscere,
805 4895 1064 4956 commendatus.
1120 4896 1232 4958 tamen
1255 4896 1357 4958 luerit
1377 4896 1577 4968 voluntaria,
1600 4895 1801 4973 recipientes
1825 4898 1914 4972 ejus-

274 4996 343 5058 Nos
361 4996 482 5066 autem,
499 4995 536 5055 ut
550 4993 656 5069 magis
669 5008 708 5054 ac
723 4993 829 5069 magis
844 4993 910 5054 tuae
926 4993 1066 5054 celsitu·
1122 4993 1206 5066 dem,
1226 5010 1289 5055 usu
1309 4992 1373 5054 sibi
1398 4991 1637 5070 pontificalium
1661 4993 1843 5064 reservato,
1860 4991 1912 5051 la·
1986 5069 1987 5080 ἵ

275 5093 346 5155 dini
368 5093 536 5164 caveatur,
553 5091 625 5166 ipse
640 5089 770 5152 comitis
786 5090 1066 5166 postulationibus
1098 5119 1101 5124 Δ
1122 5092 1217 5154 ciatis
1233 5091 1276 5165 ei,
1290 5090 1375 5152 sicut
1390 5089 1535 5167 expedit,
1551 5088 1699 5152 debonis
1714 5089 1914 5150 cracovien-

274 5193 470 5262 annuentes,
495 5187 741 5250 venerabilibus
760 5187 918 5249 iratribus
943 5188 1066 5250 nostris
1121 5189 1167 5252 sis
1192 5188 1342 5252 ecclesiae
1376 5187 1555 5264 provideri,
1581 5187 1854 5258 contradictores,
1885 5183 1913 5244 si

274 5289 429 5352 Remensi
444 5285 490 5366 (1)
517 5284 768 5366 archiepiscopo
781 5286 814 5346 et
835 5285 990 5362 episcopo
1006 5286 1067 5347 Sil·
1120 5287 1177 5366 qui
1196 5285 1330 5358 luerint,
1349 5285 1403 5346 vel
1424 5283 1565 5346 rebelles
1587 5299 1648 5360 per
1666 5297 1842 5346 censuram
1859 5296 1914 5342 ec-

273 5385 465 5450 'vanectensi
488 5382 535 5462 (2)
571 5381 695 5445 nostris
729 5382 845 5442 damus
875 5382 996 5444 litteris
1031 5383 1066 5444 in
1121 5384 1353 5454 clesiasticam,
1370 5382 1594 5460 appellatione
1616 5381 1809 5458 postposita,
1824 5395 1913 5442 com-

273 5482 439 5546 mendatis
468 5481 514 5554 ut,
542 5480 571 5540 si
597 5479 858 5557 praenominatus
889 5494 999 5542 comes
1025 5480 1066 5542 de
1120 5481 1295 5559 pascendo.
1313 5479 1463 5557 capitulo
1486 5495 1616 5556 qnoque
1637 5477 1743 5556 ipsius
1763 5476 1911 5540 ecclesia

309 5613 350 5692 (l)
372 5613 520 5674 cuillelmo
533 5610 722 5670 deloinville.
1156 5611 1197 5687 (2)
1218 5613 1352 5671 cuarino.
