<?xml version="1.0" encoding="UTF-8"?>
<!DOCTYPE html PUBLIC "-//W3C//DTD XHTML 1.0 Transitional//EN"
    "http://www.w3.org/TR/xhtml1/DTD/xhtml1-transitional.dtd">
<html xmlns="http://www.w3.org/1999/xhtml" xml:lang="en" lang="en">
 <head>
  <title>
</title>
<meta http-equiv="Content-Type" content="text/html;charset=utf-8" />
  <meta name='ocr-system' content='tesseract 3.04.00' />
  <meta name='ocr-capabilities' content='ocr_page ocr_carea ocr_par ocr_line ocrx_word'/>
</head>
<body>
  <div class='ocr_page' id='page_1' title='image "./mediiaevibiblio06bottgoog_0156.png"; bbox 0 0 4002 6326; ppageno 0'>
   <div class='ocr_carea' id='block_1_1' title="bbox 86 389 138 452">
    <p class='ocr_par' dir='ltr' id='par_1_1' title="bbox 86 389 138 452">
     <span class='ocr_line' id='line_1_1' title="bbox 86 389 138 452; baseline -0.038 0"><span class='ocrx_word' id='word_1_1' title='bbox 86 389 138 452; x_wconf 78' lang='lat'><strong>281</strong></span> 
     </span>
    </p>
   </div>
   <div class='ocr_carea' id='block_1_2' title="bbox 77 543 867 4217">
    <p class='ocr_par' dir='ltr' id='par_1_2' title="bbox 77 543 867 4217">
     <span class='ocr_line' id='line_1_2' title="bbox 87 543 865 626; baseline -0.006 -15"><span class='ocrx_word' id='word_1_2' title='bbox 87 563 141 612; x_wconf 89' lang='lat' dir='ltr'><strong>noc</strong></span> <span class='ocrx_word' id='word_1_3' title='bbox 158 561 215 626; x_wconf 89' lang='lat' dir='ltr'><strong>per</strong></span> <span class='ocrx_word' id='word_1_4' title='bbox 234 561 272 610; x_wconf 89' lang='lat' dir='ltr'><strong>se</strong></span> <span class='ocrx_word' id='word_1_5' title='bbox 293 559 356 610; x_wconf 91' lang='lat' dir='ltr'><strong>nec</strong></span> <span class='ocrx_word' id='word_1_6' title='bbox 369 559 429 624; x_wconf 90' lang='lat' dir='ltr'><strong>per</strong></span> <span class='ocrx_word' id='word_1_7' title='bbox 447 543 680 624; x_wconf 72' lang='lat' dir='ltr'><strong>procuratores</strong></span> <span class='ocrx_word' id='word_1_8' title='bbox 697 544 865 624; x_wconf 88' lang='lat' dir='ltr'><strong>prosecuti</strong></span> 
     </span>
     <span class='ocr_line' id='line_1_3' title="bbox 86 643 867 722; baseline -0.008 -12"><span class='ocrx_word' id='word_1_9' title='bbox 86 649 154 710; x_wconf 87' lang='lat' dir='ltr'><strong>sunt</strong></span> <span class='ocrx_word' id='word_1_10' title='bbox 175 644 353 722; x_wconf 90' lang='lat' dir='ltr'><strong>negotium,</strong></span> <span class='ocrx_word' id='word_1_11' title='bbox 376 647 483 706; x_wconf 91' lang='lat' dir='ltr'><strong>electo</strong></span> <span class='ocrx_word' id='word_1_12' title='bbox 505 643 716 722; x_wconf 78' lang='lat' dir='ltr'>comparente</span> <span class='ocrx_word' id='word_1_13' title='bbox 736 644 772 704; x_wconf 91' lang='lat' dir='ltr'><strong>in</strong></span> <span class='ocrx_word' id='word_1_14' title='bbox 796 645 867 705; x_wconf 90' lang='lat' dir='ltr'><strong>ter-</strong></span> 
     </span>
     <span class='ocr_line' id='line_1_4' title="bbox 86 741 864 819; baseline -0.004 -15"><span class='ocrx_word' id='word_1_15' title='bbox 86 744 175 804; x_wconf 92' lang='lat' dir='ltr'><strong>minis</strong></span> <span class='ocrx_word' id='word_1_16' title='bbox 189 741 379 819; x_wconf 89' lang='lat' dir='ltr'><strong>assignatis,</strong></span> <span class='ocrx_word' id='word_1_17' title='bbox 400 741 507 803; x_wconf 91' lang='lat' dir='ltr'><strong>eidem</strong></span> <span class='ocrx_word' id='word_1_18' title='bbox 534 743 566 803; x_wconf 90' lang='lat' dir='ltr'><strong>et</strong></span> <span class='ocrx_word' id='word_1_19' title='bbox 586 741 786 818; x_wconf 90' lang='lat' dir='ltr'><strong>respondere</strong></span> <span class='ocrx_word' id='word_1_20' title='bbox 802 756 864 818; x_wconf 90' lang='lat' dir='ltr'><strong>pa-</strong></span> 
     </span>
     <span class='ocr_line' id='line_1_5' title="bbox 85 837 865 917; baseline -0.003 -15"><span class='ocrx_word' id='word_1_21' title='bbox 85 843 160 912; x_wconf 84' lang='lat' dir='ltr'><strong>rato,</strong></span> <span class='ocrx_word' id='word_1_22' title='bbox 176 840 264 902; x_wconf 89' lang='lat' dir='ltr'><strong>etad</strong></span> <span class='ocrx_word' id='word_1_23' title='bbox 282 840 434 902; x_wconf 88' lang='lat' dir='ltr'><strong>ultimum</strong></span> <span class='ocrx_word' id='word_1_24' title='bbox 447 855 508 917; x_wconf 90' lang='lat' dir='ltr'><strong>per</strong></span> <span class='ocrx_word' id='word_1_25' title='bbox 525 839 654 901; x_wconf 77' lang='lat' dir='ltr'>litteras</span> <span class='ocrx_word' id='word_1_26' title='bbox 674 837 793 914; x_wconf 81' lang='lat' dir='ltr'><strong>sigillis</strong></span> <span class='ocrx_word' id='word_1_27' title='bbox 807 853 865 900; x_wconf 91' lang='lat' dir='ltr'><strong>co-</strong></span> 
     </span>
     <span class='ocr_line' id='line_1_6' title="bbox 85 935 861 1015; baseline -0.004 -17"><span class='ocrx_word' id='word_1_28' title='bbox 85 954 160 1008; x_wconf 90' lang='lat' dir='ltr'><strong>rum,</strong></span> <span class='ocrx_word' id='word_1_29' title='bbox 176 936 260 998; x_wconf 88' lang='lat' dir='ltr'><strong>sicut</strong></span> <span class='ocrx_word' id='word_1_30' title='bbox 279 941 443 1015; x_wconf 84' lang='lat' dir='ltr'><strong>procerte</strong></span> <span class='ocrx_word' id='word_1_31' title='bbox 466 936 621 1008; x_wconf 89' lang='lat' dir='ltr'><strong>creditur,</strong></span> <span class='ocrx_word' id='word_1_32' title='bbox 639 935 861 1010; x_wconf 88' lang='lat' dir='ltr'><strong>consignatas,</strong></span> 
     </span>
     <span class='ocr_line' id='line_1_7' title="bbox 85 1033 863 1111; baseline -0.005 -15"><span class='ocrx_word' id='word_1_33' title='bbox 85 1033 288 1111; x_wconf 80' lang='lat' dir='ltr'><strong>appellationi</strong></span> <span class='ocrx_word' id='word_1_34' title='bbox 304 1033 591 1104; x_wconf 84' lang='lat' dir='ltr'><strong>renuntiaverunt,</strong></span> <span class='ocrx_word' id='word_1_35' title='bbox 604 1035 636 1094; x_wconf 92' lang='lat' dir='ltr'><strong>et</strong></span> <span class='ocrx_word' id='word_1_36' title='bbox 652 1033 715 1104; x_wconf 91' lang='lat' dir='ltr'><strong>liti,</strong></span> <span class='ocrx_word' id='word_1_37' title='bbox 735 1047 863 1094; x_wconf 84' lang='lat' dir='ltr'><strong>necnon</strong></span> 
     </span>
     <span class='ocr_line' id='line_1_8' title="bbox 84 1129 866 1208; baseline -0.001 -16"><span class='ocrx_word' id='word_1_38' title='bbox 84 1131 193 1192; x_wconf 90' lang='lat' dir='ltr'><strong>litteris</strong></span> <span class='ocrx_word' id='word_1_39' title='bbox 209 1132 375 1193; x_wconf 85' lang='lat' dir='ltr'><strong>universis</strong></span> <span class='ocrx_word' id='word_1_40' title='bbox 397 1130 597 1208; x_wconf 90' lang='lat' dir='ltr'><strong>superdicto</strong></span> <span class='ocrx_word' id='word_1_41' title='bbox 612 1130 745 1206; x_wconf 86' lang='lat' dir='ltr'><strong>negotio</strong></span> <span class='ocrx_word' id='word_1_42' title='bbox 758 1129 866 1206; x_wconf 91' lang='lat' dir='ltr'><strong>impe·</strong></span> 
     </span>
     <span class='ocr_line' id='line_1_9' title="bbox 84 1228 861 1305; baseline -0.004 -14"><span class='ocrx_word' id='word_1_43' title='bbox 84 1230 184 1304; x_wconf 81' lang='lat' dir='ltr'><strong>tratis3</strong></span> <span class='ocrx_word' id='word_1_44' title='bbox 201 1244 305 1304; x_wconf 88' lang='lat' dir='ltr'><strong>quare</strong></span> <span class='ocrx_word' id='word_1_45' title='bbox 325 1228 436 1290; x_wconf 92' lang='lat' dir='ltr'><strong>dilecti</strong></span> <span class='ocrx_word' id='word_1_46' title='bbox 455 1228 516 1287; x_wconf 86' lang='lat' dir='ltr'><strong>lilii</strong></span> <span class='ocrx_word' id='word_1_47' title='bbox 531 1229 711 1305; x_wconf 91' lang='lat' dir='ltr'><strong>capitulum</strong></span> <span class='ocrx_word' id='word_1_48' title='bbox 734 1230 861 1289; x_wconf 84' lang='lat' dir='ltr'><strong>Trece-</strong></span> 
     </span>
     <span class='ocr_line' id='line_1_10' title="bbox 84 1324 864 1404; baseline -0.004 -17"><span class='ocrx_word' id='word_1_49' title='bbox 84 1341 170 1388; x_wconf 89' lang='lat' dir='ltr'><strong>rense</strong></span> <span class='ocrx_word' id='word_1_50' title='bbox 188 1326 360 1387; x_wconf 85' lang='lat' dir='ltr'><strong>humiliter</strong></span> <span class='ocrx_word' id='word_1_51' title='bbox 381 1326 620 1404; x_wconf 87' lang='lat' dir='ltr'><strong>supplicarunt,</strong></span> <span class='ocrx_word' id='word_1_52' title='bbox 644 1326 680 1386; x_wconf 92' lang='lat' dir='ltr'><strong>ut</strong></span> <span class='ocrx_word' id='word_1_53' title='bbox 706 1324 783 1402; x_wconf 87' lang='lat' dir='ltr'><strong>quia</strong></span> <span class='ocrx_word' id='word_1_54' title='bbox 807 1325 864 1385; x_wconf 91' lang='lat' dir='ltr'><strong>diu</strong></span> 
     </span>
     <span class='ocr_line' id='line_1_11' title="bbox 84 1422 863 1500; baseline -0.003 -16"><span class='ocrx_word' id='word_1_55' title='bbox 84 1439 185 1484; x_wconf 88' lang='lat' dir='ltr'><strong>eorum</strong></span> <span class='ocrx_word' id='word_1_56' title='bbox 198 1423 342 1486; x_wconf 88' lang='lat' dir='ltr'><strong>ecclesia</strong></span> <span class='ocrx_word' id='word_1_57' title='bbox 357 1425 428 1499; x_wconf 88' lang='lat' dir='ltr'><strong>jam</strong></span> <span class='ocrx_word' id='word_1_58' title='bbox 447 1423 578 1500; x_wconf 90' lang='lat' dir='ltr'><strong>pastore</strong></span> <span class='ocrx_word' id='word_1_59' title='bbox 594 1422 711 1492; x_wconf 91' lang='lat' dir='ltr'><strong>caruit,</strong></span> <span class='ocrx_word' id='word_1_60' title='bbox 736 1437 778 1484; x_wconf 82' lang='lat' dir='ltr'><strong>ex</strong></span> <span class='ocrx_word' id='word_1_61' title='bbox 799 1437 863 1500; x_wconf 86' lang='lat' dir='ltr'><strong>qno</strong></span> 
     </span>
     <span class='ocr_line' id='line_1_12' title="bbox 83 1519 864 1597; baseline 0 -17"><span class='ocrx_word' id='word_1_62' title='bbox 83 1535 172 1596; x_wconf 84' lang='lat' dir='ltr'><strong>grave</strong></span> <span class='ocrx_word' id='word_1_63' title='bbox 190 1519 226 1580; x_wconf 92' lang='lat' dir='ltr'><strong>in</strong></span> <span class='ocrx_word' id='word_1_64' title='bbox 247 1519 486 1597; x_wconf 80' lang='lat' dir='ltr'><strong>temporalibus</strong></span> <span class='ocrx_word' id='word_1_65' title='bbox 507 1521 540 1582; x_wconf 92' lang='lat' dir='ltr'><strong>et</strong></span> <span class='ocrx_word' id='word_1_66' title='bbox 561 1519 790 1596; x_wconf 79' lang='lat' dir='ltr'><strong>spiritualibus</strong></span> <span class='ocrx_word' id='word_1_67' title='bbox 805 1519 864 1580; x_wconf 91' lang='lat' dir='ltr'><strong>de-</strong></span> 
     </span>
     <span class='ocr_line' id='line_1_13' title="bbox 83 1616 863 1693; baseline -0.003 -15"><span class='ocrx_word' id='word_1_68' title='bbox 83 1617 261 1678; x_wconf 86' lang='lat' dir='ltr'><strong>trimentum</strong></span> <span class='ocrx_word' id='word_1_69' title='bbox 291 1616 444 1688; x_wconf 89' lang='lat' dir='ltr'><strong>incurrit,</strong></span> <span class='ocrx_word' id='word_1_70' title='bbox 469 1617 503 1678; x_wconf 92' lang='lat' dir='ltr'><strong>et</strong></span> <span class='ocrx_word' id='word_1_71' title='bbox 538 1616 671 1693; x_wconf 91' lang='lat' dir='ltr'><strong>propter</strong></span> <span class='ocrx_word' id='word_1_72' title='bbox 708 1631 863 1691; x_wconf 79' lang='lat' dir='ltr'><strong>guerram</strong></span> 
     </span>
     <span class='ocr_line' id='line_1_14' title="bbox 82 1712 865 1786; baseline 0 -13"><span class='ocrx_word' id='word_1_73' title='bbox 82 1712 190 1774; x_wconf 93' lang='lat' dir='ltr'><strong>nobilis</strong></span> <span class='ocrx_word' id='word_1_74' title='bbox 206 1714 274 1774; x_wconf 88' lang='lat' dir='ltr'><strong>riri</strong></span> <span class='ocrx_word' id='word_1_75' title='bbox 291 1714 420 1777; x_wconf 91' lang='lat' dir='ltr'><strong>comitis</strong></span> <span class='ocrx_word' id='word_1_76' title='bbox 436 1713 629 1786; x_wconf 86' lang='lat' dir='ltr'><strong>Britanniae,</strong></span> <span class='ocrx_word' id='word_1_77' title='bbox 647 1714 688 1775; x_wconf 86' lang='lat' dir='ltr'><strong>ad</strong></span> <span class='ocrx_word' id='word_1_78' title='bbox 708 1713 865 1774; x_wconf 82' lang='lat' dir='ltr'><strong>exinani-</strong></span> 
     </span>
     <span class='ocr_line' id='line_1_15' title="bbox 82 1809 863 1888; baseline -0.003 -16"><span class='ocrx_word' id='word_1_79' title='bbox 82 1811 193 1872; x_wconf 86' lang='lat' dir='ltr'><strong>tionem</strong></span> <span class='ocrx_word' id='word_1_80' title='bbox 218 1809 290 1872; x_wconf 82' lang='lat' dir='ltr'><strong>iere</strong></span> <span class='ocrx_word' id='word_1_81' title='bbox 319 1811 469 1887; x_wconf 83' lang='lat' dir='ltr'><strong>pervenit</strong></span> <span class='ocrx_word' id='word_1_82' title='bbox 498 1813 692 1882; x_wconf 85' lang='lat' dir='ltr'><strong>extremam,</strong></span> <span class='ocrx_word' id='word_1_83' title='bbox 724 1811 863 1888; x_wconf 84' lang='lat' dir='ltr'><strong>praelato</strong></span> 
     </span>
     <span class='ocr_line' id='line_1_16' title="bbox 81 1906 864 1983; baseline 0.004 -17"><span class='ocrx_word' id='word_1_84' title='bbox 81 1906 215 1983; x_wconf 90' lang='lat' dir='ltr'><strong>ipsorum</strong></span> <span class='ocrx_word' id='word_1_85' title='bbox 243 1907 350 1970; x_wconf 88' lang='lat' dir='ltr'><strong>electo</strong></span> <span class='ocrx_word' id='word_1_86' title='bbox 377 1908 562 1969; x_wconf 82' lang='lat' dir='ltr'><strong>laceremus</strong></span> <span class='ocrx_word' id='word_1_87' title='bbox 590 1920 711 1968; x_wconf 89' lang='lat' dir='ltr'><strong>munus</strong></span> <span class='ocrx_word' id='word_1_88' title='bbox 744 1921 864 1969; x_wconf 93' lang='lat' dir='ltr'><strong>conse-</strong></span> 
     </span>
     <span class='ocr_line' id='line_1_17' title="bbox 82 2004 862 2082; baseline -0.003 -16"><span class='ocrx_word' id='word_1_89' title='bbox 82 2004 227 2066; x_wconf 88' lang='lat' dir='ltr'><strong>crationis</strong></span> <span class='ocrx_word' id='word_1_90' title='bbox 248 2004 407 2082; x_wconf 89' lang='lat' dir='ltr'><strong>impendi.</strong></span> <span class='ocrx_word' id='word_1_91' title='bbox 433 2005 526 2067; x_wconf 82' lang='lat' dir='ltr'><strong>Licet</strong></span> <span class='ocrx_word' id='word_1_92' title='bbox 540 2005 662 2073; x_wconf 86' lang='lat' dir='ltr'><strong>autem,</strong></span> <span class='ocrx_word' id='word_1_93' title='bbox 682 2005 862 2066; x_wconf 88' lang='lat' dir='ltr'><strong>secundum</strong></span> 
     </span>
     <span class='ocr_line' id='line_1_18' title="bbox 81 2099 864 2178; baseline 0.001 -16"><span class='ocrx_word' id='word_1_94' title='bbox 81 2101 272 2178; x_wconf 79' lang='lat' dir='ltr'><strong>Apostolum,</strong></span> <span class='ocrx_word' id='word_1_95' title='bbox 300 2101 424 2164; x_wconf 91' lang='lat' dir='ltr'><strong>nemini</strong></span> <span class='ocrx_word' id='word_1_96' title='bbox 448 2103 513 2164; x_wconf 92' lang='lat' dir='ltr'><strong>cito</strong></span> <span class='ocrx_word' id='word_1_97' title='bbox 538 2116 656 2162; x_wconf 88' lang='lat' dir='ltr'><strong>manns</strong></span> <span class='ocrx_word' id='word_1_98' title='bbox 685 2103 729 2163; x_wconf 89' lang='lat' dir='ltr'><strong>sit</strong></span> <span class='ocrx_word' id='word_1_99' title='bbox 755 2099 864 2178; x_wconf 87' lang='lat' dir='ltr'><strong>impo-</strong></span> 
     </span>
     <span class='ocr_line' id='line_1_19' title="bbox 81 2199 862 2277; baseline 0.005 -19"><span class='ocrx_word' id='word_1_100' title='bbox 81 2199 188 2272; x_wconf 89' lang='lat' dir='ltr'><strong>nenda,</strong></span> <span class='ocrx_word' id='word_1_101' title='bbox 215 2201 295 2277; x_wconf 88' lang='lat' dir='ltr'><strong>quia</strong></span> <span class='ocrx_word' id='word_1_102' title='bbox 318 2201 428 2261; x_wconf 86' lang='lat' dir='ltr'><strong>tamen</strong></span> <span class='ocrx_word' id='word_1_103' title='bbox 457 2199 674 2262; x_wconf 87' lang='lat' dir='ltr'><strong>ecclesiarum</strong></span> <span class='ocrx_word' id='word_1_104' title='bbox 696 2199 862 2262; x_wconf 91' lang='lat' dir='ltr'><strong>ordinatio</strong></span> 
     </span>
     <span class='ocr_line' id='line_1_20' title="bbox 80 2283 859 2374; baseline 0 -18"><span class='ocrx_word' id='word_1_105' title='bbox 80 2295 282 2372; x_wconf 85' lang='lat' dir='ltr'><strong>dispendiosa</strong></span> <span class='ocrx_word' id='word_1_106' title='bbox 303 2313 370 2358; x_wconf 91' lang='lat' dir='ltr'><strong>non</strong></span> <span class='ocrx_word' id='word_1_107' title='bbox 391 2283 487 2359; x_wconf 90' lang='lat' dir='ltr'><strong>debet</strong></span> <span class='ocrx_word' id='word_1_108' title='bbox 511 2297 670 2358; x_wconf 87' lang='lat' dir='ltr'><strong>dilatione</strong></span> <span class='ocrx_word' id='word_1_109' title='bbox 690 2296 859 2374; x_wconf 86' lang='lat' dir='ltr'><strong>suspendi,</strong></span> 
     </span>
     <span class='ocr_line' id='line_1_21' title="bbox 81 2393 862 2471; baseline 0 -17"><span class='ocrx_word' id='word_1_110' title='bbox 81 2408 145 2454; x_wconf 90' lang='lat' dir='ltr'><strong>cum</strong></span> <span class='ocrx_word' id='word_1_111' title='bbox 171 2410 265 2456; x_wconf 90' lang='lat' dir='ltr'><strong>mora</strong></span> <span class='ocrx_word' id='word_1_112' title='bbox 290 2395 325 2456; x_wconf 92' lang='lat' dir='ltr'><strong>in</strong></span> <span class='ocrx_word' id='word_1_113' title='bbox 351 2394 489 2467; x_wconf 89' lang='lat' dir='ltr'><strong>talibus,</strong></span> <span class='ocrx_word' id='word_1_114' title='bbox 517 2393 702 2471; x_wconf 84' lang='lat' dir='ltr'><strong>praesertim</strong></span> <span class='ocrx_word' id='word_1_115' title='bbox 727 2395 862 2471; x_wconf 87' lang='lat' dir='ltr'><strong>propter</strong></span> 
     </span>
     <span class='ocr_line' id='line_1_22' title="bbox 81 2477 862 2568; baseline 0.003 -18"><span class='ocrx_word' id='word_1_116' title='bbox 81 2490 229 2553; x_wconf 90' lang='lat' dir='ltr'><strong>malitiam</strong></span> <span class='ocrx_word' id='word_1_117' title='bbox 247 2493 418 2567; x_wconf 88' lang='lat' dir='ltr'><strong>temporis,</strong></span> <span class='ocrx_word' id='word_1_118' title='bbox 440 2491 586 2554; x_wconf 79' lang='lat' dir='ltr'><strong>viduatis</strong></span> <span class='ocrx_word' id='word_1_119' title='bbox 611 2491 761 2553; x_wconf 80' lang='lat' dir='ltr'><strong>ecclesiIs</strong></span> <span class='ocrx_word' id='word_1_120' title='bbox 783 2477 862 2568; x_wconf 86' lang='lat' dir='ltr'><strong>gra-</strong></span> 
     </span>
     <span class='ocr_line' id='line_1_23' title="bbox 79 2588 862 2674; baseline 0.004 -28"><span class='ocrx_word' id='word_1_121' title='bbox 79 2601 144 2647; x_wconf 84' lang='lat' dir='ltr'><strong>rom</strong></span> <span class='ocrx_word' id='word_1_122' title='bbox 165 2589 377 2651; x_wconf 84' lang='lat' dir='ltr'><strong>consueverit</strong></span> <span class='ocrx_word' id='word_1_123' title='bbox 395 2589 517 2650; x_wconf 83' lang='lat' dir='ltr'><strong>afferre</strong></span> <span class='ocrx_word' id='word_1_124' title='bbox 537 2590 712 2674; x_wconf 82' lang='lat' dir='ltr'><strong>jacturam,</strong></span> <span class='ocrx_word' id='word_1_125' title='bbox 740 2588 862 2651; x_wconf 81' lang='lat' dir='ltr'><strong>frater-</strong></span> 
     </span>
     <span class='ocr_line' id='line_1_24' title="bbox 80 2685 862 2763; baseline 0.005 -20"><span class='ocrx_word' id='word_1_126' title='bbox 80 2685 166 2746; x_wconf 85' lang='lat' dir='ltr'><strong>nitati</strong></span> <span class='ocrx_word' id='word_1_127' title='bbox 185 2687 252 2748; x_wconf 89' lang='lat' dir='ltr'><strong>tuae</strong></span> <span class='ocrx_word' id='word_1_128' title='bbox 275 2701 336 2763; x_wconf 90' lang='lat' dir='ltr'><strong>per</strong></span> <span class='ocrx_word' id='word_1_129' title='bbox 356 2685 545 2762; x_wconf 76' lang='lat' dir='ltr'><strong>apostolica</strong></span> <span class='ocrx_word' id='word_1_130' title='bbox 570 2687 693 2763; x_wconf 90' lang='lat' dir='ltr'><strong>scripta</strong></span> <span class='ocrx_word' id='word_1_131' title='bbox 722 2686 862 2747; x_wconf 87' lang='lat' dir='ltr'><strong>manda-</strong></span> 
     </span>
     <span class='ocr_line' id='line_1_25' title="bbox 82 2769 862 2860; baseline 0.005 -20"><span class='ocrx_word' id='word_1_132' title='bbox 82 2797 156 2854; x_wconf 91' lang='lat' dir='ltr'><strong>mus,</strong></span> <span class='ocrx_word' id='word_1_133' title='bbox 168 2769 331 2860; x_wconf 78' lang='lat' dir='ltr'><strong>quatenus</strong></span> <span class='ocrx_word' id='word_1_134' title='bbox 347 2783 521 2846; x_wconf 88' lang='lat' dir='ltr'><strong>decaetero</strong></span> <span class='ocrx_word' id='word_1_135' title='bbox 537 2784 627 2845; x_wconf 91' lang='lat' dir='ltr'><strong>circa</strong></span> <span class='ocrx_word' id='word_1_136' title='bbox 641 2783 750 2860; x_wconf 91' lang='lat' dir='ltr'><strong>ipsum</strong></span> <span class='ocrx_word' id='word_1_137' title='bbox 772 2784 862 2844; x_wconf 88' lang='lat' dir='ltr'><strong>elee—</strong></span> 
     </span>
     <span class='ocr_line' id='line_1_26' title="bbox 78 2879 860 2958; baseline 0.004 -19"><span class='ocrx_word' id='word_1_138' title='bbox 78 2879 140 2939; x_wconf 91' lang='lat' dir='ltr'><strong>tum</strong></span> <span class='ocrx_word' id='word_1_139' title='bbox 152 2879 252 2942; x_wconf 84' lang='lat' dir='ltr'><strong>ofdcii</strong></span> <span class='ocrx_word' id='word_1_140' title='bbox 269 2881 319 2942; x_wconf 91' lang='lat' dir='ltr'><strong>tui</strong></span> <span class='ocrx_word' id='word_1_141' title='bbox 338 2879 483 2942; x_wconf 87' lang='lat' dir='ltr'><strong>debitum</strong></span> <span class='ocrx_word' id='word_1_142' title='bbox 503 2881 708 2958; x_wconf 81' lang='lat' dir='ltr'><strong>exsequaris,</strong></span> <span class='ocrx_word' id='word_1_143' title='bbox 727 2881 860 2957; x_wconf 83' lang='lat' dir='ltr'><strong>proviso</strong></span> 
     </span>
     <span class='ocr_line' id='line_1_27' title="bbox 80 2975 861 3056; baseline 0.005 -22"><span class='ocrx_word' id='word_1_144' title='bbox 80 2975 247 3050; x_wconf 82' lang='lat' dir='ltr'><strong>prudenter</strong></span> <span class='ocrx_word' id='word_1_145' title='bbox 261 2993 305 3038; x_wconf 92' lang='lat' dir='ltr'><strong>ne</strong></span> <span class='ocrx_word' id='word_1_146' title='bbox 319 2977 461 3056; x_wconf 90' lang='lat' dir='ltr'><strong>alicujus</strong></span> <span class='ocrx_word' id='word_1_147' title='bbox 476 2977 733 3039; x_wconf 88' lang='lat' dir='ltr'><strong>commutatione</strong></span> <span class='ocrx_word' id='word_1_148' title='bbox 755 2978 861 3039; x_wconf 80' lang='lat' dir='ltr'><strong>collu-</strong></span> 
     </span>
     <span class='ocr_line' id='line_1_28' title="bbox 79 3069 861 3151; baseline 0.006 -22"><span class='ocrx_word' id='word_1_149' title='bbox 79 3069 118 3130; x_wconf 91' lang='lat' dir='ltr'><strong>dii</strong></span> <span class='ocrx_word' id='word_1_150' title='bbox 138 3073 178 3134; x_wconf 89' lang='lat' dir='ltr'><strong>sit</strong></span> <span class='ocrx_word' id='word_1_151' title='bbox 200 3073 242 3134; x_wconf 89' lang='lat' dir='ltr'><strong>ab</strong></span> <span class='ocrx_word' id='word_1_152' title='bbox 266 3073 469 3151; x_wconf 90' lang='lat' dir='ltr'><strong>objectorum</strong></span> <span class='ocrx_word' id='word_1_153' title='bbox 494 3074 725 3150; x_wconf 86' lang='lat' dir='ltr'><strong>prosecutione</strong></span> <span class='ocrx_word' id='word_1_154' title='bbox 748 3088 861 3135; x_wconf 90' lang='lat' dir='ltr'><strong>reces-</strong></span> 
     </span>
     <span class='ocr_line' id='line_1_29' title="bbox 81 3170 857 3248; baseline 0.005 -22"><span class='ocrx_word' id='word_1_155' title='bbox 81 3181 238 3242; x_wconf 78' lang='lat' dir='ltr'><strong>eumcum</strong></span> <span class='ocrx_word' id='word_1_156' title='bbox 257 3171 457 3247; x_wconf 86' lang='lat' dir='ltr'><strong>suspicionis</strong></span> <span class='ocrx_word' id='word_1_157' title='bbox 472 3173 549 3232; x_wconf 90' lang='lat' dir='ltr'><strong>nota</strong></span> <span class='ocrx_word' id='word_1_158' title='bbox 564 3186 630 3232; x_wconf 93' lang='lat' dir='ltr'><strong>non</strong></span> <span class='ocrx_word' id='word_1_159' title='bbox 645 3171 760 3232; x_wconf 89' lang='lat' dir='ltr'><strong>careat</strong></span> <span class='ocrx_word' id='word_1_160' title='bbox 772 3170 857 3248; x_wconf 87' lang='lat' dir='ltr'><strong>quod</strong></span> 
     </span>
     <span class='ocr_line' id='line_1_30' title="bbox 79 3263 857 3346; baseline 0.005 -22"><span class='ocrx_word' id='word_1_161' title='bbox 79 3263 122 3324; x_wconf 93' lang='lat' dir='ltr'><strong>illi</strong></span> <span class='ocrx_word' id='word_1_162' title='bbox 146 3267 217 3329; x_wconf 92' lang='lat' dir='ltr'><strong>sine</strong></span> <span class='ocrx_word' id='word_1_163' title='bbox 245 3267 457 3330; x_wconf 88' lang='lat' dir='ltr'><strong>discussione</strong></span> <span class='ocrx_word' id='word_1_164' title='bbox 482 3269 649 3346; x_wconf 83' lang='lat' dir='ltr'><strong>reliquere</strong></span> <span class='ocrx_word' id='word_1_165' title='bbox 677 3268 857 3344; x_wconf 90' lang='lat' dir='ltr'><strong>negotium,</strong></span> 
     </span>
     <span class='ocr_line' id='line_1_31' title="bbox 80 3363 857 3442; baseline 0.006 -21"><span class='ocrx_word' id='word_1_166' title='bbox 80 3363 154 3437; x_wconf 86' lang='lat' dir='ltr'><strong>quod</strong></span> <span class='ocrx_word' id='word_1_167' title='bbox 177 3365 242 3426; x_wconf 89' lang='lat' dir='ltr'><strong>tam</strong></span> <span class='ocrx_word' id='word_1_168' title='bbox 264 3363 455 3426; x_wconf 42' lang='lat' dir='ltr'><strong>*voluntarie</strong></span> <span class='ocrx_word' id='word_1_169' title='bbox 481 3366 559 3427; x_wconf 91' lang='lat' dir='ltr'><strong>sunt</strong></span> <span class='ocrx_word' id='word_1_170' title='bbox 584 3365 746 3440; x_wconf 80' lang='lat' dir='ltr'><strong>aggressi,</strong></span> <span class='ocrx_word' id='word_1_171' title='bbox 771 3381 857 3442; x_wconf 89' lang='lat' dir='ltr'><strong>quo-</strong></span> 
     </span>
     <span class='ocr_line' id='line_1_32' title="bbox 78 3457 858 3539; baseline 0.008 -23"><span class='ocrx_word' id='word_1_172' title='bbox 78 3457 167 3531; x_wconf 84' lang='lat' dir='ltr'><strong>nlam,</strong></span> <span class='ocrx_word' id='word_1_173' title='bbox 185 3461 214 3522; x_wconf 90' lang='lat' dir='ltr'><strong>si</strong></span> <span class='ocrx_word' id='word_1_174' title='bbox 227 3461 371 3524; x_wconf 79' lang='lat' dir='ltr'><strong>veritate</strong></span> <span class='ocrx_word' id='word_1_175' title='bbox 386 3461 587 3534; x_wconf 87' lang='lat' dir='ltr'><strong>nitebantur,</strong></span> <span class='ocrx_word' id='word_1_176' title='bbox 605 3462 733 3539; x_wconf 87' lang='lat' dir='ltr'><strong>objecta</strong></span> <span class='ocrx_word' id='word_1_177' title='bbox 753 3461 858 3523; x_wconf 90' lang='lat' dir='ltr'><strong>dissi-</strong></span> 
     </span>
     <span class='ocr_line' id='line_1_33' title="bbox 79 3556 858 3636; baseline 0.006 -22"><span class='ocrx_word' id='word_1_178' title='bbox 79 3556 220 3619; x_wconf 88' lang='lat' dir='ltr'><strong>mulanda</strong></span> <span class='ocrx_word' id='word_1_179' title='bbox 236 3573 304 3619; x_wconf 91' lang='lat' dir='ltr'><strong>non</strong></span> <span class='ocrx_word' id='word_1_180' title='bbox 315 3558 597 3620; x_wconf 88' lang='lat' dir='ltr'><strong>erantinbomine</strong></span> <span class='ocrx_word' id='word_1_181' title='bbox 607 3558 649 3620; x_wconf 88' lang='lat' dir='ltr'><strong>ud</strong></span> <span class='ocrx_word' id='word_1_182' title='bbox 660 3559 858 3636; x_wconf 91' lang='lat' dir='ltr'><strong>episcopalis</strong></span> 
     </span>
     <span class='ocr_line' id='line_1_34' title="bbox 77 3649 858 3732; baseline 0.008 -22"><span class='ocrx_word' id='word_1_183' title='bbox 77 3649 235 3728; x_wconf 86' lang='lat' dir='ltr'><strong>dignitatis</strong></span> <span class='ocrx_word' id='word_1_184' title='bbox 253 3655 381 3732; x_wconf 86' lang='lat' dir='ltr'><strong>apicem</strong></span> <span class='ocrx_word' id='word_1_185' title='bbox 396 3655 636 3732; x_wconf 83' lang='lat' dir='ltr'><strong>promovend0;</strong></span> <span class='ocrx_word' id='word_1_186' title='bbox 657 3656 687 3717; x_wconf 88' lang='lat' dir='ltr'><strong>si</strong></span> <span class='ocrx_word' id='word_1_187' title='bbox 707 3657 858 3718; x_wconf 82' lang='lat' dir='ltr'><strong>veritatis</strong></span> 
     </span>
     <span class='ocr_line' id='line_1_35' title="bbox 77 3751 859 3829; baseline 0.008 -21"><span class='ocrx_word' id='word_1_188' title='bbox 77 3753 161 3814; x_wconf 87' lang='lat' dir='ltr'><strong>erant</strong></span> <span class='ocrx_word' id='word_1_189' title='bbox 171 3751 330 3815; x_wconf 86' lang='lat' dir='ltr'><strong>destituta</strong></span> <span class='ocrx_word' id='word_1_190' title='bbox 345 3752 527 3829; x_wconf 86' lang='lat' dir='ltr'><strong>suffragiis,</strong></span> <span class='ocrx_word' id='word_1_191' title='bbox 543 3753 643 3813; x_wconf 87' lang='lat' dir='ltr'><strong>nimis</strong></span> <span class='ocrx_word' id='word_1_192' title='bbox 653 3768 742 3814; x_wconf 85' lang='lat' dir='ltr'><strong>caeca</strong></span> <span class='ocrx_word' id='word_1_193' title='bbox 758 3769 859 3814; x_wconf 91' lang='lat' dir='ltr'><strong>cons-</strong></span> 
     </span>
     <span class='ocr_line' id='line_1_36' title="bbox 77 3845 857 3927; baseline 0.009 -23"><span class='ocrx_word' id='word_1_194' title='bbox 77 3845 185 3910; x_wconf 89' lang='lat' dir='ltr'><strong>cientia</strong></span> <span class='ocrx_word' id='word_1_195' title='bbox 219 3849 427 3927; x_wconf 91' lang='lat' dir='ltr'><strong>nimiumque</strong></span> <span class='ocrx_word' id='word_1_196' title='bbox 464 3851 652 3926; x_wconf 90' lang='lat' dir='ltr'><strong>importuno</strong></span> <span class='ocrx_word' id='word_1_197' title='bbox 683 3849 857 3911; x_wconf 86' lang='lat' dir='ltr'><strong>mendacio</strong></span> 
     </span>
     <span class='ocr_line' id='line_1_37' title="bbox 79 3939 855 4022; baseline 0.008 -20"><span class='ocrx_word' id='word_1_198' title='bbox 79 3939 335 4022; x_wconf 90' lang='lat' dir='ltr'><strong>impingebantur</strong></span> <span class='ocrx_word' id='word_1_199' title='bbox 367 3946 501 4008; x_wconf 87' lang='lat' dir='ltr'><strong>insonti.</strong></span> <span class='ocrx_word' id='word_1_200' title='bbox 531 3948 650 4009; x_wconf 89' lang='lat' dir='ltr'><strong>Datum</strong></span> <span class='ocrx_word' id='word_1_201' title='bbox 688 3947 855 4020; x_wconf 87' lang='lat' dir='ltr'><strong>Laterani,</strong></span> 
     </span>
     <span class='ocr_line' id='line_1_38' title="bbox 77 4039 857 4121; baseline 0.01 -23"><span class='ocrx_word' id='word_1_202' title='bbox 77 4039 279 4104; x_wconf 76' lang='lat' dir='ltr'><strong>virulentias</strong></span> <span class='ocrx_word' id='word_1_203' title='bbox 303 4041 475 4118; x_wconf 74' lang='lat' dir='ltr'><strong>februarii,</strong></span> <span class='ocrx_word' id='word_1_204' title='bbox 503 4043 716 4121; x_wconf 83' lang='lat' dir='ltr'><strong>pontificatus</strong></span> <span class='ocrx_word' id='word_1_205' title='bbox 751 4044 857 4107; x_wconf 87' lang='lat' dir='ltr'><strong>nostri</strong></span> 
     </span>
     <span class='ocr_line' id='line_1_39' title="bbox 79 4139 318 4217; baseline 0.033 -23"><span class='ocrx_word' id='word_1_206' title='bbox 79 4139 318 4217; x_wconf 89' lang='lat' dir='ltr'><strong>annoseptimo.</strong></span> 
     </span>
    </p>
   </div>
   <div class='ocr_carea' id='block_1_3' title="bbox 318 4417 527 4548">
    <p class='ocr_par' dir='ltr' id='par_1_3' title="bbox 318 4417 527 4548">
     <span class='ocr_line' id='line_1_40' title="bbox 318 4417 527 4548; baseline 0.029 -6"><span class='ocrx_word' id='word_1_207' title='bbox 318 4417 322 4424; x_wconf 79' lang='grc'><strong><em>’</em></strong></span> <span class='ocrx_word' id='word_1_208' title='bbox 398 4459 527 4548; x_wconf 82' lang='lat' dir='ltr'><strong>nrm</strong></span> 
     </span>
    </p>
   </div>
   <div class='ocr_carea' id='block_1_4' title="bbox 78 4607 854 4930">
    <p class='ocr_par' dir='ltr' id='par_1_4' title="bbox 78 4607 854 4930">
     <span class='ocr_line' id='line_1_41' title="bbox 78 4607 854 4687; baseline 0.008 -21"><span class='ocrx_word' id='word_1_209' title='bbox 78 4607 122 4666; x_wconf 77' lang='lat' dir='ltr'><strong>Ad</strong></span> <span class='ocrx_word' id='word_1_210' title='bbox 136 4609 328 4672; x_wconf 66' lang='lat' dir='ltr'><strong>aruncum</strong></span> <span class='ocrx_word' id='word_1_211' title='bbox 347 4611 543 4684; x_wconf 78' lang='lat' dir='ltr'><strong>episcopum</strong></span> <span class='ocrx_word' id='word_1_212' title='bbox 556 4611 854 4687; x_wconf 79' lang='lat' dir='ltr'><strong>Arpeuttucusem.</strong></span> 
     </span>
     <span class='ocr_line' id='line_1_42' title="bbox 325 4735 590 4812; baseline 0 -16"><span class='ocrx_word' id='word_1_213' title='bbox 325 4739 361 4797; x_wconf 75' lang='lat'><strong>28</strong></span> <span class='ocrx_word' id='word_1_214' title='bbox 372 4735 496 4812; x_wconf 83' lang='lat' dir='ltr'><strong>januarii</strong></span> <span class='ocrx_word' id='word_1_215' title='bbox 512 4739 590 4798; x_wconf 79' lang='grc'><strong>1113.</strong></span> 
     </span>
     <span class='ocr_line' id='line_1_43' title="bbox 181 4859 739 4930; baseline 0.002 -16"><span class='ocrx_word' id='word_1_216' title='bbox 181 4859 359 4924; x_wconf 76' lang='lat' dir='ltr'><strong>[Wnrdtweim</strong></span> <span class='ocrx_word' id='word_1_217' title='bbox 371 4862 443 4914; x_wconf 84' lang='lat' dir='ltr'><strong>Nova</strong></span> <span class='ocrx_word' id='word_1_218' title='bbox 453 4861 577 4921; x_wconf 72' lang='lat' dir='ltr'><strong>subsidite,</strong></span> <span class='ocrx_word' id='word_1_219' title='bbox 590 4863 657 4924; x_wconf 87' lang='lat' dir='ltr'><strong>XIII,</strong></span> <span class='ocrx_word' id='word_1_220' title='bbox 670 4863 739 4930; x_wconf 66' lang='lat' dir='ltr'><strong>dib]</strong></span> 
     </span>
    </p>
   </div>
   <div class='ocr_carea' id='block_1_5' title="bbox 78 4978 855 5136">
    <p class='ocr_par' dir='ltr' id='par_1_5' title="bbox 78 4978 855 5136">
     <span class='ocr_line' id='line_1_44' title="bbox 78 4978 855 5059; baseline 0.015 -23"><span class='ocrx_word' id='word_1_221' title='bbox 78 4978 222 5044; x_wconf 77' lang='lat' dir='ltr'><strong>iuventus</strong></span> <span class='ocrx_word' id='word_1_222' title='bbox 236 4985 367 5044; x_wconf 81' lang='lat' dir='ltr'><strong>ecclesia</strong></span> <span class='ocrx_word' id='word_1_223' title='bbox 383 4985 556 5059; x_wconf 86' lang='lat' dir='ltr'><strong>parochialis</strong></span> <span class='ocrx_word' id='word_1_224' title='bbox 574 4988 604 5044; x_wconf 92' lang='lat' dir='ltr'><strong>in</strong></span> <span class='ocrx_word' id='word_1_225' title='bbox 621 4987 772 5048; x_wconf 88' lang='lat' dir='ltr'><strong>Nussbccb</strong></span> <span class='ocrx_word' id='word_1_226' title='bbox 786 5003 855 5048; x_wconf 88' lang='lat' dir='ltr'><strong>oon·</strong></span> 
     </span>
     <span class='ocr_line' id='line_1_45' title="bbox 170 5070 749 5136; baseline 0.009 -7"><span class='ocrx_word' id='word_1_227' title='bbox 170 5070 224 5130; x_wconf 74' lang='grc'><strong>1611</strong></span> <span class='ocrx_word' id='word_1_228' title='bbox 237 5074 410 5132; x_wconf 86' lang='lat' dir='ltr'><strong>monasterio</strong></span> <span class='ocrx_word' id='word_1_229' title='bbox 424 5075 557 5134; x_wconf 90' lang='lat' dir='ltr'><strong>Omnium</strong></span> <span class='ocrx_word' id='word_1_230' title='bbox 572 5075 749 5136; x_wconf 87' lang='lat' dir='ltr'><strong>Sanctorum.</strong></span> 
     </span>
    </p>
   </div>
   <div class='ocr_carea' id='block_1_6' title="bbox 77 5195 858 5762">
    <p class='ocr_par' dir='ltr' id='par_1_6' title="bbox 77 5195 858 5467">
     <span class='ocr_line' id='line_1_46' title="bbox 111 5195 855 5276; baseline 0.012 -22"><span class='ocrx_word' id='word_1_231' title='bbox 111 5195 775 5276; x_wconf 84' lang='lat' dir='ltr'><strong>Honoriusepiscopus,servusserrorum</strong></span> <span class='ocrx_word' id='word_1_232' title='bbox 784 5201 855 5276; x_wconf 87' lang='lat' dir='ltr'><strong>Dei,</strong></span> 
     </span>
     <span class='ocr_line' id='line_1_47' title="bbox 77 5292 858 5373; baseline 0.019 -28"><span class='ocrx_word' id='word_1_233' title='bbox 77 5292 246 5355; x_wconf 70' lang='lat' dir='ltr'><strong>venerabili</strong></span> <span class='ocrx_word' id='word_1_234' title='bbox 262 5294 358 5357; x_wconf 81' lang='lat' dir='ltr'><strong>fratri</strong></span> <span class='ocrx_word' id='word_1_235' title='bbox 372 5295 526 5372; x_wconf 89' lang='lat' dir='ltr'><strong>episcopo</strong></span> <span class='ocrx_word' id='word_1_236' title='bbox 539 5299 786 5373; x_wconf 85' lang='lat' dir='ltr'><strong>Argentinensi,</strong></span> <span class='ocrx_word' id='word_1_237' title='bbox 801 5315 858 5360; x_wconf 83' lang='lat' dir='ltr'><strong>sa·-</strong></span> 
     </span>
     <span class='ocr_line' id='line_1_48' title="bbox 78 5381 739 5467; baseline 0.02 -25"><span class='ocrx_word' id='word_1_238' title='bbox 78 5381 166 5449; x_wconf 91' lang='lat' dir='ltr'><strong>lutem</strong></span> <span class='ocrx_word' id='word_1_239' title='bbox 181 5391 214 5451; x_wconf 89' lang='lat' dir='ltr'><strong>et</strong></span> <span class='ocrx_word' id='word_1_240' title='bbox 226 5391 450 5467; x_wconf 83' lang='lat' dir='ltr'><strong>Apostolicam</strong></span> <span class='ocrx_word' id='word_1_241' title='bbox 464 5392 739 5457; x_wconf 90' lang='lat' dir='ltr'><strong>benedictionem.</strong></span> 
     </span>
    </p>

    <p class='ocr_par' dir='ltr' id='par_1_7' title="bbox 78 5484 855 5762">
     <span class='ocr_line' id='line_1_49' title="bbox 111 5484 855 5566; baseline 0.013 -22"><span class='ocrx_word' id='word_1_242' title='bbox 111 5484 223 5548; x_wconf 87' lang='lat' dir='ltr'><strong>Dilecti</strong></span> <span class='ocrx_word' id='word_1_243' title='bbox 246 5487 309 5548; x_wconf 89' lang='lat' dir='ltr'><strong>filii</strong></span> <span class='ocrx_word' id='word_1_244' title='bbox 332 5489 530 5566; x_wconf 89' lang='lat' dir='ltr'><strong>praepositus</strong></span> <span class='ocrx_word' id='word_1_245' title='bbox 554 5491 793 5554; x_wconf 84' lang='lat' dir='ltr'><strong>etconventns</strong></span> <span class='ocrx_word' id='word_1_246' title='bbox 815 5492 855 5554; x_wconf 89' lang='lat' dir='ltr'><strong>de</strong></span> 
     </span>
     <span class='ocr_line' id='line_1_50' title="bbox 79 5578 854 5652; baseline 0.015 -14"><span class='ocrx_word' id='word_1_247' title='bbox 79 5578 152 5641; x_wconf 87' lang='lat' dir='ltr'><strong>cella</strong></span> <span class='ocrx_word' id='word_1_248' title='bbox 187 5585 340 5646; x_wconf 90' lang='lat' dir='ltr'><strong>Omnium</strong></span> <span class='ocrx_word' id='word_1_249' title='bbox 373 5587 569 5648; x_wconf 84' lang='lat' dir='ltr'><strong>Sanctorum</strong></span> <span class='ocrx_word' id='word_1_250' title='bbox 604 5591 854 5652; x_wconf 85' lang='lat' dir='ltr'><strong>Praemonstra-</strong></span> 
     </span>
     <span class='ocr_line' id='line_1_51' title="bbox 78 5671 853 5762; baseline 0.022 -31"><span class='ocrx_word' id='word_1_251' title='bbox 78 5671 170 5738; x_wconf 85' lang='lat' dir='ltr'><strong>tensis</strong></span> <span class='ocrx_word' id='word_1_252' title='bbox 180 5681 306 5743; x_wconf 86' lang='lat' dir='ltr'><strong>ordinis</strong></span> <span class='ocrx_word' id='word_1_253' title='bbox 321 5681 416 5745; x_wconf 88' lang='lat' dir='ltr'><strong>nobis</strong></span> <span class='ocrx_word' id='word_1_254' title='bbox 428 5683 603 5745; x_wconf 85' lang='lat' dir='ltr'><strong>humiliter</strong></span> <span class='ocrx_word' id='word_1_255' title='bbox 611 5685 853 5762; x_wconf 86' lang='lat' dir='ltr'><strong>supplicarunt,</strong></span> 
     </span>
    </p>
   </div>
   <div class='ocr_carea' id='block_1_7' title="bbox 682 383 1105 451">
    <p class='ocr_par' dir='ltr' id='par_1_8' title="bbox 682 383 1105 451">
     <span class='ocr_line' id='line_1_52' title="bbox 682 383 1105 451; baseline -0.002 -4"><span class='ocrx_word' id='word_1_256' title='bbox 682 383 909 448; x_wconf 77' lang='lat' dir='ltr'><strong>EPISTOLAE.</strong></span> <span class='ocrx_word' id='word_1_257' title='bbox 932 384 1010 447; x_wconf 81' lang='lat' dir='ltr'><strong>nin.</strong></span> <span class='ocrx_word' id='word_1_258' title='bbox 1034 387 1105 451; x_wconf 84' lang='lat' dir='ltr'><strong>VII.</strong></span> 
     </span>
    </p>
   </div>
   <div class='ocr_carea' id='block_1_8' title="bbox 1651 395 1714 458">
    <p class='ocr_par' dir='ltr' id='par_1_9' title="bbox 1651 395 1714 458">
     <span class='ocr_line' id='line_1_53' title="bbox 1651 395 1714 458; baseline 0 0"><span class='ocrx_word' id='word_1_259' title='bbox 1651 395 1714 458; x_wconf 81' lang='lat'><strong>282</strong></span> 
     </span>
    </p>
   </div>
   <div class='ocr_carea' id='block_1_9' title="bbox 914 545 1714 2769">
    <p class='ocr_par' dir='ltr' id='par_1_10' title="bbox 914 545 1714 2769">
     <span class='ocr_line' id='line_1_54' title="bbox 918 545 1714 624; baseline 0.019 -18"><span class='ocrx_word' id='word_1_260' title='bbox 918 545 1069 624; x_wconf 81' lang='lat' dir='ltr'><strong>utquam</strong></span> <span class='ocrx_word' id='word_1_261' title='bbox 1081 545 1205 609; x_wconf 91' lang='lat' dir='ltr'><strong>nobilis</strong></span> <span class='ocrx_word' id='word_1_262' title='bbox 1216 547 1339 612; x_wconf 91' lang='lat' dir='ltr'><strong>mulier</strong></span> <span class='ocrx_word' id='word_1_263' title='bbox 1351 548 1414 612; x_wconf 84' lang='lat' dir='ltr'><strong>llta</strong></span> <span class='ocrx_word' id='word_1_264' title='bbox 1429 548 1562 616; x_wconf 86' lang='lat' dir='ltr'><strong>ducissa</strong></span> <span class='ocrx_word' id='word_1_265' title='bbox 1576 552 1617 618; x_wconf 90' lang='lat' dir='ltr'><strong>de</strong></span> <span class='ocrx_word' id='word_1_266' title='bbox 1630 557 1714 620; x_wconf 80' lang='lat' dir='ltr'><strong>Sco-</strong></span> 
     </span>
     <span class='ocr_line' id='line_1_55' title="bbox 917 643 1711 726; baseline 0.015 -21"><span class='ocrx_word' id='word_1_267' title='bbox 917 643 1080 721; x_wconf 82' lang='lat' dir='ltr'><strong>wenburg</strong></span> <span class='ocrx_word' id='word_1_268' title='bbox 1095 647 1162 707; x_wconf 89' lang='lat' dir='ltr'><strong>tuae</strong></span> <span class='ocrx_word' id='word_1_269' title='bbox 1183 645 1336 708; x_wconf 88' lang='lat' dir='ltr'><strong>dioecesis</strong></span> <span class='ocrx_word' id='word_1_270' title='bbox 1352 650 1410 725; x_wconf 85' lang='lat' dir='ltr'><strong>jus</strong></span> <span class='ocrx_word' id='word_1_271' title='bbox 1431 651 1627 726; x_wconf 87' lang='lat' dir='ltr'><strong>patronatus</strong></span> <span class='ocrx_word' id='word_1_272' title='bbox 1650 670 1711 717; x_wconf 91' lang='lat' dir='ltr'><strong>ec-</strong></span> 
     </span>
     <span class='ocr_line' id='line_1_56' title="bbox 918 739 1712 816; baseline 0.018 -14"><span class='ocrx_word' id='word_1_273' title='bbox 918 739 1031 802; x_wconf 84' lang='lat' dir='ltr'><strong>clesiae</strong></span> <span class='ocrx_word' id='word_1_274' title='bbox 1050 741 1090 803; x_wconf 92' lang='lat' dir='ltr'><strong>de</strong></span> <span class='ocrx_word' id='word_1_275' title='bbox 1114 742 1287 805; x_wconf 88' lang='lat' dir='ltr'><strong>Nussbacb</strong></span> <span class='ocrx_word' id='word_1_276' title='bbox 1314 745 1362 806; x_wconf 89' lang='lat' dir='ltr'><strong>eis</strong></span> <span class='ocrx_word' id='word_1_277' title='bbox 1387 748 1565 810; x_wconf 86' lang='lat' dir='ltr'><strong>contulerit</strong></span> <span class='ocrx_word' id='word_1_278' title='bbox 1588 751 1712 816; x_wconf 86' lang='lat' dir='ltr'><strong>intuitu</strong></span> 
     </span>
     <span class='ocr_line' id='line_1_57' title="bbox 919 837 1712 922; baseline 0.019 -24"><span class='ocrx_word' id='word_1_279' title='bbox 919 837 1063 913; x_wconf 88' lang='lat' dir='ltr'><strong>pietatis,</strong></span> <span class='ocrx_word' id='word_1_280' title='bbox 1087 840 1173 916; x_wconf 86' lang='lat' dir='ltr'><strong>quod</strong></span> <span class='ocrx_word' id='word_1_281' title='bbox 1197 839 1279 916; x_wconf 90' lang='lat' dir='ltr'><strong>ipsis</strong></span> <span class='ocrx_word' id='word_1_282' title='bbox 1300 845 1497 906; x_wconf 88' lang='lat' dir='ltr'><strong>auctoritate</strong></span> <span class='ocrx_word' id='word_1_283' title='bbox 1520 848 1712 922; x_wconf 83' lang='lat' dir='ltr'><strong>Apostolica</strong></span> 
     </span>
     <span class='ocr_line' id='line_1_58' title="bbox 917 933 1713 1014; baseline 0.02 -20"><span class='ocrx_word' id='word_1_284' title='bbox 917 933 982 996; x_wconf 82' lang='lat' dir='ltr'><strong>tuit</strong></span> <span class='ocrx_word' id='word_1_285' title='bbox 1004 936 1212 1011; x_wconf 89' lang='lat' dir='ltr'><strong>postmodnm</strong></span> <span class='ocrx_word' id='word_1_286' title='bbox 1234 939 1474 1014; x_wconf 82' lang='lat' dir='ltr'><strong>confirmatum,</strong></span> <span class='ocrx_word' id='word_1_287' title='bbox 1506 959 1566 1005; x_wconf 93' lang='lat' dir='ltr'><strong>nos</strong></span> <span class='ocrx_word' id='word_1_288' title='bbox 1588 947 1713 1010; x_wconf 87' lang='lat' dir='ltr'><strong>eisdem</strong></span> 
     </span>
     <span class='ocr_line' id='line_1_59' title="bbox 917 1032 1712 1110; baseline 0.015 -16"><span class='ocrx_word' id='word_1_289' title='bbox 917 1032 1093 1094; x_wconf 87' lang='lat' dir='ltr'><strong>ecclesiam</strong></span> <span class='ocrx_word' id='word_1_290' title='bbox 1117 1035 1222 1110; x_wconf 91' lang='lat' dir='ltr'><strong>ipsam</strong></span> <span class='ocrx_word' id='word_1_291' title='bbox 1245 1038 1427 1100; x_wconf 87' lang='lat' dir='ltr'><strong>concedere</strong></span> <span class='ocrx_word' id='word_1_292' title='bbox 1451 1040 1712 1106; x_wconf 88' lang='lat' dir='ltr'><strong>misericorditer</strong></span> 
     </span>
     <span class='ocr_line' id='line_1_60' title="bbox 917 1129 1709 1216; baseline 0.018 -27"><span class='ocrx_word' id='word_1_293' title='bbox 917 1129 1141 1204; x_wconf 89' lang='lat' dir='ltr'><strong>dignaremur,</strong></span> <span class='ocrx_word' id='word_1_294' title='bbox 1160 1133 1206 1193; x_wconf 83' lang='lat' dir='ltr'><strong>ita</strong></span> <span class='ocrx_word' id='word_1_295' title='bbox 1221 1132 1307 1209; x_wconf 90' lang='lat' dir='ltr'><strong>quod</strong></span> <span class='ocrx_word' id='word_1_296' title='bbox 1329 1137 1404 1210; x_wconf 89' lang='lat' dir='ltr'><strong>post</strong></span> <span class='ocrx_word' id='word_1_297' title='bbox 1423 1140 1561 1200; x_wconf 91' lang='lat' dir='ltr'><strong>mortem</strong></span> <span class='ocrx_word' id='word_1_298' title='bbox 1576 1141 1709 1216; x_wconf 91' lang='lat' dir='ltr'><strong>plebani</strong></span> 
     </span>
     <span class='ocr_line' id='line_1_61' title="bbox 918 1227 1711 1311; baseline 0.018 -25"><span class='ocrx_word' id='word_1_299' title='bbox 918 1227 1067 1303; x_wconf 82' lang='lat' dir='ltr'><strong>ejusdem</strong></span> <span class='ocrx_word' id='word_1_300' title='bbox 1083 1228 1234 1290; x_wconf 89' lang='lat' dir='ltr'><strong>ecclesiae</strong></span> <span class='ocrx_word' id='word_1_301' title='bbox 1254 1235 1434 1306; x_wconf 76' lang='lat' dir='ltr'><strong>prouentus</strong></span> <span class='ocrx_word' id='word_1_302' title='bbox 1448 1235 1555 1311; x_wconf 89' lang='lat' dir='ltr'><strong>ipsius</strong></span> <span class='ocrx_word' id='word_1_303' title='bbox 1577 1236 1611 1298; x_wconf 92' lang='lat' dir='ltr'><strong>in</strong></span> <span class='ocrx_word' id='word_1_304' title='bbox 1631 1253 1711 1300; x_wconf 88' lang='lat' dir='ltr'><strong>usus</strong></span> 
     </span>
     <span class='ocr_line' id='line_1_62' title="bbox 918 1324 1710 1410; baseline 0.019 -27"><span class='ocrx_word' id='word_1_305' title='bbox 918 1324 1068 1400; x_wconf 87' lang='lat' dir='ltr'><strong>proprios</strong></span> <span class='ocrx_word' id='word_1_306' title='bbox 1094 1327 1227 1388; x_wconf 85' lang='lat' dir='ltr'><strong>valeant</strong></span> <span class='ocrx_word' id='word_1_307' title='bbox 1254 1328 1410 1401; x_wconf 89' lang='lat' dir='ltr'><strong>retinere,</strong></span> <span class='ocrx_word' id='word_1_308' title='bbox 1440 1333 1473 1394; x_wconf 92' lang='lat' dir='ltr'><strong>te</strong></span> <span class='ocrx_word' id='word_1_309' title='bbox 1497 1333 1537 1394; x_wconf 91' lang='lat' dir='ltr'><strong>de</strong></span> <span class='ocrx_word' id='word_1_310' title='bbox 1560 1335 1710 1410; x_wconf 90' lang='lat' dir='ltr'><strong>ipsorum</strong></span> 
     </span>
     <span class='ocr_line' id='line_1_63' title="bbox 916 1421 1710 1495; baseline 0.019 -15"><span class='ocrx_word' id='word_1_311' title='bbox 916 1421 1057 1484; x_wconf 85' lang='lat' dir='ltr'><strong>honesta</strong></span> <span class='ocrx_word' id='word_1_312' title='bbox 1072 1425 1325 1487; x_wconf 86' lang='lat' dir='ltr'><strong>conversatione</strong></span> <span class='ocrx_word' id='word_1_313' title='bbox 1340 1426 1506 1492; x_wconf 90' lang='lat' dir='ltr'><strong>laudabile</strong></span> <span class='ocrx_word' id='word_1_314' title='bbox 1526 1431 1621 1493; x_wconf 93' lang='lat' dir='ltr'><strong>nobis</strong></span> <span class='ocrx_word' id='word_1_315' title='bbox 1637 1435 1710 1495; x_wconf 54' lang='lat' dir='ltr'><strong>tese-</strong></span> 
     </span>
     <span class='ocr_line' id='line_1_64' title="bbox 916 1517 1711 1602; baseline 0.015 -22"><span class='ocrx_word' id='word_1_316' title='bbox 916 1517 1091 1580; x_wconf 79' lang='lat' dir='ltr'><strong>timonIum</strong></span> <span class='ocrx_word' id='word_1_317' title='bbox 1111 1537 1170 1598; x_wconf 92' lang='lat' dir='ltr'><strong>per</strong></span> <span class='ocrx_word' id='word_1_318' title='bbox 1189 1524 1265 1583; x_wconf 87' lang='lat' dir='ltr'><strong>tuas</strong></span> <span class='ocrx_word' id='word_1_319' title='bbox 1287 1523 1415 1586; x_wconf 91' lang='lat' dir='ltr'><strong>litteras</strong></span> <span class='ocrx_word' id='word_1_320' title='bbox 1439 1527 1645 1602; x_wconf 88' lang='lat' dir='ltr'><strong>perhibente,</strong></span> <span class='ocrx_word' id='word_1_321' title='bbox 1670 1545 1711 1592; x_wconf 90' lang='lat' dir='ltr'><strong>ac</strong></span> 
     </span>
     <span class='ocr_line' id='line_1_65' title="bbox 917 1616 1709 1704; baseline 0.016 -28"><span class='ocrx_word' id='word_1_322' title='bbox 917 1616 1124 1692; x_wconf 90' lang='lat' dir='ltr'><strong>supplicante</strong></span> <span class='ocrx_word' id='word_1_323' title='bbox 1161 1633 1260 1696; x_wconf 86' lang='lat' dir='ltr'><strong>super</strong></span> <span class='ocrx_word' id='word_1_324' title='bbox 1301 1620 1365 1683; x_wconf 92' lang='lat' dir='ltr'><strong>boc</strong></span> <span class='ocrx_word' id='word_1_325' title='bbox 1397 1623 1617 1688; x_wconf 87' lang='lat' dir='ltr'><strong>nibilominus</strong></span> <span class='ocrx_word' id='word_1_326' title='bbox 1648 1643 1709 1704; x_wconf 91' lang='lat' dir='ltr'><strong>pro</strong></span> 
     </span>
     <span class='ocr_line' id='line_1_66' title="bbox 917 1712 1711 1800; baseline 0.019 -29"><span class='ocrx_word' id='word_1_327' title='bbox 917 1712 1051 1774; x_wconf 89' lang='lat' dir='ltr'><strong>eisdem.</strong></span> <span class='ocrx_word' id='word_1_328' title='bbox 1073 1716 1142 1776; x_wconf 87' lang='lat' dir='ltr'><strong>Nos</strong></span> <span class='ocrx_word' id='word_1_329' title='bbox 1163 1716 1265 1791; x_wconf 90' lang='lat' dir='ltr'><strong>igitur</strong></span> <span class='ocrx_word' id='word_1_330' title='bbox 1284 1720 1317 1778; x_wconf 87' lang='lat' dir='ltr'><strong>el</strong></span> <span class='ocrx_word' id='word_1_331' title='bbox 1337 1718 1471 1780; x_wconf 92' lang='lat' dir='ltr'><strong>illorum</strong></span> <span class='ocrx_word' id='word_1_332' title='bbox 1493 1724 1711 1800; x_wconf 87' lang='lat' dir='ltr'><strong>snpplicatio-</strong></span> 
     </span>
     <span class='ocr_line' id='line_1_67' title="bbox 917 1809 1710 1894; baseline 0.019 -25"><span class='ocrx_word' id='word_1_333' title='bbox 917 1809 1027 1883; x_wconf 87' lang='lat' dir='ltr'><strong>nibus,</strong></span> <span class='ocrx_word' id='word_1_334' title='bbox 1055 1814 1215 1889; x_wconf 86' lang='lat' dir='ltr'><strong>quantum</strong></span> <span class='ocrx_word' id='word_1_335' title='bbox 1240 1831 1315 1876; x_wconf 91' lang='lat' dir='ltr'><strong>cum</strong></span> <span class='ocrx_word' id='word_1_336' title='bbox 1340 1817 1408 1878; x_wconf 89' lang='lat' dir='ltr'><strong>Deo</strong></span> <span class='ocrx_word' id='word_1_337' title='bbox 1442 1833 1616 1894; x_wconf 91' lang='lat' dir='ltr'><strong>possumus</strong></span> <span class='ocrx_word' id='word_1_338' title='bbox 1645 1837 1710 1884; x_wconf 89' lang='lat' dir='ltr'><strong>an-</strong></span> 
     </span>
     <span class='ocr_line' id='line_1_68' title="bbox 917 1909 1708 1994; baseline 0.018 -27"><span class='ocrx_word' id='word_1_339' title='bbox 917 1923 1030 1981; x_wconf 90' lang='lat' dir='ltr'><strong>nuere,</strong></span> <span class='ocrx_word' id='word_1_340' title='bbox 1049 1923 1088 1970; x_wconf 91' lang='lat' dir='ltr'><strong>ac</strong></span> <span class='ocrx_word' id='word_1_341' title='bbox 1106 1909 1179 1978; x_wconf 89' lang='lat' dir='ltr'><strong>tihi,</strong></span> <span class='ocrx_word' id='word_1_342' title='bbox 1193 1913 1250 1988; x_wconf 90' lang='lat' dir='ltr'><strong>qni</strong></span> <span class='ocrx_word' id='word_1_343' title='bbox 1269 1912 1335 1973; x_wconf 92' lang='lat' dir='ltr'><strong>loci</strong></span> <span class='ocrx_word' id='word_1_344' title='bbox 1355 1913 1563 1978; x_wconf 91' lang='lat' dir='ltr'><strong>dioecesanus</strong></span> <span class='ocrx_word' id='word_1_345' title='bbox 1579 1919 1708 1994; x_wconf 78' lang='lat' dir='ltr'><strong>existis,</strong></span> 
     </span>
     <span class='ocr_line' id='line_1_69' title="bbox 917 2004 1709 2081; baseline 0.018 -16"><span class='ocrx_word' id='word_1_346' title='bbox 917 2004 1046 2067; x_wconf 84' lang='lat' dir='ltr'><strong>deferre</strong></span> <span class='ocrx_word' id='word_1_347' title='bbox 1066 2007 1227 2081; x_wconf 88' lang='lat' dir='ltr'><strong>volentes,</strong></span> <span class='ocrx_word' id='word_1_348' title='bbox 1253 2008 1494 2075; x_wconf 85' lang='lat' dir='ltr'><strong>fraternitatem</strong></span> <span class='ocrx_word' id='word_1_349' title='bbox 1516 2016 1608 2077; x_wconf 86' lang='lat' dir='ltr'><strong>tuam</strong></span> <span class='ocrx_word' id='word_1_350' title='bbox 1633 2031 1709 2078; x_wconf 93' lang='lat' dir='ltr'><strong>mo-</strong></span> 
     </span>
     <span class='ocr_line' id='line_1_70' title="bbox 917 2105 1708 2190; baseline 0.018 -28"><span class='ocrx_word' id='word_1_351' title='bbox 917 2117 1032 2164; x_wconf 89' lang='lat' dir='ltr'><strong>nemus</strong></span> <span class='ocrx_word' id='word_1_352' title='bbox 1045 2105 1179 2177; x_wconf 86' lang='lat' dir='ltr'><strong>attente,</strong></span> <span class='ocrx_word' id='word_1_353' title='bbox 1196 2121 1256 2182; x_wconf 92' lang='lat' dir='ltr'><strong>per</strong></span> <span class='ocrx_word' id='word_1_354' title='bbox 1267 2109 1457 2183; x_wconf 79' lang='lat' dir='ltr'><strong>apostolica</strong></span> <span class='ocrx_word' id='word_1_355' title='bbox 1470 2112 1593 2190; x_wconf 89' lang='lat' dir='ltr'><strong>scripta</strong></span> <span class='ocrx_word' id='word_1_356' title='bbox 1610 2130 1708 2175; x_wconf 89' lang='lat' dir='ltr'><strong>man·</strong></span> 
     </span>
     <span class='ocr_line' id='line_1_71' title="bbox 916 2199 1710 2284; baseline 0.016 -24"><span class='ocrx_word' id='word_1_357' title='bbox 916 2199 1043 2273; x_wconf 90' lang='lat' dir='ltr'><strong>dantes,</strong></span> <span class='ocrx_word' id='word_1_358' title='bbox 1061 2203 1224 2280; x_wconf 86' lang='lat' dir='ltr'><strong>quatenus</strong></span> <span class='ocrx_word' id='word_1_359' title='bbox 1239 2219 1340 2282; x_wconf 91' lang='lat' dir='ltr'><strong>super</strong></span> <span class='ocrx_word' id='word_1_360' title='bbox 1354 2205 1417 2268; x_wconf 88' lang='lat' dir='ltr'><strong>hoc</strong></span> <span class='ocrx_word' id='word_1_361' title='bbox 1431 2209 1569 2284; x_wconf 78' lang='lat' dir='ltr'><strong>capiuli</strong></span> <span class='ocrx_word' id='word_1_362' title='bbox 1583 2211 1631 2272; x_wconf 90' lang='lat' dir='ltr'><strong>tui</strong></span> <span class='ocrx_word' id='word_1_363' title='bbox 1649 2227 1710 2272; x_wconf 89' lang='lat' dir='ltr'><strong>as-</strong></span> 
     </span>
     <span class='ocr_line' id='line_1_72' title="bbox 916 2291 1709 2380; baseline 0.016 -23"><span class='ocrx_word' id='word_1_364' title='bbox 916 2313 1027 2370; x_wconf 92' lang='lat' dir='ltr'><strong>sensu,</strong></span> <span class='ocrx_word' id='word_1_365' title='bbox 1043 2301 1141 2376; x_wconf 90' lang='lat' dir='ltr'><strong>prout</strong></span> <span class='ocrx_word' id='word_1_366' title='bbox 1153 2301 1296 2377; x_wconf 81' lang='lat' dir='ltr'><strong>expedit,</strong></span> <span class='ocrx_word' id='word_1_367' title='bbox 1309 2291 1483 2380; x_wconf 80' lang='lat' dir='ltr'><strong>requisito,</strong></span> <span class='ocrx_word' id='word_1_368' title='bbox 1497 2307 1526 2366; x_wconf 92' lang='lat' dir='ltr'><strong>si</strong></span> <span class='ocrx_word' id='word_1_369' title='bbox 1537 2306 1577 2368; x_wconf 93' lang='lat' dir='ltr'><strong>de</strong></span> <span class='ocrx_word' id='word_1_370' title='bbox 1589 2307 1709 2370; x_wconf 92' lang='lat' dir='ltr'><strong>horum</strong></span> 
     </span>
     <span class='ocr_line' id='line_1_73' title="bbox 914 2395 1710 2477; baseline 0.016 -22"><span class='ocrx_word' id='word_1_371' title='bbox 914 2395 1085 2458; x_wconf 79' lang='lat' dir='ltr'><strong>voluntate</strong></span> <span class='ocrx_word' id='word_1_372' title='bbox 1103 2398 1305 2471; x_wconf 89' lang='lat' dir='ltr'><strong>conceditur,</strong></span> <span class='ocrx_word' id='word_1_373' title='bbox 1325 2401 1517 2477; x_wconf 86' lang='lat' dir='ltr'><strong>praedictam</strong></span> <span class='ocrx_word' id='word_1_374' title='bbox 1532 2405 1710 2468; x_wconf 86' lang='lat' dir='ltr'><strong>ecclesiam</strong></span> 
     </span>
     <span class='ocr_line' id='line_1_74' title="bbox 915 2493 1707 2577; baseline 0.015 -25"><span class='ocrx_word' id='word_1_375' title='bbox 915 2493 1096 2555; x_wconf 90' lang='lat' dir='ltr'><strong>memorato</strong></span> <span class='ocrx_word' id='word_1_376' title='bbox 1116 2495 1294 2572; x_wconf 85' lang='lat' dir='ltr'><strong>praeposito</strong></span> <span class='ocrx_word' id='word_1_377' title='bbox 1318 2499 1352 2559; x_wconf 93' lang='lat' dir='ltr'><strong>et</strong></span> <span class='ocrx_word' id='word_1_378' title='bbox 1373 2498 1517 2575; x_wconf 90' lang='lat' dir='ltr'><strong>capitulo</strong></span> <span class='ocrx_word' id='word_1_379' title='bbox 1542 2502 1707 2577; x_wconf 84' lang='lat' dir='ltr'><strong>conseras,</strong></span> 
     </span>
     <span class='ocr_line' id='line_1_75' title="bbox 915 2590 1709 2677; baseline 0.019 -30"><span class='ocrx_word' id='word_1_380' title='bbox 915 2590 1012 2664; x_wconf 88' lang='lat' dir='ltr'><strong>prout</strong></span> <span class='ocrx_word' id='word_1_381' title='bbox 1026 2590 1151 2658; x_wconf 84' lang='lat' dir='ltr'><strong>rideris</strong></span> <span class='ocrx_word' id='word_1_382' title='bbox 1166 2592 1336 2669; x_wconf 83' lang='lat' dir='ltr'><strong>expedire.</strong></span> <span class='ocrx_word' id='word_1_383' title='bbox 1356 2597 1425 2658; x_wconf 92' lang='lat' dir='ltr'><strong>Nos</strong></span> <span class='ocrx_word' id='word_1_384' title='bbox 1440 2596 1530 2658; x_wconf 90' lang='lat' dir='ltr'><strong>enim</strong></span> <span class='ocrx_word' id='word_1_385' title='bbox 1545 2599 1594 2658; x_wconf 90' lang='lat' dir='ltr'><strong>eis</strong></span> <span class='ocrx_word' id='word_1_386' title='bbox 1607 2607 1709 2677; x_wconf 87' lang='lat' dir='ltr'><strong>super</strong></span> 
     </span>
     <span class='ocr_line' id='line_1_76' title="bbox 915 2685 1712 2769; baseline 0.016 -23"><span class='ocrx_word' id='word_1_387' title='bbox 915 2685 968 2746; x_wconf 89' lang='lat' dir='ltr'><strong>bis</strong></span> <span class='ocrx_word' id='word_1_388' title='bbox 992 2703 1066 2764; x_wconf 85' lang='lat' dir='ltr'><strong>quae</strong></span> <span class='ocrx_word' id='word_1_389' title='bbox 1088 2687 1152 2750; x_wconf 88' lang='lat' dir='ltr'><strong>sibi</strong></span> <span class='ocrx_word' id='word_1_390' title='bbox 1176 2705 1196 2750; x_wconf 88' lang='lat' dir='ltr'><strong>a</strong></span> <span class='ocrx_word' id='word_1_391' title='bbox 1217 2692 1251 2751; x_wconf 89' lang='lat' dir='ltr'><strong>te</strong></span> <span class='ocrx_word' id='word_1_392' title='bbox 1275 2707 1350 2752; x_wconf 91' lang='lat' dir='ltr'><strong>cum</strong></span> <span class='ocrx_word' id='word_1_393' title='bbox 1374 2693 1607 2769; x_wconf 86' lang='lat' dir='ltr'><strong>praedictorum</strong></span> <span class='ocrx_word' id='word_1_394' title='bbox 1628 2711 1712 2758; x_wconf 91' lang='lat' dir='ltr'><strong>con·</strong></span> 
     </span>
    </p>
   </div>
   <div class='ocr_carea' id='block_1_10' title="bbox 915 2785 1797 2866">
    <p class='ocr_par' dir='ltr' id='par_1_11' title="bbox 915 2785 1797 2866">
     <span class='ocr_line' id='line_1_77' title="bbox 915 2785 1797 2866; baseline 0.011 -22"><span class='ocrx_word' id='word_1_395' title='bbox 915 2797 1016 2844; x_wconf 89' lang='lat' dir='ltr'><strong>sensu</strong></span> <span class='ocrx_word' id='word_1_396' title='bbox 1034 2785 1194 2846; x_wconf 90' lang='lat' dir='ltr'><strong>canonice</strong></span> <span class='ocrx_word' id='word_1_397' title='bbox 1209 2801 1248 2848; x_wconf 88' lang='lat' dir='ltr'><strong>ac</strong></span> <span class='ocrx_word' id='word_1_398' title='bbox 1263 2787 1400 2863; x_wconf 80' lang='lat' dir='ltr'><strong>provide</strong></span> <span class='ocrx_word' id='word_1_399' title='bbox 1420 2791 1647 2866; x_wconf 79' lang='lat' dir='ltr'><strong>conseruntur,</strong></span> <span class='ocrx_word' id='word_1_400' title='bbox 1661 2794 1708 2856; x_wconf 90' lang='lat' dir='ltr'><strong>li·</strong></span> <span class='ocrx_word' id='word_1_401' title='bbox 1796 2803 1797 2806; x_wconf 73' lang='grc'>’</span> 
     </span>
    </p>
   </div>
   <div class='ocr_carea' id='block_1_11' title="bbox 913 2879 1706 3157">
    <p class='ocr_par' dir='ltr' id='par_1_12' title="bbox 913 2879 1706 3157">
     <span class='ocr_line' id='line_1_78' title="bbox 913 2879 1706 2964; baseline 0.013 -22"><span class='ocrx_word' id='word_1_402' title='bbox 913 2879 1030 2942; x_wconf 88' lang='lat' dir='ltr'><strong>benler</strong></span> <span class='ocrx_word' id='word_1_403' title='bbox 1054 2881 1202 2944; x_wconf 86' lang='lat' dir='ltr'><strong>levorem</strong></span> <span class='ocrx_word' id='word_1_404' title='bbox 1228 2879 1457 2962; x_wconf 89' lang='lat' dir='ltr'><strong>impertiemur</strong></span> <span class='ocrx_word' id='word_1_405' title='bbox 1480 2890 1706 2964; x_wconf 84' lang='lat' dir='ltr'><strong>Apostolicum</strong></span> 
     </span>
     <span class='ocr_line' id='line_1_79' title="bbox 913 2979 1704 3062; baseline 0.015 -25"><span class='ocrx_word' id='word_1_406' title='bbox 913 2979 1077 3056; x_wconf 86' lang='lat' dir='ltr'><strong>requisiti.</strong></span> <span class='ocrx_word' id='word_1_407' title='bbox 1091 2981 1210 3042; x_wconf 89' lang='lat' dir='ltr'><strong>Datum</strong></span> <span class='ocrx_word' id='word_1_408' title='bbox 1225 2981 1392 3054; x_wconf 88' lang='lat' dir='ltr'><strong>Laterani,</strong></span> <span class='ocrx_word' id='word_1_409' title='bbox 1409 2987 1438 3045; x_wconf 93' lang='lat' dir='ltr'>V</span> <span class='ocrx_word' id='word_1_410' title='bbox 1450 2983 1518 3046; x_wconf 86' lang='lat' dir='ltr'><strong>kal.</strong></span> <span class='ocrx_word' id='word_1_411' title='bbox 1533 2984 1704 3062; x_wconf 83' lang='lat' dir='ltr'><strong>februarii,</strong></span> 
     </span>
     <span class='ocr_line' id='line_1_80' title="bbox 913 3074 1510 3157; baseline 0.015 -21"><span class='ocrx_word' id='word_1_412' title='bbox 913 3074 1124 3151; x_wconf 85' lang='lat' dir='ltr'><strong>pontificatus</strong></span> <span class='ocrx_word' id='word_1_413' title='bbox 1133 3078 1243 3138; x_wconf 91' lang='lat' dir='ltr'><strong>nostri</strong></span> <span class='ocrx_word' id='word_1_414' title='bbox 1258 3093 1345 3140; x_wconf 89' lang='lat' dir='ltr'><strong>anno</strong></span> <span class='ocrx_word' id='word_1_415' title='bbox 1358 3079 1510 3157; x_wconf 88' lang='lat' dir='ltr'><strong>septimo.</strong></span> 
     </span>
    </p>
   </div>
   <div class='ocr_carea' id='block_1_12' title="bbox 1246 3424 1371 3516">
    <p class='ocr_par' dir='ltr' id='par_1_13' title="bbox 1246 3424 1371 3516">
     <span class='ocr_line' id='line_1_81' title="bbox 1246 3424 1371 3516; baseline 0.024 -5"><span class='ocrx_word' id='word_1_416' title='bbox 1246 3424 1371 3516; x_wconf 88' lang='lat' dir='ltr'><strong>LXIV</strong></span> 
     </span>
    </p>
   </div>
   <div class='ocr_carea' id='block_1_13' title="bbox 991 3574 1628 3736">
    <p class='ocr_par' dir='ltr' id='par_1_14' title="bbox 991 3574 1628 3736">
     <span class='ocr_line' id='line_1_82' title="bbox 991 3574 1628 3649; baseline 0.02 -15"><span class='ocrx_word' id='word_1_417' title='bbox 991 3574 1044 3634; x_wconf 85' lang='lat' dir='ltr'><strong>Ad</strong></span> <span class='ocrx_word' id='word_1_418' title='bbox 1065 3575 1262 3649; x_wconf 61' lang='lat' dir='ltr'><strong>apocopum</strong></span> <span class='ocrx_word' id='word_1_419' title='bbox 1289 3578 1324 3638; x_wconf 87' lang='lat' dir='ltr'><strong>ct</strong></span> <span class='ocrx_word' id='word_1_420' title='bbox 1348 3581 1628 3646; x_wconf 74' lang='lat' dir='ltr'><strong>archidiaconum</strong></span> 
     </span>
     <span class='ocr_line' id='line_1_83' title="bbox 1193 3674 1422 3736; baseline 0.004 -1"><span class='ocrx_word' id='word_1_421' title='bbox 1193 3674 1422 3736; x_wconf 72' lang='lat' dir='ltr'><strong>moreremur.</strong></span> 
     </span>
    </p>
   </div>
   <div class='ocr_carea' id='block_1_14' title="bbox 1046 3801 1576 3997">
    <p class='ocr_par' dir='ltr' id='par_1_15' title="bbox 1046 3801 1576 3997">
     <span class='ocr_line' id='line_1_84' title="bbox 1172 3801 1443 3875; baseline 0.011 -16"><span class='ocrx_word' id='word_1_422' title='bbox 1172 3801 1206 3859; x_wconf 80' lang='lat'><strong>28</strong></span> <span class='ocrx_word' id='word_1_423' title='bbox 1223 3802 1346 3875; x_wconf 83' lang='lat' dir='ltr'><strong>januarii</strong></span> <span class='ocrx_word' id='word_1_424' title='bbox 1364 3805 1443 3864; x_wconf 76' lang='grc'><strong>1113.</strong></span> 
     </span>
     <span class='ocr_line' id='line_1_85' title="bbox 1046 3919 1576 3997; baseline 0.023 -26"><span class='ocrx_word' id='word_1_425' title='bbox 1046 3919 1194 3986; x_wconf 66' lang='grc'><strong>[1111616111</strong></span> <span class='ocrx_word' id='word_1_426' title='bbox 1208 3923 1302 3976; x_wconf 71' lang='lat' dir='ltr'><strong>dnnal</strong></span> <span class='ocrx_word' id='word_1_427' title='bbox 1315 3925 1441 3989; x_wconf 71' lang='lat' dir='ltr'><strong>camald„</strong></span> <span class='ocrx_word' id='word_1_428' title='bbox 1451 3927 1494 3989; x_wconf 82' lang='lat' dir='ltr'><strong>iv,</strong></span> <span class='ocrx_word' id='word_1_429' title='bbox 1506 3929 1576 3997; x_wconf 73' lang='lat' dir='ltr'><strong>tab]</strong></span> 
     </span>
    </p>
   </div>
   <div class='ocr_carea' id='block_1_15' title="bbox 911 4044 1707 4310">
    <p class='ocr_par' dir='ltr' id='par_1_16' title="bbox 911 4044 1707 4310">
     <span class='ocr_line' id='line_1_86' title="bbox 911 4044 1704 4128; baseline 0.023 -25"><span class='ocrx_word' id='word_1_430' title='bbox 911 4044 960 4103; x_wconf 85' lang='lat' dir='ltr'><strong>llis</strong></span> <span class='ocrx_word' id='word_1_431' title='bbox 980 4059 1107 4117; x_wconf 89' lang='lat' dir='ltr'><strong>causam,</strong></span> <span class='ocrx_word' id='word_1_432' title='bbox 1130 4047 1204 4106; x_wconf 87' lang='lat' dir='ltr'><strong>inter</strong></span> <span class='ocrx_word' id='word_1_433' title='bbox 1225 4050 1350 4123; x_wconf 89' lang='lat' dir='ltr'><strong>priorem</strong></span> <span class='ocrx_word' id='word_1_434' title='bbox 1371 4051 1530 4128; x_wconf 82' lang='lat' dir='ltr'><strong>fratresque</strong></span> <span class='ocrx_word' id='word_1_435' title='bbox 1553 4057 1704 4120; x_wconf 88' lang='lat' dir='ltr'><strong>Cnmnldn·</strong></span> 
     </span>
     <span class='ocr_line' id='line_1_87' title="bbox 946 4133 1705 4222; baseline 0.024 -32"><span class='ocrx_word' id='word_1_436' title='bbox 946 4133 1041 4192; x_wconf 88' lang='lat' dir='ltr'><strong>lonses</strong></span> <span class='ocrx_word' id='word_1_437' title='bbox 1050 4150 1086 4193; x_wconf 84' lang='lat' dir='ltr'><strong>cx</strong></span> <span class='ocrx_word' id='word_1_438' title='bbox 1095 4143 1175 4209; x_wconf 86' lang='lat' dir='ltr'><strong>parte</strong></span> <span class='ocrx_word' id='word_1_439' title='bbox 1185 4152 1242 4195; x_wconf 90' lang='lat' dir='ltr'><strong>una</strong></span> <span class='ocrx_word' id='word_1_440' title='bbox 1253 4145 1282 4196; x_wconf 87' lang='lat' dir='ltr'><strong>et</strong></span> <span class='ocrx_word' id='word_1_441' title='bbox 1290 4138 1427 4212; x_wconf 88' lang='lat' dir='ltr'><strong>plebanos</strong></span> <span class='ocrx_word' id='word_1_442' title='bbox 1435 4142 1560 4215; x_wconf 80' lang='lat' dir='ltr'><strong>plcqum</strong></span> <span class='ocrx_word' id='word_1_443' title='bbox 1572 4148 1705 4222; x_wconf 79' lang='lat' dir='ltr'><strong>racina,</strong></span> 
     </span>
     <span class='ocr_line' id='line_1_88' title="bbox 946 4221 1707 4310; baseline 0.024 -30"><span class='ocrx_word' id='word_1_444' title='bbox 946 4221 1072 4281; x_wconf 76' lang='lat' dir='ltr'><strong>Bibienae</strong></span> <span class='ocrx_word' id='word_1_445' title='bbox 1084 4232 1112 4282; x_wconf 86' lang='lat' dir='ltr'><strong>et</strong></span> <span class='ocrx_word' id='word_1_446' title='bbox 1126 4224 1226 4297; x_wconf 79' lang='lat' dir='ltr'><strong>BuJ&#39;ani</strong></span> <span class='ocrx_word' id='word_1_447' title='bbox 1238 4240 1274 4283; x_wconf 88' lang='lat' dir='ltr'><strong>ex</strong></span> <span class='ocrx_word' id='word_1_448' title='bbox 1288 4225 1387 4299; x_wconf 86' lang='lat' dir='ltr'><strong>altera,</strong></span> <span class='ocrx_word' id='word_1_449' title='bbox 1399 4245 1485 4304; x_wconf 88' lang='lat' dir='ltr'><strong>super</strong></span> <span class='ocrx_word' id='word_1_450' title='bbox 1494 4233 1616 4306; x_wconf 88' lang='lat' dir='ltr'><strong>quadam</strong></span> <span class='ocrx_word' id='word_1_451' title='bbox 1626 4245 1707 4310; x_wconf 88' lang='lat' dir='ltr'><strong>parte</strong></span> 
     </span>
    </p>
   </div>
   <div class='ocr_carea' id='block_1_16' title="bbox 945 4309 1707 4460">
    <p class='ocr_par' dir='ltr' id='par_1_17' title="bbox 945 4309 1707 4460">
     <span class='ocr_line' id='line_1_89' title="bbox 945 4309 1707 4394; baseline 0.026 -27"><span class='ocrx_word' id='word_1_452' title='bbox 945 4309 1120 4369; x_wconf 87' lang='lat' dir='ltr'><strong>decimarum</strong></span> <span class='ocrx_word' id='word_1_453' title='bbox 1134 4313 1162 4370; x_wconf 88' lang='lat' dir='ltr'><strong>ln</strong></span> <span class='ocrx_word' id='word_1_454' title='bbox 1174 4313 1257 4372; x_wconf 83' lang='lat' dir='ltr'><strong>dictIs</strong></span> <span class='ocrx_word' id='word_1_455' title='bbox 1271 4315 1432 4388; x_wconf 88' lang='lat' dir='ltr'><strong>plebatibus</strong></span> <span class='ocrx_word' id='word_1_456' title='bbox 1446 4329 1615 4394; x_wconf 83' lang='lat' dir='ltr'><strong>vertemem,</strong></span> <span class='ocrx_word' id='word_1_457' title='bbox 1630 4339 1707 4386; x_wconf 89' lang='lat' dir='ltr'><strong>com·</strong></span> 
     </span>
     <span class='ocr_line' id='line_1_90' title="bbox 946 4397 1240 4460; baseline 0.01 -5"><span class='ocrx_word' id='word_1_458' title='bbox 946 4398 1031 4457; x_wconf 85' lang='lat' dir='ltr'><strong>mittit</strong></span> <span class='ocrx_word' id='word_1_459' title='bbox 1042 4397 1240 4460; x_wconf 87' lang='lat' dir='ltr'><strong>decidendam.</strong></span> 
     </span>
    </p>
   </div>
   <div class='ocr_carea' id='block_1_17' title="bbox 909 4525 1705 5768">
    <p class='ocr_par' dir='ltr' id='par_1_18' title="bbox 909 4525 1705 4883">
     <span class='ocr_line' id='line_1_91' title="bbox 951 4525 1704 4610; baseline 0.02 -24"><span class='ocrx_word' id='word_1_460' title='bbox 951 4525 1119 4588; x_wconf 89' lang='lat' dir='ltr'><strong>Honorius</strong></span> <span class='ocrx_word' id='word_1_461' title='bbox 1130 4527 1442 4605; x_wconf 72' lang='lat' dir='ltr'><strong>episcopusservus</strong></span> <span class='ocrx_word' id='word_1_462' title='bbox 1452 4537 1704 4610; x_wconf 86' lang='lat' dir='ltr'><strong>servorumbei,</strong></span> 
     </span>
     <span class='ocr_line' id='line_1_92' title="bbox 910 4623 1704 4705; baseline 0.014 -19"><span class='ocrx_word' id='word_1_463' title='bbox 910 4623 1095 4686; x_wconf 82' lang='lat' dir='ltr'><strong>venerabili</strong></span> <span class='ocrx_word' id='word_1_464' title='bbox 1120 4623 1216 4688; x_wconf 79' lang='lat' dir='ltr'><strong>fratri</strong></span> <span class='ocrx_word' id='word_1_465' title='bbox 1240 4625 1407 4705; x_wconf 90' lang='lat' dir='ltr'><strong>episcopo,</strong></span> <span class='ocrx_word' id='word_1_466' title='bbox 1433 4630 1466 4692; x_wconf 91' lang='lat' dir='ltr'><strong>et</strong></span> <span class='ocrx_word' id='word_1_467' title='bbox 1491 4630 1611 4694; x_wconf 89' lang='lat' dir='ltr'><strong>dilecto</strong></span> <span class='ocrx_word' id='word_1_468' title='bbox 1633 4634 1704 4698; x_wconf 87' lang='lat' dir='ltr'><strong>lilio</strong></span> 
     </span>
     <span class='ocr_line' id='line_1_93' title="bbox 911 4720 1705 4809; baseline 0.019 -27"><span class='ocrx_word' id='word_1_469' title='bbox 911 4720 1148 4783; x_wconf 86' lang='lat' dir='ltr'><strong>archidiacono</strong></span> <span class='ocrx_word' id='word_1_470' title='bbox 1166 4722 1372 4798; x_wconf 84' lang='lat' dir='ltr'><strong>Florentino,</strong></span> <span class='ocrx_word' id='word_1_471' title='bbox 1394 4727 1535 4788; x_wconf 92' lang='lat' dir='ltr'><strong>salutem</strong></span> <span class='ocrx_word' id='word_1_472' title='bbox 1550 4731 1584 4792; x_wconf 91' lang='lat' dir='ltr'><strong>et</strong></span> <span class='ocrx_word' id='word_1_473' title='bbox 1596 4735 1705 4809; x_wconf 81' lang='lat' dir='ltr'><strong>Apos-</strong></span> 
     </span>
     <span class='ocr_line' id='line_1_94' title="bbox 909 4817 1335 4883; baseline 0.005 -3"><span class='ocrx_word' id='word_1_474' title='bbox 909 4817 1044 4880; x_wconf 92' lang='lat' dir='ltr'><strong>tolicam</strong></span> <span class='ocrx_word' id='word_1_475' title='bbox 1058 4817 1335 4883; x_wconf 85' lang='lat' dir='ltr'><strong>benedicti0nem.</strong></span> 
     </span>
    </p>

    <p class='ocr_par' dir='ltr' id='par_1_19' title="bbox 909 4915 1705 5768">
     <span class='ocr_line' id='line_1_95' title="bbox 951 4915 1705 5002; baseline 0.023 -28"><span class='ocrx_word' id='word_1_476' title='bbox 951 4915 1125 4986; x_wconf 88' lang='lat' dir='ltr'><strong>Querelem</strong></span> <span class='ocrx_word' id='word_1_477' title='bbox 1147 4915 1343 4980; x_wconf 91' lang='lat' dir='ltr'><strong>dilectorum</strong></span> <span class='ocrx_word' id='word_1_478' title='bbox 1365 4918 1510 4984; x_wconf 89' lang='lat' dir='ltr'><strong>filiorum</strong></span> <span class='ocrx_word' id='word_1_479' title='bbox 1529 4923 1651 5002; x_wconf 89' lang='lat' dir='ltr'><strong>prioris</strong></span> <span class='ocrx_word' id='word_1_480' title='bbox 1671 4927 1705 4992; x_wconf 88' lang='lat' dir='ltr'><strong>et</strong></span> 
     </span>
     <span class='ocr_line' id='line_1_96' title="bbox 911 5011 1702 5096; baseline 0.018 -24"><span class='ocrx_word' id='word_1_481' title='bbox 911 5011 1049 5073; x_wconf 78' lang='lat' dir='ltr'><strong>fratrum</strong></span> <span class='ocrx_word' id='word_1_482' title='bbox 1068 5012 1370 5077; x_wconf 81' lang='lat' dir='ltr'><strong>camaldulensium</strong></span> <span class='ocrx_word' id='word_1_483' title='bbox 1385 5020 1574 5096; x_wconf 91' lang='lat' dir='ltr'><strong>accepimus</strong></span> <span class='ocrx_word' id='word_1_484' title='bbox 1591 5024 1702 5087; x_wconf 90' lang='lat' dir='ltr'><strong>conti-</strong></span> 
     </span>
     <span class='ocr_line' id='line_1_97' title="bbox 910 5111 1700 5194; baseline 0.016 -25"><span class='ocrx_word' id='word_1_485' title='bbox 910 5111 1053 5181; x_wconf 90' lang='lat' dir='ltr'><strong>nentem,</strong></span> <span class='ocrx_word' id='word_1_486' title='bbox 1080 5111 1166 5186; x_wconf 90' lang='lat' dir='ltr'><strong>qnod</strong></span> <span class='ocrx_word' id='word_1_487' title='bbox 1189 5129 1289 5188; x_wconf 88' lang='lat' dir='ltr'><strong>quum</strong></span> <span class='ocrx_word' id='word_1_488' title='bbox 1311 5113 1406 5176; x_wconf 88' lang='lat' dir='ltr'><strong>bonae</strong></span> <span class='ocrx_word' id='word_1_489' title='bbox 1426 5119 1594 5179; x_wconf 84' lang='lat' dir='ltr'><strong>memoriae</strong></span> <span class='ocrx_word' id='word_1_490' title='bbox 1609 5123 1700 5194; x_wconf 82' lang='lat' dir='ltr'><strong>Eme,</strong></span> 
     </span>
     <span class='ocr_line' id='line_1_98' title="bbox 910 5207 1703 5296; baseline 0.016 -30"><span class='ocrx_word' id='word_1_491' title='bbox 910 5207 944 5267; x_wconf 90' lang='lat' dir='ltr'><strong>et</strong></span> <span class='ocrx_word' id='word_1_492' title='bbox 953 5207 1190 5269; x_wconf 85' lang='lat' dir='ltr'><strong>Constantinus</strong></span> <span class='ocrx_word' id='word_1_493' title='bbox 1201 5210 1235 5271; x_wconf 90' lang='lat' dir='ltr'><strong>et</strong></span> <span class='ocrx_word' id='word_1_494' title='bbox 1245 5208 1377 5286; x_wconf 84' lang='lat' dir='ltr'><strong>qnidam</strong></span> <span class='ocrx_word' id='word_1_495' title='bbox 1391 5212 1450 5272; x_wconf 90' lang='lat' dir='ltr'><strong>alii</strong></span> <span class='ocrx_word' id='word_1_496' title='bbox 1460 5213 1703 5296; x_wconf 84' lang='lat' dir='ltr'><strong>episcopiAre-</strong></span> 
     </span>
     <span class='ocr_line' id='line_1_99' title="bbox 909 5302 1701 5388; baseline 0.015 -24"><span class='ocrx_word' id='word_1_497' title='bbox 909 5302 973 5364; x_wconf 90' lang='lat' dir='ltr'><strong>tini</strong></span> <span class='ocrx_word' id='word_1_498' title='bbox 996 5303 1172 5379; x_wconf 89' lang='lat' dir='ltr'><strong>quamdam</strong></span> <span class='ocrx_word' id='word_1_499' title='bbox 1196 5307 1324 5382; x_wconf 92' lang='lat' dir='ltr'><strong>partem</strong></span> <span class='ocrx_word' id='word_1_500' title='bbox 1351 5307 1555 5370; x_wconf 87' lang='lat' dir='ltr'><strong>decimarum</strong></span> <span class='ocrx_word' id='word_1_501' title='bbox 1583 5311 1701 5388; x_wconf 88' lang='lat' dir='ltr'><strong>pleba-</strong></span> 
     </span>
     <span class='ocr_line' id='line_1_100' title="bbox 909 5400 1703 5485; baseline 0.019 -25"><span class='ocrx_word' id='word_1_502' title='bbox 909 5400 1002 5460; x_wconf 93' lang='lat' dir='ltr'><strong>tuum</strong></span> <span class='ocrx_word' id='word_1_503' title='bbox 1026 5401 1182 5474; x_wconf 86' lang='lat' dir='ltr'><strong>Partinsc,</strong></span> <span class='ocrx_word' id='word_1_504' title='bbox 1206 5403 1353 5466; x_wconf 85' lang='lat' dir='ltr'><strong>Bibienae</strong></span> <span class='ocrx_word' id='word_1_505' title='bbox 1377 5404 1410 5466; x_wconf 93' lang='lat' dir='ltr'><strong>et</strong></span> <span class='ocrx_word' id='word_1_506' title='bbox 1433 5407 1552 5482; x_wconf 89' lang='lat' dir='ltr'><strong>Bujani</strong></span> <span class='ocrx_word' id='word_1_507' title='bbox 1576 5409 1631 5485; x_wconf 91' lang='lat' dir='ltr'><strong>pia</strong></span> <span class='ocrx_word' id='word_1_508' title='bbox 1653 5411 1703 5474; x_wconf 90' lang='lat' dir='ltr'><strong>eis</strong></span> 
     </span>
     <span class='ocr_line' id='line_1_101' title="bbox 910 5495 1705 5577; baseline 0.019 -22"><span class='ocrx_word' id='word_1_509' title='bbox 910 5495 1110 5559; x_wconf 88' lang='lat' dir='ltr'><strong>liberalitate</strong></span> <span class='ocrx_word' id='word_1_510' title='bbox 1129 5499 1294 5572; x_wconf 88' lang='lat' dir='ltr'><strong>donarint,</strong></span> <span class='ocrx_word' id='word_1_511' title='bbox 1317 5501 1414 5577; x_wconf 90' lang='lat' dir='ltr'><strong>prout</strong></span> <span class='ocrx_word' id='word_1_512' title='bbox 1433 5501 1467 5562; x_wconf 92' lang='lat' dir='ltr'><strong>in</strong></span> <span class='ocrx_word' id='word_1_513' title='bbox 1487 5502 1607 5566; x_wconf 85' lang='lat' dir='ltr'><strong>litteris</strong></span> <span class='ocrx_word' id='word_1_514' title='bbox 1622 5522 1705 5570; x_wconf 90' lang='lat' dir='ltr'><strong>con·</strong></span> 
     </span>
     <span class='ocr_line' id='line_1_102' title="bbox 910 5589 1702 5673; baseline 0.018 -21"><span class='ocrx_word' id='word_1_515' title='bbox 910 5589 1005 5655; x_wconf 83' lang='lat' dir='ltr'><strong>lectis</strong></span> <span class='ocrx_word' id='word_1_516' title='bbox 1028 5595 1149 5657; x_wconf 80' lang='lat' dir='ltr'><strong>exinde</strong></span> <span class='ocrx_word' id='word_1_517' title='bbox 1163 5596 1293 5673; x_wconf 90' lang='lat' dir='ltr'><strong>plenius</strong></span> <span class='ocrx_word' id='word_1_518' title='bbox 1309 5597 1508 5673; x_wconf 90' lang='lat' dir='ltr'><strong>continetur,</strong></span> <span class='ocrx_word' id='word_1_519' title='bbox 1529 5615 1569 5664; x_wconf 89' lang='lat' dir='ltr'><strong>ac</strong></span> <span class='ocrx_word' id='word_1_520' title='bbox 1587 5603 1702 5666; x_wconf 87' lang='lat' dir='ltr'><strong>eadem</strong></span> 
     </span>
     <span class='ocr_line' id='line_1_103' title="bbox 910 5689 1702 5768; baseline 0.018 -19"><span class='ocrx_word' id='word_1_521' title='bbox 910 5689 1044 5752; x_wconf 89' lang='lat' dir='ltr'><strong>donatio</strong></span> <span class='ocrx_word' id='word_1_522' title='bbox 1065 5707 1125 5767; x_wconf 81' lang='lat' dir='ltr'><strong>per</strong></span> <span class='ocrx_word' id='word_1_523' title='bbox 1145 5693 1368 5756; x_wconf 86' lang='lat' dir='ltr'><strong>venerabilem</strong></span> <span class='ocrx_word' id='word_1_524' title='bbox 1393 5694 1528 5758; x_wconf 81' lang='lat' dir='ltr'><strong>fratrem</strong></span> <span class='ocrx_word' id='word_1_525' title='bbox 1552 5701 1702 5768; x_wconf 86' lang='lat' dir='ltr'><strong>nostrum</strong></span> 
     </span>
    </p>
   </div>
   <div class='ocr_carea' id='block_1_18' title="bbox 0 0 2006 6326">
    <p class='ocr_par' dir='ltr' id='par_1_20' title="bbox 0 0 2006 6326">
     <span class='ocr_line' id='line_1_104' title="bbox 0 0 2006 6326; baseline 0 1"><span class='ocrx_word' id='word_1_526' title='bbox 0 0 2006 6326; x_wconf 95' lang='lat' dir='ltr'><strong> </strong></span> 
     </span>
    </p>
   </div>
  </div>
 </body>
</html>
