4104 6330
298 345 359 412 aar
718 303 720 306 ⁵
916 341 1091 408 uouoau
1113 336 1157 408 uf
1178 344 1325 408 ornan.
1884 345 1942 407 aa

300 519 390 570 nunc
413 502 563 568 haeredes
584 502 744 581 ipsorum,
761 501 797 564 in
818 499 994 578 reprobum
1016 517 1094 566 een·
1148 518 1212 579 que
1227 501 1440 568 serenitatem
1453 503 1542 564 tuam
1550 517 1717 578 rogamus,
1728 503 1761 564 et
1769 517 1941 566 monemus

298 619 374 666 sum
389 600 670 673 dati,nonsolu1n
684 599 915 676 persecutores
928 599 968 660 de
979 598 1096 662 defeu-
1148 601 1286 672 attente,
1313 603 1477 678 quatenus
1491 601 1585 662 tuum
1603 601 1735 677 jactans
1751 601 1786 660 in
1802 601 1941 664 Domino

299 697 441 768 roribus,
471 697 620 773 quinimo
646 695 869 760 destructores
900 695 1094 760 monasterii
1149 698 1342 773 cogitatum,
1366 697 1423 775 qui
1447 713 1616 775 nunquam
1639 698 1674 758 in
1701 713 1737 758 se
1768 699 1942 774 sperantes

298 795 408 872 potius
421 795 499 856 sunt
510 793 632 856 effecti.
650 793 743 856 Unde
758 807 859 869 quum
871 791 939 856 tam
954 791 1093 856 haereti-
1149 795 1332 868 confundit,
1343 795 1533 862 nullatenus
1543 795 1714 867 terrearis,
1726 795 1784 855 sed
1796 795 1830 855 te
1844 795 1941 856 forti-

299 906 414 956 corum
425 890 524 962 bona,
539 906 637 967 quam
648 890 747 954 etiam
759 888 971 954 defensorum
987 887 1095 952 tideli-
1147 893 1209 957 bus
1220 892 1425 957 adversariis
1439 891 1601 953 exhibens
1618 892 1801 964 fortiorem,
1817 893 1941 954 atrium

226 1029 231 1039 ι
297 988 360 1054 bus
375 987 612 1064 occupantibus
628 987 697 1050 sint
710 1001 880 1058 concessa,
896 985 929 1048 et
949 1001 1026 1063 pars
1042 985 1095 1062 ip-
1147 991 1240 1053 tuum
1257 991 1408 1067 potenter
1422 989 1557 1050 studeas
1568 989 1747 1061 custodire,
1759 989 1797 1050 ut
1807 989 1940 1051 mudena

298 1101 411 1151 sorum
430 1084 588 1148 haeretica
603 1085 767 1162 pravitate
792 1083 916 1146 infecta
932 1098 1094 1146 unacum
1148 1089 1273 1156 omnia,
1289 1103 1363 1164 quae
1389 1087 1552 1164 possides,
1569 1087 1637 1148 sint
1662 1087 1698 1148 in
1725 1101 1819 1164 pace,
1841 1103 1939 1164 quam

297 1183 375 1248 eliis
386 1182 551 1246 haereticis
566 1181 746 1244 adhaeserit
755 1179 951 1252 manifestis,
965 1180 1047 1258 ipsis
1062 1182 1095 1242 et
1148 1201 1222 1246 oum
1237 1184 1388 1246 omnibus
1400 1184 1603 1256 hominibus,
1613 1186 1772 1263 quantum
1785 1187 1871 1246 exte
1880 1185 1939 1258 est,

298 1296 414 1344 eorum
426 1279 612 1342 fautoribus
626 1295 666 1340 ao
682 1277 911 1340 defensoribus
925 1292 985 1354 per
999 1291 1036 1339 se
1055 1293 1095 1339 ac
1149 1283 1182 1344 et
1208 1283 1375 1360 praecipue
1401 1297 1476 1343 curn
1505 1283 1633 1344 Latinis
1663 1282 1885 1346 existentibus
1907 1283 1941 1342 in

297 1393 388 1451 suos,
404 1377 601 1456 impendens
629 1392 689 1452 pro
709 1375 837 1438 viribus
862 1375 1038 1438 consilium
1063 1375 1096 1437 et
1149 1379 1297 1456 partibus
1313 1380 1484 1443 Romaniae
1499 1379 1663 1451 volumus,
1680 1381 1714 1440 et
1735 1379 1941 1446 consulimus

296 1477 466 1554 juvamen,
484 1473 585 1536 iidem
605 1473 719 1542 abbas,
743 1473 776 1536 et
795 1473 977 1538 conventus
998 1471 1094 1534 nohis
1148 1478 1181 1538 te
1205 1493 1351 1548 servare,
1374 1492 1448 1538 oum
1468 1493 1511 1538 ex
1522 1477 1731 1540 dissensione
1744 1476 1849 1539 multa
1864 1491 1942 1552 pose

299 1571 471 1636 humiliter
496 1569 736 1648 supplicarunt,
758 1570 795 1632 ut
817 1585 933 1632 eorum
960 1584 1096 1646 compa·
1148 1574 1217 1635 sint
1240 1575 1414 1636 imminere
1431 1574 1591 1651 pericula,
1617 1574 1704 1635 sicut
1726 1589 1745 1634 e
1770 1574 1939 1636 contrario

297 1669 419 1734 tientes
433 1669 536 1732 exilio
548 1669 604 1746 qui
614 1669 682 1731 tam
692 1667 733 1732 ah
747 1667 840 1744 ipsis,
852 1681 951 1744 quam
962 1667 1003 1728 ab
1017 1666 1095 1728 aliis
1148 1671 1580 1748 solentdepaceoommoda
1606 1671 1800 1733 multimoda
1821 1685 1940 1748 prove·
2024 1731 2025 1736 ,

298 1767 568 1832 malefactoribus
600 1766 635 1827 in
662 1765 887 1842 contemptum
919 1764 1094 1826 catholice
1149 1770 1232 1829 nire.
1250 1769 1368 1830 Datum
1391 1769 1558 1840 Laterani,
1575 1769 1650 1830 vill
1665 1767 1827 1828 kalendae
1850 1766 1942 1830 octo·

187 1859 193 1866 ”
301 1864 414 1932 iidata
433 1880 496 1927 suo
516 1863 719 1928 monasterio
743 1864 821 1924 sunt
839 1861 983 1938 expulsi,
1000 1877 1095 1924 ocouv
1148 1865 1229 1939 bris,
1244 1865 1456 1942 pontificatus
1469 1864 1837 1942 nostriannoseptlmo.

299 1963 400 2040 pandi
417 1961 575 2038 predicta
590 1960 689 2024 feuda
702 1959 875 2021 licentiam
893 1959 1096 2022 concedere-

298 2075 373 2128 mus
386 2059 522 2122 eisdem.
538 2058 608 2120 Nos
628 2057 732 2132 igitur
750 2057 791 2119 de
810 2056 1012 2125 discretione
1036 2056 1094 2118 tua
1627 2087 1632 2098 ·

298 2157 430 2234 plenam
450 2154 605 2218 fiduciam
627 2153 826 2225 obtinentes,
848 2154 1019 2229 negotium
1043 2153 1095 2230 ip
1516 2177 1574 2264 VI
2024 2131 2025 2206 t

298 2270 372 2316 sum
395 2251 456 2315 tibi
481 2252 637 2312 dommus
668 2249 914 2323 remittendum,
933 2249 1095 2313 fraterni·
2024 2213 2025 2298 t

298 2351 360 2416 tati
374 2350 441 2414 tuae
455 2363 515 2426 per
527 2347 717 2426 apostolica
731 2347 862 2425 Scripta
881 2347 1091 2419 mandantes,
1147 2329 1199 2390 Ad
1210 2328 1250 2390 Α·
1261 2327 1451 2391 Samotbtae
1459 2329 1740 2390 archidiaconum
1752 2327 1937 2403 Pflfafffi

299 2447 473 2526 quatenus,
491 2445 650 2522 inquisita
674 2460 776 2521 super
799 2443 981 2522 premissis
1008 2443 1093 2506 dili·-
1405 2456 1441 2514 fi
1455 2455 1594 2529 septemb,
1607 2457 1686 2516 im,

298 2543 432 2623 gentius
459 2542 611 2610 vernat&
637 2541 724 2618 qu⁰d
750 2540 948 2604 &amioum
976 2539 1091 2610 fuerin
1172 2579 1291 2648 [Repest.,
1304 2579 1348 2630 lib.
1360 2579 1415 2639 Vll,
1426 2580 1500 2646 epist.
1512 2579 1551 2629 ΞΘ.
1565 2579 1622 2630 hiss.
1635 2581 1672 2630 La
1686 2579 1763 2630 Porto
1782 2579 1816 2630 du
1830 2579 1923 2644 rheti]

300 2640 522 2720 appellatione
531 2639 669 2711 remota,
684 2638 855 2710 decernas,
868 2637 993 2702 faciens
1005 2637 1092 2715 quod

298 2738 485 2803 decreveris
496 2752 556 2814 per
567 2751 742 2802 censuram
757 2735 1018 2802 ecclesiasticam
1030 2735 1091 2798 fir·
2024 2803 2025 2830 ἦ

298 2836 397 2904 miter
417 2834 600 2898 observari.
617 2835 730 2898 Testes
749 2835 871 2906 autem,
888 2835 950 2896 eto.
974 2834 1092 2896 Datum
1186 2835 1362 2909 Honorius,
1377 2838 1453 2909 etc,
1470 2837 1590 2898 dilecto
1612 2836 1681 2899 illio
1698 2842 1736 2899 Α.
1758 2837 1938 2900 Samathia
2024 2833 2025 2902 i

301 2931 532 3007 inurantur
553 2931 688 3004 kalend,
711 2930 868 3004 octobris,
881 2929 1092 3008 pontificatus
1146 2934 1382 2996 archidiacono
1391 2935 1651 3010 Petregoricen„
1662 2935 1804 2998 salutem
1814 2937 1850 2998 et
1858 2939 1938 3012 Apo·

298 3031 405 3100 nostri
416 3045 504 3094 anuo
521 3030 672 3106 septimo.
1146 3032 1297 3093 stolioam
1311 3031 1587 3094 benedictionem.
2024 3023 2025 3102 t

1185 3131 1234 3190 Ex
1259 3129 1381 3192 litteris
1409 3129 1613 3192 venerabilis
1628 3127 1743 3192 matris
1767 3131 1874 3193 nostri
1878 3171 1934 3191 .....

1145 3225 1292 3303 episcopi
1331 3225 1581 3302 Petregoricen.
1613 3227 1814 3304 accepimus,
1854 3226 1935 3305 quod

674 3349 710 3434 V
1145 3338 1245 3399 quum
1278 3323 1400 3400 praeter
1433 3324 1658 3400 ruptariorum
1685 3325 1881 3387 violentiam
1903 3326 1937 3386 et

1144 3434 1341 3495 guerrarum
1365 3419 1526 3494 turbines,
1553 3421 1673 3498 qrribus
1694 3425 1768 3500 ejus
1782 3420 1935 3484 dioecesis
2024 3435 2025 3496 3

1164 2703 1198 2764 Ei
1212 2703 1342 2762 concedit
1357 2711 1388 2762 ut
1399 2702 1530 2777 quiedam
1540 2703 1680 2765 beneficia
1690 2705 1813 2765 retinere
1824 2705 1923 2780 possit.

294 3505 350 3597 rid
362 3501 549 3564 liebertum
572 3499 821 3573 temeratorem
849 3499 1090 3562 constantino-

593 3598 796 3674 politanum.

551 3727 587 3786 ii
600 3725 738 3801 septemb.
756 3726 836 3785 iiii.

373 3853 521 3918 [haynold.,
532 3851 599 3903 Anu.
610 3851 680 3910 eorl,
690 3851 723 3901 td
731 3864 793 3901 anu.
806 3850 876 3909 lin,
885 3849 946 3915 iit),
958 3851 1011 3916 tl]

322 3981 415 4050 Roget
429 3984 457 4034 et
471 3984 568 4034 uronet
580 3983 611 4033 ut
626 3976 787 4034 nullalenus
801 3981 949 4045 torreatur,
965 3975 1016 4034 sed
1028 3990 1060 4034 se

382 4065 500 4123 fortibus
512 4065 681 4122 adversariis
689 4064 821 4121 exhibeat
831 4063 986 4122 fortiorem.

333 4191 426 4258 Licet
439 4191 475 4257 in
485 4187 647 4266 regimine
658 4188 790 4266 imperii
805 4188 909 4252 multa
927 4189 988 4256 tibi
1003 4189 1089 4266 obii-

295 4287 1089 4364 cienturadversa,nequaquamtamentuadehet

293 4386 551 4463 magnanimitas
573 4384 772 4462 perturbari,
801 4383 859 4446 sed
876 4399 977 4461 quum
1000 4384 1087 4462 quod

292 4498 375 4550 auro
390 4482 489 4560 ignis,
499 4481 563 4552 boo
578 4480 826 4550 facietteutatio
836 4481 909 4546 viro
925 4480 1013 4554 forti,
1030 4481 1087 4545 tua

292 4580 422 4644 crescet
436 4581 544 4648 virtus
559 4577 734 4656 magnifico
749 4579 784 4642 iu
795 4577 957 4651 adversis,
969 4580 1006 4645 ut
1017 4579 1088 4644 cla-

292 4675 363 4738 rior
381 4675 585 4747 clucescens,
614 4675 681 4736 tuae
706 4672 808 4738 faciat
845 4672 945 4737 latius
977 4672 1086 4738 laudis

180 4789 186 4796 ·
293 4772 460 4850 praeconia
470 4771 658 4850 praedicari,
674 4771 752 4848 quia
767 4770 830 4834 etsi
844 4770 1087 4836 mirabilessint

294 4870 456 4932 elationes
467 4869 580 4941 maris,
590 4868 753 4935 mirabilis
761 4870 872 4932 umen
881 4869 1040 4933 Dominus
1050 4869 1086 4932 in

293 4967 447 5040 excelsis,
457 4964 539 5046 [qui]
551 4966 731 5044 siperfecte
745 4966 921 5030 inebriato
934 4965 1083 5040 confidis,

292 5065 390 5130 facile
405 5065 569 5130 convertit
589 5064 769 5141 procellam
784 5065 818 5126 in
831 5079 958 5137 euram,
973 5064 1028 5146 qui
1045 5064 1086 5124 ii-

293 5163 383 5227 deles
398 5179 478 5231 suos
492 5162 615 5229 tentari
640 5178 706 5224 non
721 5163 849 5238 patiens
870 5161 959 5226 ultra
985 5177 1084 5239 quam

291 5262 427 5324 valeant
452 5261 629 5331 sustinere,
657 5259 736 5326 facit
764 5260 865 5324 etiam
887 5275 961 5324 oum
974 5259 1085 5323 tenta·

293 5360 605 5437 tioneproventum.

331 5459 401 5518 Nos
427 5472 557 5534 quoque
583 5455 643 5518 tibi
667 5471 876 5532 nequaquem
903 5455 1081 5528 deerimus,

292 5554 348 5618 sed
358 5554 393 5621 in
401 5552 556 5618 omnihus
565 5551 865 5632 opportunitatibus
877 5553 1082 5623 assistemus,

293 5650 591 5730 stouthpostolicae
614 5649 708 5714 Sedis
728 5650 796 5716 tilio
818 5649 966 5728 speciali.
983 5650 1082 5714 ideo-

1144 3531 1233 3594 saepe
1254 3517 1453 3589 concutitur,
1480 3517 1515 3578 in
1544 3518 1686 3595 quadam
1711 3519 1816 3597 ipsius
1844 3521 1936 3597 parte
2024 3567 2025 3586 ,

1143 3613 1236 3676 tabes
1268 3613 1449 3676 invaluerit
1471 3614 1651 3677 haereticae
1681 3615 1876 3691 pravitatis,
1906 3618 1936 3677 et
2024 3639 2025 3666 1

1143 3711 1263 3788 ipsum,
1278 3713 1333 3788 qui
1348 3712 1389 3773 ad
1396 3711 1445 3774 tot
1456 3711 1590 3773 diversa
1602 3712 1636 3774 et
1643 3712 1784 3774 adversa
1795 3729 1864 3774 non
1874 3711 1935 3775 suf·

1144 3808 1936 3885 ficit,oporteataliosinpertemsuaesolllcitudi-
2024 3791 2025 3876 ξ

1143 3906 1195 3966 nis
1219 3919 1371 3978 evocare,
1407 3906 1542 3982 propter
1574 3907 1711 3969 multam
1741 3908 1933 3970 tenuitatem
2024 3897 2025 3976 ζ

1141 4002 1376 4064 beneficiorum
1384 4002 1935 4080 ipsiusdioecesis‚vinconveninn-
2024 3993 2025 4060 t

1141 4099 1304 4177 turquiiu
1319 4099 1540 4162 hisasslstere
1551 4101 1615 4163 sibi
1626 4101 1743 4164 velint.
1756 4103 1864 4174 Quum
1876 4117 1935 4163 au·
2024 4081 2025 4158 ἶ

1140 4199 1219 4269 tem,
1234 4197 1321 4259 sicut
1345 4198 1381 4258 in
1402 4197 1523 4261 litteris
1547 4197 1780 4264 continebatur
1797 4199 1932 4271 eisdem,
2024 4223 2025 4242 1

1142 4293 1587 4371 quodamdePetregorioen.
1605 4297 1934 4359 ecclesiaearohidia-
2024 4303 2025 4340 ³

1142 4392 1327 4464 conatibus,
1345 4393 1401 4471 qui
1431 4395 1510 4456 sunt
1532 4395 1670 4471 septem,
1687 4396 1850 4458 canonice
1875 4393 1932 4457 tibi

1142 4489 1272 4564 collate,
1303 4491 1338 4552 te
1366 4490 1408 4551 ad
1428 4491 1691 4568 componendam
1707 4507 1821 4554 secum
1842 4505 1932 4554 suam

1141 4586 1398 4649 sollicitudinem
1411 4588 1641 4654 litteraturaet
1651 4589 1826 4652 nobilitate
1841 4603 1934 4666 gene·
2024 4583 2025 4600 ¹

1141 4683 1189 4743 ris
1209 4682 1269 4745 tihi
1298 4683 1561 4760 suffragantibus
1582 4685 1740 4757 evocarit,
1765 4684 1933 4746 humiliter

1140 4780 1245 4856 petiit,
1273 4782 1435 4858 utquam
1464 4782 1612 4844 redditus
1643 4781 1931 4846 archidiaconatus

1141 4879 1288 4955 ejusdem
1307 4879 1439 4941 centum
1460 4879 1584 4940 solidos
1599 4881 1765 4942 Toronen.
1782 4895 1849 4941 non
1874 4893 1933 4939 er-

1140 4975 1269 5047 cedant,
1284 4975 1450 5038 retinendi
1464 4992 1539 5037 cum
1559 4976 1633 5052 ipso
1646 4976 1797 5053 quaedam
1807 4975 1931 5038 benefl-

1140 5072 1719 5149 oia,quaeantegeneraleconoiiium
1728 5073 1928 5143 obtinueras,

1139 5169 1299 5241 redditus,
1314 5185 1453 5247 quorum
1469 5185 1631 5232 summam
1647 5170 1759 5232 decem
1774 5169 1929 5232 librarum

1139 5269 1304 5327 Turonen.
1319 5267 1377 5329 vix
1400 5268 1578 5342 attingunt,
1604 5259 1862 5330 concederemus
1872 5265 1929 5328 tibi

1139 5362 1179 5424 de
1193 5363 1312 5438 gratia,
1332 5364 1369 5425 ut
1388 5366 1567 5441 assumptae
1589 5364 1824 5427 sollicitudinis
1850 5377 1929 5426 onus

1138 5461 1307 5522 commode
1316 5461 1404 5522 ferre
1414 5461 1525 5523 valeas
1536 5461 1737 5524 facultatem.
1748 5463 1817 5523 Nos
1832 5461 1929 5538 igitur

1137 5557 1243 5633 ipsius
1263 5557 1417 5634 precibus
1446 5563 1479 5621 et
1505 5561 1572 5620 tuae
1602 5557 1777 5634 probitatis
1805 5557 1928 5619 meritis

1139 5655 1593 5732 imbuatipraesentiumtibi
1610 5655 1929 5718 auctoritateconre·
2024 5669 2025 5672 ’
