3948 6328
294 303 355 370 tlt
911 295 1086 364 HONORII
1109 296 1154 362 111
1174 297 1321 365 OPERA.
1594 324 1597 335 ·
1873 307 1935 370 tle

293 465 373 530 bitis
388 465 421 528 et
439 459 610 534 habendis,
625 461 657 524 et
672 471 830 539 personas
844 459 880 522 ln
895 459 944 522 eis
959 459 1085 538 positas
1139 460 1276 524 chorum
1304 463 1494 524 Graecorum
1521 455 1685 524 baronum
1717 461 1931 537 detinuerint,

294 565 329 628 et
356 561 537 641 ponendas,
565 562 599 621 et
633 559 777 620 claustra
810 557 1027 620 ecclesiarum
1053 558 1086 620 et
1139 557 1171 618 et
1185 557 1411 621 laboraverint
1424 561 1544 632 terras,
1561 577 1634 638 quaa
1655 559 1698 622 ad
1715 563 1931 624 ecclesiarum

295 662 477 724 servientes
493 658 525 722 et
539 671 652 718 servos
672 657 704 718 et
728 655 867 718 ancillas
882 656 915 717 et
933 655 1084 716 homines
1138 653 1191 716 vel
1210 654 1447 717 monachorum
1470 672 1536 718 non
1562 657 1752 734 pertineant
1769 662 1853 735 jura,
1873 677 1933 722 eo-

294 759 329 821 et
342 759 500 820 universa
515 753 755 832 suppellectilia
777 754 810 816 et
827 753 914 814 bona
930 752 1036 814 libera
1053 753 1086 814 et
1138 751 1211 813 dem
1228 753 1324 815 modo
1344 753 1511 831 praedictis
1533 755 1757 832 respondeant
1776 757 1929 829 dominis,

197 857 200 864 “
294 854 446 918 absoluta
460 867 521 930 per
536 868 572 912 se
588 865 860 928 successoresque
878 865 967 921 suoS,
982 847 1087 910 horni-
1139 865 1202 926 quo
1215 849 1354 913 fecerint
1366 850 1457 923 laici,
1467 849 1523 928 qui
1536 865 1651 913 eorum
1663 852 1773 915 terras
1785 853 1933 917 detinent

294 969 365 1024 nes,
379 951 512 1022 milites,
526 948 699 1021 vassallos,
717 947 841 1019 fideles,
857 949 1038 1008 servientes
1053 946 1086 1009 et
1138 947 1171 1008 et
1193 944 1357 1010 laborant.
1378 949 1535 1025 Alioquin
1561 950 1590 1010 si
1621 949 1753 1026 praefati
1788 951 1931 1014 barones

294 1063 409 1111 servos
428 1049 463 1108 in
483 1048 676 1123 perpetuum
698 1059 892 1122 permanere
907 1042 948 1104 ab
972 1043 1084 1105 omni·
1139 1045 1252 1104 contra
1270 1047 1340 1120 jam
1359 1045 1446 1106 dicta
1461 1047 1613 1108 venerint
1627 1046 1679 1108 vel
1697 1046 1828 1124 aliquod
1840 1065 1932 1125 prae-

292 1146 354 1209 bus
365 1144 512 1221 augarus
523 1145 556 1205 et
570 1143 791 1220 parangariis,
805 1141 908 1214 taliis,
923 1140 1082 1212 servitiis,
1138 1141 1324 1214 missorum,
1340 1143 1413 1219 post
1423 1143 1681 1205 admonitionem
1698 1159 1760 1221 per
1775 1161 1845 1207 suos
1863 1162 1928 1208 ex-

293 1247 329 1306 et
355 1241 569 1304 servitutibus
599 1240 775 1312 universis,
806 1241 943 1315 excepto
971 1253 1085 1300 aeros·
1138 1239 1424 1300 communicentur
1437 1240 1607 1318 praelatos,
1625 1243 1658 1303 et
1679 1241 1806 1304 tamdiu
1820 1243 1851 1304 in
1868 1259 1932 1304 ex-

293 1339 361 1404 tico
386 1339 524 1411 tantum,
554 1338 640 1415 quod
666 1337 715 1398 eis
741 1336 860 1398 debent
883 1337 991 1398 cuncti
1014 1335 1095 1403 sive,
1138 1335 1433 1399 communicatione
1468 1338 1659 1415 persistant,
1696 1339 1851 1416 quamdiu
1889 1341 1929 1402 de

294 1437 405 1500 Latini
431 1435 502 1499 sive
530 1435 654 1506 Graeci,
686 1435 753 1495 tam
785 1435 821 1494 in
855 1433 1081 1509 dignitatibus,
1137 1433 1266 1494 damnis
1294 1435 1327 1495 et
1350 1433 1482 1509 injuriis
1508 1435 1669 1497 canonice
1701 1437 1927 1500 satisfecerint

300 1550 399 1614 quam
411 1533 447 1594 in
461 1531 645 1594 minoribus
655 1530 774 1592 officiis
784 1531 817 1592 et
827 1528 999 1592 ordinibus
1010 1545 1085 1592 cou-
1137 1529 1305 1607 irrogatis.
1319 1532 1361 1593 Ut
1370 1535 1481 1594 tamen
1496 1533 1678 1610 praemissis
1698 1534 1781 1597 tides
1801 1535 1928 1612 plenior

295 1631 402 1694 stituti
417 1630 551 1708 propter
563 1628 680 1700 terras,
695 1643 777 1706 quas
799 1629 911 1690 tenent
928 1627 969 1689 ab
988 1627 1082 1705 ipsis,
1138 1627 1300 1691 habeatur
1314 1629 1354 1690 de
1366 1629 1547 1702 voluntate,
1563 1631 1596 1692 et
1616 1647 1784 1694 consensu
1799 1636 1831 1695 et
1846 1649 1930 1695 auc-

296 1729 326 1791 si
341 1743 423 1806 quas
437 1728 552 1790 tenent
563 1727 618 1788 vel
632 1725 819 1799 tenuerunt,
836 1725 921 1802 quod
936 1725 1084 1803 tempore
1137 1725 1271 1788 toritate
1292 1725 1499 1789 dominorum
1518 1727 1651 1790 Thomae
1671 1729 1882 1808 patriarchae,
1898 1731 1930 1792 et

294 1825 457 1905 captionis
485 1823 630 1888 civitatis
653 1823 754 1900 regiae
778 1822 1083 1900 Constantinopoli·
1137 1823 1349 1898 imperatoris
1363 1823 1500 1886 Henrici
1520 1824 1875 1903 constantinopolitan.
1898 1829 1929 1888 el

293 1925 382 1987 tanae
404 1921 594 1986 solvebatur
614 1937 634 1983 a
663 1922 798 1993 Graecis,
823 1921 856 1982 et
882 1920 967 1981 nihil
993 1919 1083 1982 aliud
1137 1918 1474 1998 archiepiscoporum,
1496 1923 1531 1983 et
1547 1923 1694 1983 omnium
1716 1920 1877 1985 baronum
1893 1925 1925 1984 in

292 2021 424 2089 debent,
438 2020 471 2082 et
488 2018 573 2080 nillil
597 2017 687 2079 aliud
707 2016 836 2094 praefati
860 2016 1001 2078 barones
1025 2033 1085 2094 per
1137 2017 1292 2095 praesenti
1315 2018 1466 2080 chartula
1489 2019 1671 2104 positorum
1699 2036 1844 2098 appensa
1876 2022 1926 2082 sl-

293 2135 341 2192 se,
365 2131 573 2180 successores
597 2131 686 2187 suos,
718 2115 893 2185 vassallos,
919 2115 1082 2188 homines,
1136 2114 1217 2190 gilla
1238 2113 1431 2187 consistunt,
1453 2116 1555 2178 salvis
1573 2098 1784 2179 iu'omnibus
1801 2119 1923 2180 domini

293 2215 419 2287 fideles,
444 2213 638 2284 servientes,
656 2213 689 2274 et
710 2227 834 2284 servos,
852 2212 917 2273 sihi
939 2213 975 2274 in
997 2229 1085 2290 prae-
1137 2216 1236 2289 Papae
1251 2213 1459 2284 auctoritate,
1475 2214 1675 2287 reverentia,
1692 2214 1875 2278 ethonore.

294 2314 392 2376 dictis
411 2309 563 2374 ecclesiis
580 2310 650 2372 sive
668 2309 879 2371 monasteriis
893 2310 1081 2382 vendicare,
1176 2309 1287 2371 ‹Acta
1305 2311 1382 2371 sunt
1402 2310 1474 2372 haec
1494 2311 1580 2387 apud
1599 2313 1815 2386 Ravenicam,
1838 2329 1921 2374 anno

292 2410 442 2487 nihilque
462 2408 682 2485 inposterum
702 2422 876 2484 usurpare,
893 2408 949 2470 sed
975 2409 1005 2469 si
1027 2409 1083 2486 qui
1137 2405 1268 2466 Domini
1286 2407 1411 2477 MCGX,
1432 2405 1614 2469 indictione
1639 2409 1728 2479 Xlll,
1749 2410 1921 2485 praesenti·
1958 2389 1959 2440 Ψ

292 2523 338 2572 ex
357 2505 524 2584 praedictis
548 2503 680 2567 clericis
705 2506 773 2567 tam
800 2505 959 2581 praelatis,
985 2522 1083 2582 quam
1136 2501 1198 2565 bus
1212 2502 1472 2580 archiepiscopis
1486 2505 1519 2566 et
1532 2505 1697 2581 episcopis
1710 2506 1744 2567 et
1765 2505 1878 2568 electis
1892 2507 1922 2567 et

293 2604 425 2668 caeteris
437 2603 608 2674 ecclesias,
625 2601 678 2664 vel
697 2603 898 2664 monasteria
914 2603 1083 2664 destruere
1137 2601 1267 2662 clericis
1288 2602 1321 2662 et
1342 2601 1512 2674 militibus,
1527 2602 1684 2664 videlicet
1702 2605 1919 2674 Heracliensi,

292 2701 471 2774 voluerint,
486 2699 606 2761 debent
620 2699 777 2776 quantum
797 2698 846 2759 eis
871 2699 1003 2761 licuerit
1023 2715 1081 2762 re·
1136 2698 1342 2770 Atheniensi,
1358 2699 1556 2772 Larissensi,
1573 2701 1797 2778 Neopatrensi
1811 2701 1919 2763 archi-
1959 2761 1960 2766 ,

292 2814 442 2879 pugnare
455 2797 621 2870 decenter,
638 2797 671 2858 et
684 2795 820 2858 turbare
838 2811 880 2858 ne
897 2798 1082 2874 compleant
1136 2797 1311 2873 episcopis,
1325 2796 1549 2868 avallonensi,
1562 2797 1921 2876 Fermopilensi,1)ava·

291 2898 379 2978 quod
408 2895 562 2972 nequiter
591 2895 823 2971 conceperunt.
860 2893 895 2956 Si
921 2895 976 2971 qui
1002 2911 1082 2957 vero
1136 2893 1245 2964 liensl,
1259 2894 1495 2966 zaratoriensi,
1510 2894 1726 2964 castoriensi,
1737 2896 1918 2958 Sidoniensi

290 2993 471 3058 fuerintne
486 2991 616 3054 clericis
631 2991 770 3060 Latinis,
791 2991 844 3053 vel
859 2993 994 3064 Graecis,
1011 2994 1081 3056 sive
1136 2991 1310 3068 episcopis,
1324 2991 1532 3063 Nazariensi,
1545 2991 1687 3053 Citrensi
1704 2993 1831 3066 electis,
1849 2994 1917 3064 etc,

291 3089 475 3162 monachis,
489 3087 673 3167 papatibus,
691 3088 744 3150 vel
763 3088 937 3164 calogeris,
954 3090 989 3150 in
1008 3090 1082 3167 dig·
1136 3104 1272 3166 quorum
1296 3103 1458 3149 consensu
1482 3090 1515 3150 et
1534 3087 1703 3151 voluntate
1724 3091 1759 3152 et
1779 3091 1917 3152 auctori·

291 3188 453 3253 nitatibus
472 3186 525 3248 vel
540 3185 723 3246 minoribus
738 3183 921 3257 ordinibus,
938 3188 990 3248 vel
1006 3188 1082 3248 offi-
1134 3185 1201 3247 tate
1216 3185 1293 3247 sunt
1308 3187 1479 3262 praemissa
1494 3187 1639 3262 peracta,
1655 3187 1688 3247 et
1704 3189 1916 3264 praesentibus

292 3287 354 3350 ciis
370 3282 549 3354 constituti,
562 3281 619 3358 qui
634 3281 794 3343 dictorum
805 3281 964 3344 baronum
973 3285 1079 3345 terras
1134 3283 1268 3344 cantore
1283 3283 1466 3354 Leonardo,
1480 3283 1603 3345 Jacobo
1615 3283 1821 3361 presbytero,
1833 3287 1917 3346 Hen-

292 3378 471 3449 detineant,
495 3375 711 3448 allaborent,
738 3377 770 3438 et
793 3377 993 3439 acrosticum
1013 3379 1082 3440 sol·
1134 3379 1579 3456 rico,magistroBonilacio,
1593 3381 1754 3444 canonico
1772 3383 1916 3444 ecclesia

290 3494 370 3542 vere
394 3475 562 3538 noluerint
582 3473 723 3535 termino
747 3473 835 3536 inter
865 3489 921 3536 eos
945 3477 1078 3549 statuto,
1135 3476 1915 3556 SanctaeSophiaedeConstantinopoli,etpriore

290 3575 358 3640 nisi
386 3572 545 3637 solverint
572 3571 657 3648 quod
688 3573 853 3643 tenentur,
885 3573 1079 3649 potestatem
1134 3575 1371 3637 cruciferorum
1390 3577 1560 3647 Bononiae,
1581 3576 1817 3638 archidiacono
1831 3577 1915 3638 The·

290 3671 435 3736 habeant
459 3668 622 3731 nominati
648 3667 791 3729 barones
821 3669 1005 3746 accipiendi
1039 3671 1079 3732 de
1132 3674 1229 3745 bano,
1250 3673 1374 3735 decano
1393 3673 1594 3744 Davaliensi‚
1620 3673 1752 3736 domino
1774 3675 1914 3734 Ardulno

289 3772 386 3835 bonis
400 3785 515 3832 eorum
532 3767 671 3838 tantum,
694 3765 780 3844 quod
801 3782 915 3828 eorum
935 3767 1078 3831 debitum
1132 3774 1165 3834 et
1179 3772 1326 3833 Arnuldo
1341 3769 1523 3847 capellanis
1546 3771 1756 3847 imperatoris
1778 3771 1913 3848 praefati,

289 3870 324 3932 et
338 3868 422 3930 nihil
434 3865 576 3942 amplius
590 3863 814 3942 persolvatur;
830 3865 937 3926 sedin
952 3867 1078 3928 cunctis
1132 3872 1165 3932 et
1180 3869 1398 3947 praesentibus
1413 3867 1581 3930 Guiffredo
1603 3869 1805 3930 marescalco
1819 3871 1914 3931 totius

291 3965 435 4029 absoluti
453 3963 486 4025 et
505 3961 612 4032 liberi,
628 3963 785 4038 quantum
807 3961 848 4022 ad
870 3978 1032 4039 personas
1047 3965 1079 4027 et
1132 3967 1263 4043 imperii
1279 3967 1460 4037 Romaniae,
1476 3968 1509 4027 et
1525 3965 1710 4044 Rolandino
1725 3965 1765 4026 de
1779 3968 1911 4037 canosa,

290 4079 346 4127 res
367 4063 514 4140 ipsorum
537 4058 571 4120 et
593 4059 820 4131 ecclesiarum,
837 4075 910 4137 quae
934 4075 1078 4138 supera·
1132 4065 1166 4126 et
1188 4063 1354 4140 Raynerio
1371 4064 1411 4124 de
1436 4063 1618 4134 Gumbulla,
1635 4064 1668 4126 et
1689 4063 1865 4126 Guillelmo
1880 4063 1913 4124 de

289 4159 440 4224 bundant
473 4155 629 4226 debitum,
662 4157 820 4232 perpetuo
854 4157 890 4217 iu
912 4159 1078 4234 posterum
1134 4163 1224 4234 sarz,
1241 4164 1274 4223 et
1296 4164 1406 4222 Bonuz
1426 4161 1466 4222 de
1482 4160 1601 4222 Sancto
1618 4160 1787 4237 sepulcro,
1804 4163 1838 4225 et
1852 4166 1912 4222 tle·

289 4255 514 4340 perseverent.
546 4251 702 4314 Haeredes
731 4267 871 4330 quoque,
897 4254 967 4317 sive
992 4256 1078 4318 tilios
1131 4259 1272 4320 randino
1283 4257 1323 4320 de
1338 4257 1522 4329 dammula,
1539 4259 1572 4320 et
1584 4257 1706 4321 Jacobo
1717 4259 1757 4319 de
1767 4262 1911 4329 assesso,

289 4356 498 4426 clericorum,
515 4351 585 4414 sive
600 4349 766 4428 papatum,
782 4352 816 4411 et
828 4366 949 4412 uxores
965 4367 1078 4414 eorum
1132 4359 1164 4420 et
1178 4359 1317 4432 Hugone
1332 4355 1372 4416 de
1389 4355 1599 4430 settenguen,
1619 4353 1740 4418 Albula
1755 4355 1795 4416 de
1811 4357 1910 4416 Plun·

289 4473 357 4520 uon
372 4453 514 4532 capiant,
530 4449 584 4512 vel
605 4447 783 4520 detineant,
802 4448 855 4509 vel
874 4448 999 4513 iaciant
1019 4450 1079 4514 de·
1131 4471 1202 4532 ges,
1218 4453 1251 4516 et
1265 4452 1419 4530 Philippo
1435 4453 1475 4513 de
1498 4451 1638 4513 Mombis
1659 4452 1692 4514 et
1715 4452 1791 4513 aliis
1812 4453 1911 4529 pluri·

287 4553 401 4625 tineri,
417 4551 470 4614 vel
485 4547 570 4626 capi,
585 4545 742 4626 quamdiu
757 4545 797 4606 ad
815 4545 948 4607 mobilia
962 4563 1078 4610 eorum
1131 4554 1204 4615 bus.
1237 4555 1315 4614 Haec
1348 4551 1460 4612 aulem
1494 4548 1657 4625 completa
1687 4550 1764 4611 sunt
1791 4565 1910 4620 mense,

289 4667 368 4714 suas
396 4646 540 4726 poterint
570 4645 748 4706 extendere
778 4659 906 4716 manus,
934 4645 1004 4707 sive
1037 4647 1077 4708 de
1131 4651 1210 4713 maii
1225 4650 1278 4712 die
1293 4647 1436 4710 secundo
1451 4647 1638 4709 intrante.»

289 4763 405 4812 eorum
428 4743 604 4806 mobilibus
628 4741 677 4802 eis
701 4742 821 4818 poterit
852 4757 951 4820 super
976 4743 1076 4807 debiti
1170 4747 1261 4811 Nulli
1278 4763 1356 4822 ergo
1374 4744 1508 4807 omnino
1529 4743 1699 4806 hominum
1718 4745 1819 4808 liceat
1833 4745 1910 4807 hanc

289 4841 472 4926 quant'tate
487 4839 644 4900 satisfieri
659 4839 902 4914 competenter:
919 4839 979 4901 dlii
995 4857 1077 4917 quo·
1130 4847 1285 4924 paginam
1299 4843 1421 4905 nostras
1435 4841 1694 4903 confirmationis
1709 4844 1742 4905 et
1755 4843 1909 4920 jussionis

288 4960 353 5023 que
376 4938 536 5000 laicorum
562 4939 768 5002 Graecorum,
788 4935 858 4997 sive
880 4937 1075 5000 clericorum
1130 4945 1323 5018 intringere,
1333 4939 1386 5002 vel
1401 4939 1431 5001 ei
1448 4953 1532 4999 ausu
1544 4939 1721 5001 temerario
1736 4941 1907 5002 contraire.

288 5057 349 5103 seu
377 5034 531 5116 papatum
559 5031 594 5091 in
626 5029 787 5092 baronum
816 5034 952 5097 servitio
981 5039 1074 5114 juxta
1131 5042 1166 5103 Si
1181 5041 1255 5118 quis
1269 5037 1379 5099 autem
1400 5036 1464 5097 hoc
1483 5036 1645 5098 attentare
1658 5037 1907 5114 praesumpserit

286 5151 413 5202 morem
428 5131 560 5193 solitum
574 5125 795 5205 perseverent,
812 5130 878 5192 nisi
890 5147 950 5208 per
963 5134 1076 5196 archi·
1129 5135 1389 5213 indignationem
1403 5131 1638 5208 omnipotentis
1656 5133 1725 5204 Dei,
1745 5135 1777 5194 et
1800 5132 1908 5196 beato-

287 5236 471 5314 episcopos,
500 5225 554 5288 vel
587 5225 769 5300 episcopos,
800 5227 852 5288 vel
885 5229 926 5289 de
961 5245 1075 5292 eorum
1129 5251 1202 5296 rnm
1226 5232 1316 5295 Petri
1345 5232 1378 5293 et
1409 5229 1505 5291 Pauli
1528 5229 1760 5306 Apostolorum
1785 5233 1858 5307 eJus
1879 5243 1908 5290 se

287 5331 422 5395 licentia
438 5324 561 5387 luerint
572 5321 726 5382 ordinati.
742 5323 820 5383 Post
834 5323 1074 5390 ordinationem
1128 5331 1258 5394 noverit
1269 5330 1490 5390 incursurum.
1500 5327 1617 5388 Datum
1630 5327 1906 5402 Signiae,secundo

287 5445 366 5493 V01‘0
380 5424 493 5486 00d0m
506 5417 681 5499 lPiVilQSiO
692 5417 868 5493 gaudeant·
884 5435 947 5498 [luo
958 5424 1075 5486 fruun-
1129 5444 1234 5491 nonas
1249 5423 1454 5502 septembris,
1478 5423 1688 5499 pontilicatus
1707 5424 1812 5485 nostri
1828 5437 1906 5484 anno

286 5521 517 5590 turclericiin
536 5515 722 5579 obedientia
745 5517 902 5578 Romanae
918 5521 1073 5586 Ecclesiae
1129 5527 1255 5590 octavo,
1378 5542 1380 5546 ·
1697 5529 1700 5536 .

286 5619 466 5690 constituti.
485 5617 520 5677 Si
536 5615 592 5694 qui
606 5623 685 5677 vero
699 5614 864 5690 papatum,
881 5615 932 5675 vel
955 5633 1072 5681 mona-
