4006 6346
153 384 213 446 561
757 379 987 442 EPISTOLAE.
1011 381 1090 440 LIB.
1113 379 1199 440 vill.
1416 440 1420 444 ,
1734 373 1796 434 562

154 546 263 622 ipsum
288 559 348 622 per
370 543 485 620 nigros
505 539 686 622 monachos
704 539 815 603 valeat
839 539 949 602 reior-
1001 555 1054 615 go,
1065 537 1270 612 etc.,nostrae
1278 536 1516 609 concessionis,
1524 534 1586 596 etc.
1596 531 1721 610 Siquis,
1730 533 1793 594 etc.

154 642 251 712 mari,
266 639 473 717 investigetis
488 639 631 702 sollicite
646 639 756 701 utrum
775 639 946 699 monaste·
1001 635 1121 697 Datum
1153 634 1321 706 Laterani,
1354 633 1507 694 kalendis
1542 631 1665 705 martii,
1706 644 1795 691 anno

27 767 28 774 ,
118 721 121 732 ⁴
154 739 242 800 rium
264 739 373 815 ipsum
396 737 572 799 reformari
597 736 707 798 valeat
733 751 795 813 per
812 734 948 798 institn-
1001 733 1129 795 octavo.

154 837 280 898 tionem
295 835 531 896 canonicorum
548 833 759 895 saecularium
771 832 806 892 in
818 831 944 904 eodem,

154 935 188 994 et
200 933 286 1010 quod
301 948 401 1009 super
416 932 469 992 bis
486 931 683 994 inveneritis
697 929 792 991 nobis
806 929 947 991 fideliter
1320 909 1472 1010 CXLIX

154 1029 359 1102 rescribatis,
374 1032 445 1107 jam
460 1029 565 1091 dictas
585 1027 845 1090 confirmationis
862 1025 947 1088 litte-
1133 1054 1184 1113 Ad
1202 1053 1378 1113 monem
1413 1053 1669 1114 mmm-mem

153 1143 211 1188 ras
233 1127 409 1202 diligenter
427 1126 515 1203 apud
533 1141 592 1188 vos
613 1125 748 1187 interim
767 1123 944 1186 servaturi.
1245 1097 1553 1224 arehiep'iscopum·

155 1228 259 1286 Porro
279 1225 308 1284 si
324 1223 494 1301 saepedicti
509 1222 628 1285 iratres
643 1222 769 1284 ordinis
784 1220 947 1284 Praedica·
1292 1262 1412 1319 marm
1424 1260 1493 1321 liti

151 1324 262 1384 torum
290 1321 331 1384 ad
362 1321 610 1384 monasterium·
625 1321 736 1398 ipsum
765 1319 946 1380 secundum
1140 1375 1458 1441 [amurmurabant
1479 1303 1549 1440 ὦ)
1569 1376 1580 1428 ¹
1602 1375 1655 1440 95]

152 1418 396 1480 ordinationem
417 1418 634 1480 convenerint
648 1419 875 1488 memoratam,
896 1416 943 1488 tu,
1436 1414 1465 1497 J
1635 1412 1642 1426 ’

152 1515 257 1577 frater
274 1515 440 1592 episcope,
456 1515 602 1577 retineas
620 1515 880 1577 confirmationis
895 1513 947 1575 lit·
999 1481 1117 1582 mmm,
1138 1489 1178 1552 '¹¹’
1203 1497 1261 1540 ⁰⁰¹¹
1279 1483 1411 1584 ⁰b⁸tflfl¹⁰
1427 1482 1793 1584 ‚¹¹¹¹1’0dffmefl‘⁰‚⁰f¹g¹¹¹,¹⁸r

150 1614 243 1673 tems
267 1611 462 1689 saepedictas
497 1613 589 1686 Quod
605 1612 633 1672 si
655 1628 721 1674 non
738 1627 852 1673 omnes
882 1611 932 1673 eto
1036 1571 1206 1628 electionem
1217 1571 1792 1644 Stephaarsacrrstoebrivatensrsrnepus·

465 1657 473 1672 .
856 1657 864 1684 ,
936 1655 944 1670 .

151 1709 270 1770 Datum
291 1710 458 1781 Laterani,
480 1709 635 1770 kalendis
660 1709 783 1778 martii,
808 1707 945 1787 pontifi·
1035 1672 1138 1732 ⁰⁰p¹¹m
1154 1660 1354 1718 mmmmm
1370 1659 1529 1717 ⁰⁰⁰⁰fm0‘·

152 1807 246 1868 catus
261 1807 366 1875 nostri¹
385 1821 474 1868 anno
489 1807 617 1868 octavo.
1040 1784 1208 1846 Honorius
1218 1784 1713 1862 episcopus,servusservorum
1721 1781 1792 1855 Dei,

999 1880 1185 1942 venerabili
1196 1881 1291 1943 fratri
1305 1881 1555 1960 archiepiscopo
1579 1880 1791 1952 Bituricensi,

1001 1978 1141 2040 salutem
1155 1979 1189 2040 et
1195 1979 1419 2056 apostolicam
1435 1977 1711 2040 benedictionem.

1041 2077 1121 2136 Cum
1147 2075 1307 2153 optimum
1335 2075 1513 2153 reparandi
1536 2074 1665 2136 natales
1686 2087 1793 2150 genus

363 2239 365 2244 ,
448 2127 643 2216 CXLVIII
1000 2173 1204 2250 sitieriginis
1216 2173 1333 2235 vitium
1343 2175 1466 2235 virtute
1476 2173 1640 2234 redimere
1651 2171 1792 2232 merito·

210 2282 263 2340 Ad
273 2280 428 2340 abbatem
442 2278 476 2340 ct
489 2277 695 2340 conventum
709 2277 744 2338 S.
761 2275 889 2347 Rustici,
999 2286 1084 2342 rum,
1099 2270 1206 2332 felicis
1218 2270 1458 2333 recordationis
1470 2272 1494 2333 l.
1503 2286 1600 2347 papa,
1613 2268 1805 2347 praedeces·

349 2377 481 2437 ordinis
495 2377 530 2437 S.
548 2375 744 2451 Augustini.
1000 2383 1057 2428 sor
1074 2368 1198 2434 noster,
1214 2368 1327 2430 dilecti
1349 2367 1410 2429 filii
1435 2367 1587 2443 magistri
1607 2369 1640 2428 S.
1670 2366 1795 2426 Mima-

444 2505 566 2564 ἰωῇ
578 2505 647 2562 lm
999 2464 1103 2525 tensis
1133 2465 1240 2538 electi,
1264 2465 1343 2526 tunc
1369 2464 1522 2542 magistri
1537 2464 1729 2526 scholarum
1732 2505 1792 2523 .....

308 2629 313 2640 ,
467 2627 472 2640 ,
649 2547 656 2562 ’
890 2626 895 2638 ,
1000 2561 1216 2623 considerans
1231 2560 1796 2640 probitatem,cumipsosnperde-

168 2631 286 2693 [ΗΘΜ
297 2628 342 2680 ¹¹¹³·
355 2629 419 2688 Μ’
432 2635 508 2693 ⁶9¹⁸¹'
521 2628 577 2680 ³¹⁹·
590 2629 648 2678 ⁵¹⁵³·
662 2628 699 2679 ¹⁴⁸
708 2627 785 2678 9⁰³⁶
794 2625 930 2692 ΝΜ]
999 2657 1089 2720 lectu
1111 2660 1272 2722 natalium
1292 2659 1508 2738 dispensavit,
1525 2659 1571 2722 ita
1584 2660 1695 2720 tammu
1707 2657 1795 2736 quod

152 2753 284 2826 Indulget
300 2761 331 2812 ut
353 2753 483 2827 quedam
494 2768 624 2827 personas
638 2754 814 2826 prioratuum
829 2766 945 2810 suorum
1001 2755 1031 2816 si
1046 2772 1121 2817 eum
1136 2756 1177 2818 ad
1192 2756 1353 2820 honorem
1363 2757 1477 2820 vocari
1491 2756 1698 2833 contingeret
1712 2770 1794 2832 prae·

186 2843 554 2912 inViennensi,Arelatensi
565 2849 593 2899 et
602 2841 781 2900 Narbonensi
792 2841 947 2914 provinciis
1002 2853 1471 2932 sulatug‚n0quaquam111um
1485 2855 1649 2931 reciperet
1669 2851 1795 2930 absque

187 2931 224 2988 ”d
247 2938 337 2990 *Μ
356 2931 668 3032 θῑῆθωωῑῑΰῑθθῑθωω
684 2929 808 3002 9¹⁰⁸¹¹i⁵
821 2929 946 3002 ⁰⁹8⁰ffl⁸
1000 2949 1135 3012 licentia
1161 2951 1255 3012 Sedis
1291 2952 1490 3029 Apostolicae
1521 2950 1669 3028 speciali.
1699 2948 1794 3010 Unde

188 3017 325 3078 ⁸⁰⁰⁰&oe
335 3026 456 3093 ΜΝ·
1000 3063 1075 3109 cum
1084 3063 1190 3124 nuper
1203 3047 1317 3110 dilecti
1331 3049 1393 3110 dlii
1405 3049 1602 3111 Mimatense
1614 3046 1796 3124 capitulum

192 3145 371 3216 Honorius,
407 3145 483 3218 etc,
517 3144 649 3206 dilectis
675 3143 755 3204 filiis
774 3143 886 3206 abbati
914 3143 946 3204 et
1000 3143 1041 3206 de
1065 3145 1203 3222 speciali
1224 3143 1380 3208 mandato
1395 3147 1519 3218 nostro,
1545 3145 1679 3222 recepta
1698 3144 1793 3221 epis-

154 3242 333 3305 conventni
347 3243 459 3304 Sancti
475 3242 597 3314 Rufini,
610 3241 737 3303 ordinis
753 3241 945 3303 sanctinu—
1000 3243 1075 3319 copi
1090 3243 1144 3304 sui
1153 3243 1304 3306 cessione
1322 3243 1540 3306 avenerabili
1554 3243 1658 3305 tratre
1679 3243 1794 3304 nostro

143 3341 288 3415 -gustini,
305 3339 457 3412 salutem,
474 3340 535 3402 etc.
1000 3341 1175 3403 Portuensi
1196 3341 1362 3418 episcopo,
1378 3342 1458 3403 tunc
1477 3340 1677 3417 apostolicae
1701 3339 1796 3400 Sedis

193 3437 313 3498 Petitio
327 3439 438 3498 vestra
457 3436 554 3499 uobis
570 3436 720 3500 exhibita
743 3435 943 3509 continebat,
1000 3437 1121 3515 legato,
1138 3440 1171 3501 et
1183 3438 1223 3500 ab
1238 3454 1276 3500 eo
1292 3439 1377 3515 ipsis
1400 3439 1561 3516 injuncto,
1578 3438 1664 3515 quod
1679 3437 1793 3499 eccle·

152 3535 239 3612 qnod
268 3551 343 3596 cum
370 3534 521 3597 habeatis
539 3534 700 3612 quosdam
715 3535 884 3612 prioratus
910 3533 945 3594 in
1001 3536 1060 3597 siae
1073 3552 1141 3597 snae
1151 3552 1209 3613 per
1219 3535 1416 3600 electionem
1430 3537 1625 3597 canonicam
1637 3534 1794 3612 provide-

151 3632 344 3704 Vienneusi,
363 3633 562 3705 Aretatensi,
585 3633 618 3694 et
637 3631 847 3694 Narbonensi
862 3645 945 3709 pro·
999 3634 1074 3694 rent
1086 3633 1126 3694 de
1137 3648 1281 3710 persona
1293 3634 1414 3696 idonea
1424 3635 1459 3694 in
1469 3633 1647 3710 pastorem,
1660 3633 1695 3692 in
1707 3646 1796 3692 eum·

151 3729 283 3802 vinciis,
291 3730 324 3791 et
334 3729 484 3806 partibus
496 3729 681 3791 convicinis
692 3744 842 3806 personae
854 3743 946 3790 com·
999 3731 1072 3792 dem
1085 3731 1281 3806 magistrum
1292 3732 1372 3793 tunc
1382 3731 1558 3792 sacristam
1567 3728 1796 3792 Brivatsnsem

151 3831 320 3890 morantes
332 3828 368 3888 in
383 3827 451 3888 illis
466 3827 661 3904 plerumque
674 3841 810 3890 necesse
822 3824 946 3888 habeut
1000 3827 1159 3888 canonice
1167 3827 1200 3889 et
1209 3827 1418 3889 concorditer
1428 3827 1623 3889 direxerunt
1631 3827 1708 3888 vota
1719 3840 1792 3898 sua,

152 3942 212 4002 pro
228 3926 379 4002 ipsorum·
403 3925 545 4002 negotiis
561 3925 767 4002 prioratuum
787 3923 946 3984 accedere
1000 3924 1124 3986 electus
1139 3925 1210 4001 ipse
1232 3940 1272 3986 ac
1293 3925 1432 3986 dilectus
1458 3924 1547 3984 itlius
1561 3927 1599 3986 P.
1623 3921 1794 3985 archidia-

151 4022 193 4084 ad
208 4023 315 4084 terras
327 4021 700 4094 excommunicatorum,
717 4020 944 4083 ecclesiastico
1000 4037 1103 4082 conus
1116 4022 1263 4098 ejusdem
1286 4022 1436 4084 ecclesiae
1454 4037 1529 4083 cum
1544 4020 1717 4084 electionis
1736 4019 1797 4081 de-

151 4120 328 4182 interdioto
349 4119 526 4198 subjectas.
542 4121 651 4191 Quare
675 4117 848 4180 humiliter
864 4133 945 4194 pos·
1000 4119 1144 4180 cretoad
1173 4119 1321 4182 nostram
1342 4121 1477 4198 propter
1500 4120 1563 4182 boo
1582 4117 1796 4196 praesentiam

151 4217 296 4289 tulastis,
305 4218 341 4280 ut
354 4234 396 4278 ne
406 4217 614 4295 prioratuum
628 4215 776 4293 ipsorum
789 4215 876 4277 bona
886 4215 946 4276 de-
1000 4217 1222 4280 accesserunt.
1253 4217 1323 4279 Nos
1345 4219 1456 4280 autem
1479 4217 1675 4280 electionem
1693 4231 1796 4292 repe-

152 4317 300 4394 pereant,
317 4315 365 4377 eis
375 4315 407 4376 id
422 4313 582 4376 tacerede
597 4315 712 4376 nostra
726 4313 947 4389 permissione
1000 4314 1124 4376 rientes
1137 4315 1178 4376 de
1187 4331 1329 4392 persona
1341 4315 1461 4378 idonea
1475 4315 1634 4377 canonice
1647 4312 1796 4375 celebra·

151 4413 278 4485 liceret,
295 4413 342 4476 ita
358 4412 443 4490 quod
456 4411 497 4473 ab
513 4411 576 4472 hoc
591 4411 945 4472 excommunicationis
1003 4418 1079 4484 tam,
1096 4413 1331 4490 impedimento
1358 4413 1509 4489 originis,
1524 4411 1610 4490 quod
1628 4411 1668 4473 de
1687 4411 1797 4487 gralia

151 4511 307 4588 laqueum
337 4526 404 4572 non
433 4510 617 4580 incurrant,
645 4524 712 4570 non
739 4507 946 4571 obstantibus
1001 4509 1149 4587 ejusdem
1162 4511 1417 4588 praedecessoris
1429 4510 1535 4571 nostri
1546 4508 1711 4570 sublatum
1722 4507 1797 4570 iue-

152 4608 333 4670 sententias
344 4623 444 4684 super
454 4607 518 4670 boc
532 4605 681 4682 elegatis
693 4604 788 4666 Sedis
802 4607 945 4682 Aposto-
1000 4608 1054 4669 rat
1068 4624 1134 4669 non
1150 4606 1312 4679 obstante,
1326 4607 1433 4683 ipsam
1449 4606 1488 4667 de
1499 4605 1639 4667 fratrum
1663 4606 1796 4669 nostro-

151 4707 227 4768 licae
264 4705 494 4782 promulgatis.
524 4705 594 4766 Nos
627 4702 730 4779 igitur
749 4703 946 4766 auctoritate
1001 4704 1239 4766 cumconsilio
1268 4703 1423 4764 duximus
1452 4703 1721 4765 confirmandam.
1757 4704 1822 4771 nt.

150 4803 364 4882 praesentium
385 4801 595 4878 indulgemus
617 4801 653 4861 ut
673 4815 826 4877 personae
849 4815 945 4862 com·
1002 4803 1080 4864 licet
1098 4801 1239 4862 clericus
1266 4803 1342 4863 tuus
1373 4802 1572 4878 proponeret
1597 4818 1672 4864 eum
1696 4801 1739 4863 ad
1762 4803 1796 4864 te

152 4906 320 4964 morantes
354 4901 390 4961 in
422 4897 623 4977 prioratibus
659 4898 836 4960 antedictis
870 4914 949 4974 pos·
1002 4898 1426 4975 metropolitanumdebere
1441 4900 1576 4974 remitti,
1589 4916 1652 4964 nec
1661 4899 1797 4962 nuntia-

152 5001 228 5062 seut
247 4999 288 5060 ad
306 4996 496 5074 hujusmodi
523 4997 596 5057 loca
622 4995 695 5056 sine
714 4995 862 5072 periculo
884 5011 947 5056 ex·
1001 4999 1070 5059 tam
1084 4996 1144 5058 tibi
1169 4997 1354 5058 cessionem
1376 4998 1537 5071 eamdem,
1562 5015 1623 5060 uec
1650 4997 1796 5074 eligendi

150 5095 460 5162 communicationis
489 5093 665 5165 accedere,
698 5108 798 5170 quum
824 5107 947 5168 urgens
1003 5093 1183 5156 atefuisse
1199 5094 1369 5158 licentiam
1391 5097 1602 5173 postulatam,
1619 5096 1727 5172 ipsum
1741 5094 1795 5156 ta-

151 5196 356 5274 prioratuum
381 5193 528 5270 ipsorum
555 5190 739 5253 necessitas
760 5191 793 5252 et
812 5190 948 5253 evidens
1003 5207 1091 5262 men,
1128 5205 1203 5251 cum
1230 5191 1409 5268 praedictus
1432 5193 1561 5268 legatus
1586 5190 1796 5254 demandato

151 5293 278 5356 utilitas
291 5292 325 5353 id
345 5290 497 5366 exposcit
510 5305 518 5363 ;
532 5289 579 5350 ita
594 5291 704 5350 tamen
721 5286 806 5364 quod
823 5303 884 5348 nec
901 5287 947 5348 ihi
1002 5289 1117 5364 nostro
1138 5288 1323 5350 cessionem
1347 5291 1522 5366 receperit,
1548 5290 1581 5351 et
1600 5289 1795 5352 electionem

152 5388 322 5452 celebrare
349 5387 462 5450 divina
490 5401 552 5448 nec
585 5385 710 5447 diutins
744 5400 843 5461 quam
876 5385 948 5462 ipsa
1003 5385 1211 5447 mandaverit
1231 5386 1315 5457 fleri,
1331 5388 1428 5462 juxta
1444 5386 1715 5448 consuetudinem
1728 5389 1795 5449 Ec-

151 5487 301 5564 reqnirat
315 5485 498 5547 necessitas
512 5483 722 5554 commorari,
740 5497 801 5543 nec
819 5497 949 5544 excom·
1003 5482 1114 5544 clasiae
1129 5485 1286 5546 Romanae
1300 5485 1467 5560 potuimus
1485 5485 1557 5546 sine
1569 5487 1626 5548 tuo
1642 5485 1797 5563 praejudi-

152 5584 331 5648 municatis
367 5581 613 5644 communicare
634 5580 853 5658 praesumant,
882 5580 949 5641 nisi
1003 5581 1055 5642 cio
1075 5597 1284 5642 consecrare.
1309 5581 1371 5642 sed
1401 5583 1462 5642 rios
1489 5583 1523 5643 in
1546 5583 1609 5644 hac
1628 5583 1796 5663 partetibi

153 5685 316 5764 quatenns
348 5677 560 5758 nequiverint
592 5678 731 5740 evitare.
766 5678 859 5739 Nulli
894 5693 949 5738 er·
1003 5677 1184 5741 sicutetin
1200 5678 1312 5740 multis
1337 5677 1413 5740 aliis
1429 5677 1626 5753 deserentes,
1644 5681 1795 5744 eumdem
