4002 6326
84 327 138 390 293

85 500 266 564 solemniter
278 500 313 561 in
328 513 443 562 earnm
467 497 614 576 capitulo
628 496 707 560 tells
734 497 862 564 eonsti-

84 599 158 661 tutio
185 597 271 660 iaota
296 595 407 666 luerit,
440 598 475 658 et
499 596 705 673 jnramento.
720 594 862 666 firmata,

85 695 161 772 qnod
180 693 332 756 videlicet
347 691 514 756 abbatissa
529 693 635 768 ipsius
652 691 730 764 loci,
747 707 865 769 quam-

85 807 212 869 cumque
237 791 308 852 iore
332 789 538 866 contingeret
561 787 626 861 bis,
654 790 690 850 in
719 788 866 865 quolibet

85 905 173 960 anno,
195 888 442 955 decanusvero,
467 886 577 948 etalii
601 885 706 947 balivi
723 885 864 962 singulis

85 985 201 1048 duobus
224 985 394 1046 mensibus
414 984 515 1044 semel
532 983 572 1045 de
593 983 736 1060 receptis
751 985 783 1044 et
804 999 866 1043 ex-

85 1083 185 1160 pensis
211 1081 363 1144 omnibus
386 1081 564 1144 redderent
589 1080 751 1143 rationem
773 1095 863 1156 prae-

85 1179 219 1242 sentibus
232 1179 406 1242 duodecim
422 1177 623 1240 monialibus
638 1178 752 1240 electis
766 1191 786 1237 a
802 1192 862 1236 ce-

85 1278 177 1354 pitnlo
197 1278 229 1337 et
248 1276 430 1348 canonicis,
449 1276 506 1353 qui
528 1275 653 1336 vellent
673 1273 864 1352 hujusmodi

84 1373 248 1436 ratiocinio
272 1373 446 1444 interesse,
465 1373 735 1433 constitutionem
756 1371 864 1448 ipsam

83 1471 267 1543 taceremus,
279 1471 447 1547 tamquam
462 1469 527 1548 ipsi
551 1468 752 1531 monasterio
767 1467 865 1530 valde

85 1569 199 1640 utilem,
220 1567 371 1629 obtinere
392 1566 536 1629 debitam
552 1566 752 1627 firmitatem.
769 1566 867 1626 ideo-

84 1681 139 1742 que
175 1665 368 1727 discretioni
404 1665 523 1728 vestrae
567 1679 627 1741 per
671 1663 865 1740 Apostolioa

85 1761 195 1839 scripta
227 1761 434 1834 mandamus,
465 1760 626 1838 quatenns
656 1759 866 1821 constitutio-

84 1875 149 1919 nem
163 1859 281 1936 ipsam,
302 1859 388 1920 sicut
403 1859 539 1935 provide
554 1857 642 1919 iacta
656 1858 718 1928 est,
734 1855 866 1919 faciatis

84 1954 311 2018 inuiolabiliter
334 1953 517 2028 observari,
545 1955 815 2022 contradictores,
837 1954 867 2014 si

85 2053 131 2130 qni
156 2053 278 2115 inerint
292 2053 344 2114 nel
364 2051 517 2124 rebelles
533 2067 592 2128 per
615 2067 791 2112 censuram
811 2067 867 2112 ec-

84 2149 305 2222 clesiasticam,
327 2149 549 2228 appellatione
565 2149 758 2227 postposita,
776 2165 867 2210 com-

85 2249 254 2324 pescentes.
283 2247 375 2319 Qnod
400 2247 429 2307 si
451 2263 518 2308 non
546 2262 661 2308 omnes
687 2247 741 2306 bis
768 2261 868 2307 ense-

85 2343 210 2420 qnendis
235 2344 399 2404 interesse
424 2342 610 2420 potueritis,
632 2342 696 2403 duo
718 2344 867 2403 vestrum

85 2456 119 2500 ea
137 2441 352 2502 nibilominus
371 2442 607 2518 exsequantur.
633 2440 751 2500 Datum
774 2440 868 2502 Late·

85 2537 160 2610 rani,
173 2539 249 2599 Vlil
260 2537 334 2599 idus
350 2535 522 2612 februarii,
535 2535 746 2614 pontificatus
762 2537 867 2600 nostri

85 2650 161 2696 anno
173 2635 324 2714 septime.

383 2981 562 3069 LXXVII

85 3156 129 3216 Ad
154 3154 344 3228 capitulum
371 3155 521 3214 ecclesie
545 3155 581 3214 S·
614 3150 799 3212 Laurertltt
826 3151 868 3210 de

124 3255 292 3316 thlooooo
307 3253 565 3326 archiepiscopi
575 3263 683 3324 stiper-
698 3252 827 3310 Yorwc.

335 3395 505 3456 dlebruarii
528 3395 606 3454 {aaa

98 3525 208 3596 illapsu,
220 3531 269 3584 lib.
280 3531 336 3590 vll,
349 3531 425 3594 epist.
436 3530 490 3582 lut.
504 3531 561 3580 blss.
575 3531 612 3582 La
624 3530 698 3580 Porte
711 3527 745 3579 dn
759 3527 852 3594 neoti]

115 3663 225 3724 bossub
236 3663 313 3722 beati
324 3665 399 3722 Petri
412 3671 440 3721 et
452 3679 503 3721 sua
517 3663 694 3736 protectione
703 3662 832 3736 suscipit.

119 3811 293 3882 Honorius,
312 3811 388 3878 etc,
404 3808 534 3869 dilectis
550 3806 629 3869 filiis
649 3805 795 3884 capitulo
808 3822 868 3868 ec·

88 3905 186 3969 etesiae
209 3907 324 3969 Sancti
348 3905 520 3967 Laurentii
544 3905 585 3966 de
607 3903 782 3966 villanova
805 3907 870 3964 Ar·

88 4003 280 4082 chlepiscopi
307 4019 407 4080 super
433 4005 562 4073 Yonen,
589 4015 769 4078 eorumque
793 4016 871 4062 sno-

88 4103 264 4164 cessoribns
291 4101 452 4162 canonice
471 4099 710 4160 substituendis
736 4099 772 4158 in
792 4114 871 4175 per-

88 4199 220 4274 petuum,
239 4199 391 4270 salutem,
406 4199 468 4260 etc.

124 4297 276 4368 Quotiens
291 4294 478 4372 postulatur
493 4309 513 4355 a
527 4292 634 4365 nobis,
647 4293 732 4370 qnod
746 4293 870 4355 rationi

90 4395 264 4465 conveniat,
284 4393 318 4454 et
336 4392 505 4453 canonicae
521 4393 678 4452 consonet
694 4391 868 4463 sanctioni,

89 4491 259 4564 petentium
274 4489 449 4550 desideriis
465 4487 597 4549 facilem
613 4487 769 4548 debemus
784 4504 872 4564 prae-

89 4583 158 4648 bere
178 4603 387 4658 consensum,
404 4602 446 4646 ne
463 4586 499 4646 in
527 4601 566 4646 eo
593 4583 745 4646 dilllciles
762 4585 872 4646 videa·

90 4700 164 4758 mur,
180 4685 266 4763 quod
286 4684 441 4746 convenit
455 4683 609 4744 celeriter
626 4682 808 4757 indulgere.
826 4685 871 4744 Ea

91 4784 223 4860 propter,
237 4780 351 4843 dilecti
365 4781 400 4842 in
420 4781 560 4842 Domino
574 4779 646 4850 lilii,
662 4779 781 4840 vestris
796 4781 873 4856 J'us-

92 4878 128 4938 lis
146 4878 421 4957 postulationibus
437 4878 617 4938 clementer
631 4877 820 4948 annuimus,
840 4878 873 4938 et

92 4977 255 5038 ecclesiam
267 4977 379 5038 Sancti
391 4975 562 5036 Laurentii
575 4974 615 5035 de
630 4973 804 5036 villanova
814 4978 873 5035 Ar·

93 5073 577 5152 chlepiscopisuperYonen,in
594 5087 658 5148 qua
670 5071 783 5132 divino
794 5072 873 5133 estis

93 5169 237 5250 obsequio
251 5171 440 5248 mancipati,
450 5169 605 5232 subbeaii
614 5168 704 5230 Petri
715 5169 748 5230 ct
761 5170 873 5230 nestra

677 321 905 388 EPISTOLAE.
929 323 1007 382 LIB.
1030 319 1101 384 v11.

1599 321 1711 382 '294

918 480 1103 558 patrocinio
1134 478 1386 551 communimus,
1403 477 1439 541 in
1465 479 1581 556 primis
1605 480 1711 558 siqni-

918 578 992 640 dem
1015 577 1208 650 statuentes,
1223 578 1259 640 ui
1282 592 1506 656 quascumque
1525 578 1710 653 possessio·

918 691 989 746 nes,
1015 689 1229 753 quaecumque
1256 673 1341 734 bona
1367 673 1482 734 eadem
1507 674 1647 736 ecclesia
1674 675 1710 736 in

919 771 1171 848 praesentiarum
1188 772 1289 847 juste,
1314 771 1346 831 et
1365 770 1526 832 canonice
1551 772 1707 848 possidet,

919 870 977 930 aut
991 869 1027 929 in
1041 867 1189 928 loturum
1203 881 1277 943 quae
1285 867 1386 943 justis
1399 868 1516 939 medie,
1530 870 1709 944 praestante

919 966 1069 1037 Domino,
1086 964 1303 1026 concessione
1319 964 1511 1040 pontificum
1525 965 1596 1026 sive
1612 965 1709 1027 obla-

918 1065 1009 1125 tione
1034 1062 1180 1124 fidelium
1208 1061 1349 1138 adipisci
1377 1057 1507 1139 poterit,
1535 1061 1630 1123 firma
1656 1079 1711 1124 no·

918 1161 970 1222 bis
1009 1161 1195 1238 vestrisque
1228 1159 1478 1221 successoribus
1513 1161 1545 1221 et
1582 1159 1711 1222 illibata

918 1258 1145 1336 permaneant.
1162 1259 1199 1320 In
1219 1257 1336 1333 quibus
1356 1257 1427 1318 haee
1446 1258 1591 1334 propriis
1613 1258 1714 1319 duxi-

919 1371 992 1416 mus
1016 1355 1233 1432 exprimenda
1257 1353 1439 1416 vocabulis.
1461 1357 1583 1416 Locum
1605 1356 1713 1434 ipsum

919 1453 955 1515 in
973 1469 1039 1530 quo
1063 1451 1201 1530 praelata
1225 1451 1368 1513 ecclesia
1391 1452 1454 1514 sita
1475 1455 1526 1514 est
1542 1469 1618 1514 cnm
1637 1469 1713 1515 om-

919 1550 1016 1611 nibus
1050 1549 1260 1628 pertinentiis
1289 1550 1375 1623 suis,
1407 1550 1541 1610 domum
1569 1552 1602 1613 et
1629 1567 1711 1628 pos-

920 1647 1085 1712 sessiones
1101 1663 1175 1712 cum
1190 1647 1401 1724 pertinentiis
1416 1647 1618 1720 earumdem,
1628 1664 1712 1726 quas

921 1744 1085 1824 qnondam
1105 1744 1210 1806 suido
1226 1744 1265 1804 de
1281 1745 1418 1806 Camere
1434 1744 1540 1806 eidem
1562 1746 1714 1806 ecclesiae

920 1843 1041 1906 restrae
1060 1843 1115 1918 pia
1139 1841 1340 1904 liberalitate
1369 1842 1551 1916 concessit3
1568 1842 1712 1914 domum,

921 1957 994 2018 quae
1002 1940 1066 2002 sita
1077 1939 1128 2002 est
1131 1940 1228 2016 juxta
1243 1938 1468 2000 coemeterium
1481 1941 1627 2001 vestrum
1638 1955 1714 2002 cnm

921 2038 1037 2116 pratis,
1052 2037 1173 2108 vineis,
1187 2036 1298 2108 terris,
1311 2035 1669 2116 nemoribus,nsuagiis
1682 2039 1716 2098 et
1751 2050 1762 2073 ¹

921 2135 1066 2213 pascuis,
1080 2133 1228 2198 inbosco
1241 2135 1274 2194 et
1288 2132 1398 2210 plano,
1415 2134 1452 2195 in
1465 2134 1571 2212 aquis,
1594 2135 1627 2194 et
1644 2151 1716 2196 om-

922 2233 1020 2296 nibns
1047 2232 1124 2294 aliis
1150 2231 1360 2294 libertatibus
1389 2235 1423 2293 et
1449 2231 1715 2294 immunitatibus

922 2331 1004 2392 suis.
1036 2329 1256 2392 Prohibemns
1277 2323 1416 2405 insuper
1441 2329 1478 2390 ut
1511 2329 1599 2392 inira
1633 2329 1715 2392 lines

922 2427 1089 2506 parochiae
1111 2429 1233 2490 vestrae
1255 2427 1367 2488 nullus
1394 2426 1466 2488 sine
1492 2441 1631 2488 assensn
1656 2429 1718 2488 Se-

923 2541 1043 2588 nonen.
1071 2524 1315 2601 archiepiscopi
1342 2524 1524 2586 dioecesani
1549 2524 1652 2588 vestri
1685 2524 1719 2589 et

922 2623 1025 2686 vestri
1051 2622 1228 2698 capellani,
1246 2621 1429 2700 oratorium
1455 2623 1495 2683 de
1524 2638 1610 2684 novo
1636 2638 1718 2684 con-

923 2723 1053 2784 struere
1088 2720 1219 2792 audeat,
1249 2719 1352 2782 salvis
1387 2719 1572 2796 privilegiis
1607 2720 1720 2796 ponti-

923 2818 1022 2880 iioum
1044 2821 1278 2880 Romanorum.
1297 2816 1508 2894 Sepulturam
1528 2832 1658 2894 quoqne
1670 2816 1718 2894 ip·

923 2915 993 2978 sius
1007 2915 1073 2976 loci
1087 2913 1226 2978 liberam
1242 2929 1316 2975 esse
1331 2913 1539 2975 decernimus
1557 2916 1718 2976 uteorum

923 3012 1102 3086 devotioni,
1117 3013 1195 3084 eto,
1212 3025 1319 3086 osque
1335 3026 1474 3088 corpora
1492 3012 1716 3074 assumantur.

923 3111 1074 3172 beelmas
1102 3109 1266 3188 praeterea
1292 3110 1326 3171 et
1352 3110 1581 3184 possessiones
1600 3109 1642 3170 ad
1661 3111 1718 3188 jus

923 3207 1074 3272 ecclesiae
1101 3207 1222 3270 vestrae
1251 3205 1450 3283 spectantes,
1476 3221 1549 3282 qnae
1576 3221 1596 3268 a
1622 3206 1718 3268 laicis

923 3306 1114 3370 detinentur
1145 3303 1341 3378 redimendi,
1382 3305 1416 3368 et
1449 3301 1596 3380 legitime
1628 3304 1716 3366 libe·

923 3404 1021 3466 randi
1062 3403 1102 3466 de
1135 3401 1290 3465 manibus
1325 3416 1441 3463 eornm
1476 3403 1510 3464 et
1535 3401 1577 3464 ad
1610 3401 1719 3464 ecole-

924 3503 1024 3574 siam,
1054 3500 1095 3562 ad
1129 3516 1228 3576 qnam
1259 3499 1440 3576 pertinent,
1468 3499 1647 3562 revocandi
1675 3499 1719 3560 li-

923 3597 1003 3660 bera
1025 3597 1069 3660 sit
1084 3597 1178 3682 vobis
1200 3596 1240 3658 de
1261 3600 1376 3658 nostra
1396 3596 1591 3658 auctoritate
1611 3596 1719 3657 iaonl-
1790 3631 1792 3640 ,

923 3699 986 3758 tas.
1005 3695 1191 3757 Libertates
1206 3709 1335 3772 quoque
1349 3694 1382 3754 et
1403 3692 1638 3766 immunitates,
1655 3709 1718 3754 nec

924 3809 990 3856 non
1015 3795 1049 3854 et
1080 3792 1308 3870 exemptiones
1333 3791 1544 3852 saecularium
1574 3790 1718 3854 exactio·

925 3915 1004 3960 num
1028 3898 1070 3960 ab
1098 3897 1267 3976 aliquibus
1295 3895 1447 3958 fidelibus
1472 3896 1717 3959 rationabiliter
1800 3967 1801 3970 Ἴ

923 3996 1018 4058 vobis
1041 3995 1198 4068 indultas,
1211 3995 1409 4057 anctoritate
1428 3995 1617 4074 Apostolica
1636 4009 1719 4056 con-

924 4093 1095 4158 firmamus
1121 4096 1154 4155 el
1177 4093 1353 4170 praesentis
1386 4092 1503 4170 scripti
1540 4091 1716 4171 privilegio

925 4190 1179 4254 communimus.
1209 4189 1426 4252 Decernimus
1455 4191 1600 4266 argent
1632 4189 1717 4270 nulli

925 4289 1059 4350 omnino
1088 4287 1259 4349 bominum
1285 4288 1386 4351 liceat
1411 4287 1583 4364 praelatam
1608 4286 1717 4348 eecle-

926 4387 1010 4448 siam
1020 4387 1144 4448 temere
1166 4385 1372 4464 perturbare,
1387 4383 1462 4458 etc,
1477 4400 1584 4460 usque
1599 4381 1716 4462 prolu-

925 4485 1013 4556 tura,
1033 4483 1127 4546 salva
1148 4482 1451 4560 SedisApostolicae
1471 4482 1670 4544 auctoritate
1685 4482 1718 4544 ei

927 4584 1092 4644 Senonen.
1119 4579 1362 4660 archiepiscopi
1390 4579 1551 4640 canonica
1575 4578 1717 4656 justitia.

928 4679 962 4740 Si
976 4695 1041 4758 qna
1056 4679 1158 4754 igitur
1170 4678 1206 4740 in
1217 4677 1375 4748 futurum,
1385 4679 1447 4740 eto.
1464 4677 1598 4738 Cunctis
1608 4677 1719 4742 autam
1802 4706 1805 4714 ·

927 4776 1034 4838 eidem
1060 4776 1145 4847 loco,
1169 4775 1249 4848 etc,
1277 4789 1384 4849 usque
1410 4774 1569 4836 inveniat.
1600 4778 1719 4836 Amen.

927 4876 1045 4937 Datum
1061 4870 1229 4944 Laterani,
1244 4887 1304 4948 per
1324 4885 1458 4932 mannm
1474 4871 1634 4934 anilonis
1656 4872 1720 4933 doe

928 4972 1010 5032 mini
1049 4985 1145 5048 papae
1184 4969 1362 5046 capellani,
1393 4971 1468 5031 Vlll
1492 4969 1567 5031 idns
1596 4971 1719 5044 martii,

929 5068 997 5130 ind.
1009 5069 1065 5140 Xl,
1078 5066 1323 5129 incarnationis
1339 5067 1519 5128 Dominioae
1532 5082 1620 5128 anno
1631 5069 1719 5139 1223,

930 5165 1141 5244 pontificatus
1162 5180 1240 5226 vero
1256 5163 1382 5225 domini
1402 5164 1542 5225 Honorii
1562 5167 1661 5241 Papae
1677 5165 1723 5224 Ill

94 5269 285 5342 protectione
305 5269 515 5344 suscipimus,
525 5268 558 5329 et
572 5266 746 5344 praesentis
760 5265 875 5342 scripti
929 5279 1018 5326 anno
1031 5263 1181 5339 septimo.
