3948 6326
50 347 104 407 sva
635 343 864 406 srrsronm.
889 345 967 406 urs.
990 341 1075 406 vm.
1275 329 1281 336 '
1622 345 1682 406 arr

52 503 214 575 rationem,
227 515 291 566 nec
301 517 358 564 eos
369 515 470 580 super
480 501 690 566 restitutione
701 505 834 566 tuorum
889 504 972 566 Data
989 505 1156 576 Laterani,
1172 505 1262 567 XVII
1275 501 1406 566 kalend.
1425 503 1553 583 aprilis,
1570 503 1682 582 ponti-

49 601 223 664 reddituum
254 599 478 676 scandalizem
508 599 565 662 sed
594 601 666 662 baec
695 601 833 672 atalia,
890 601 1125 664 dcatusnostri
1140 617 1227 666 anno
1242 603 1370 666 octavo.

52 699 836 776 quaepossuntscandalumgenerare,prudenter

51 798 81 857 in
104 799 230 872 tempus
258 795 394 857 differas
436 797 695 873 opportunum:
725 796 834 858 sciens
1204 823 1364 911 CLXIII

50 893 125 970 quod
147 893 276 970 praelati
291 894 399 954 nuntii
413 891 473 966 tu'i,
491 911 573 971 quos
587 893 649 956 tibi
669 893 710 955 de
730 893 834 955 multa
1050 933 1052 940 ν
1398 941 1416 968 .

48 991 196 1052 unalitate
221 1007 261 1052 aa
287 991 511 1053 sollicitudine
540 991 709 1053 reddimus
738 1007 833 1052 com·
968 977 1019 1036 Ad
1034 978 1236 1036 aromaca
1254 977 1447 1048 rroviurtoe
1462 979 1600 1038 incolas·
1694 1066 1696 1081 Ι

48 1089 220 1159 mandatos,
251 1089 346 1149 nobis
366 1090 542 1166 petitiones
559 1092 647 1161 tuas,
665 1105 835 1166 superar—
1171 1106 1205 1164 18
1213 1106 1308 1162 marm
1319 1105 1398 1164 1224,

49 1185 149 1247 ¹¹⁰¹¹¹¹⁸
169 1187 362 1296 mum?
383 1187 417 1248 ⁰t
440 1186 527 1258 ⁸¹11&
552 1186 834 1296 1³⁰ff⁰³⁰f¹¹¹¹t19t
889 1228 1070 1294 [bappenberg
1085 1229 1221 1294 uamnurg.
1241 1229 1457 1290 Urknndanbnan,
1470 1230 1489 1288 1,
1505 1227 1560 1288 111,
1571 1243 1597 1280 n.
1613 1227 1681 1294 cra]

49 1283 83 1343 ad
95 1284 326 1359 promotiorem
340 1283 475 1344 rllarum
496 1284 733 1345 laboraverunt
745 1283 834 1344 solli·

49 1381 105 1441 cite
116 1395 153 1441 30
168 1379 342 1442 instanter·
358 1383 407 1441 Ex
419 1380 540 1458 quibus
556 1380 715 1458 quasdam
726 1379 834 1442 admi,
887 1355 923 1412 Ut
933 1353 969 1411 ad
983 1354 1193 1426 reparationem
1203 1354 1332 1412 ecclesie
1343 1356 1506 1412 bremensis
1515 1369 1574 1428 prae
1583 1361 1679 1412 vetus·

51 1479 155 1548 simus,
167 1477 428 1555 quasdamvem,
441 1479 481 1540 de
492 1478 631 1540 fratrum
644 1480 832 1541 nostrorum
905 1449 962 1500 tate
977 1444 1088 1500 ruinam
1104 1443 1242 1502 minantis
1253 1442 1378 1501 subsidia
1391 1443 1517 1501 caritatis
1532 1451 1662 1516 erogent.

49 1575 188 1644 consilio,
198 1575 239 1636 ad
254 1576 561 1652 praesensduximus
571 1574 830 1654 suspendendas
927 1579 1289 1656 Honoriusepisoopus,
1300 1595 1416 1640 servus
1427 1579 1678 1651 servorumDai,

50 1672 833 1752 quiasiovidemusexpedire;illasetalias,quas
887 1675 1057 1739 universis
1080 1676 1202 1738 Christi
1224 1675 1376 1738 fidelibus
1391 1692 1451 1752 per
1468 1679 1681 1738 Bremensam

49 1769 132 1830 nobis
149 1771 286 1831 duxeris
299 1771 527 1847 porrigendas
541 1771 733 1834 exaudituri
748 1774 834 1834 tem·
887 1773 1094 1850 provinciam
1105 1773 1304 1848 constitutis,
1315 1775 1356 1835 ad
1372 1790 1454 1852 quos
1472 1774 1592 1836 litterae
1607 1773 1680 1835 istae

48 1883 118 1944 poro
142 1868 347 1945 opportuno,
378 1884 453 1930 cum
477 1867 520 1942 te,
542 1870 700 1948 tanquam
724 1872 833 1932 Eccla·
887 1871 1111 1948 pervenerint,
1129 1871 1269 1933 salutem
1285 1872 1318 1933 et
1332 1871 1556 1949 apostolicam
1577 1871 1682 1932 bene·

50 1965 99 2026 sia
114 1967 271 2027 Romanae
286 1965 562 2042 specialissimum
575 1966 690 2040 illium,
708 1967 835 2044 plenis·
887 1968 1076 2030 dictionem.

50 2063 122 2124 simo
147 2063 325 2140 diligamus
350 2063 482 2133 affectu,
504 2065 538 2127 et
557 2065 832 2144 tranquillitatem
929 2068 1106 2138 (inoratam,
1135 2067 1171 2126 ut
1196 2063 1244 2128 ait
1262 2065 1450 2142 Apostolus
1475 2065 1684 2126 0111161111-

50 2163 128 2221 tuam
143 2161 175 2223 et
188 2161 286 2237 regni
304 2161 364 2233 tui,
383 2163 473 2224 intus
492 2162 525 2224 et
548 2164 655 2236 extra,
670 2164 832 2226 hactenus
888 2165 999 2224 bimus
1041 2161 1123 2224 ante
1151 2163 1302 2224 tribuiter
1330 2164 1469 2236 01111111,
1506 2162 1683 2236 recepturi

51 2259 178 2320 sollicita
192 2259 497 2336 properaverimus,
513 2261 613 2322 etiam
628 2277 695 2323 non
710 2263 831 2338 rogati,
887 2261 993 2334 prout
1018 2263 1056 2321 tra
1079 2274 1223 2334 corpora
1249 2263 1430 2336 passimus,
1460 2261 1535 2322 stoa
1559 2262 1683 2320 bonum

51 2357 78 2418 et
88 2357 318 2432 procuratione
330 2357 544 2434 disponamus
556 2359 711 2434 vigilanti
724 2359 833 2422 studio
887 2359 1005 2432 suerit,
1027 2359 1249 2419 stromatum
1271 2355 1330 2436 (1),
1362 2356 1490 2434 oportet
1510 2371 1571 2418 nos
1596 2355 1684 2417 diem

51 2453 80 2512 in
91 2453 254 2528 iuturum3
270 2454 397 2531 tibique
410 2456 609 2532 apostolicae
627 2455 721 2518 Sedis
735 2457 833 2520 lavo·
889 2455 1059 2516 missionis
1082 2455 1239 2516 extremae
1264 2453 1503 2516 misericordiae
1527 2451 1684 2530 operibus

51 2565 110 2611 rem
129 2555 162 2612 et
179 2552 335 2628 gratiam,
352 2553 527 2614 consilium
550 2555 582 2615 et
604 2553 780 2628 auxillum,
794 2557 832 2616 in
888 2552 1072 2630 praevenire
1092 2567 1131 2619 ac
1150 2554 1351 2613 aeternorum
1370 2551 1494 2614 intuitu
1517 2551 1683 2612 seminare

52 2647 299 2726 quibuscumque
324 2650 488 2724 decuerit,
514 2651 685 2715 exhibere.
715 2655 834 2716 Datum
888 2652 923 2711 in
938 2650 1049 2722 terrie,
1067 2647 1152 2727 quod
1169 2647 1328 2710 reddente
1341 2649 1481 2710 Domino
1496 2663 1571 2710 cum
1591 2647 1683 2710 mul-

51 2747 204 2821 baterani,
221 2749 253 2808 11
267 2746 342 2810 idus
356 2749 479 2821 martii,
494 2748 705 2826 pontificatus
728 2752 834 2815 nostri
888 2747 1037 2825 tiplicato
1053 2746 1218 2809 fructuum
1236 2746 1346 2808 fructu
1354 2747 1551 2822 recolligere
1566 2743 1684 2806 debea-

53 2857 128 2907 anno
139 2848 268 2909 octavo.
888 2860 961 2906 mus
989 2845 1026 2904 in
1054 2843 1158 2917 coelis,
1187 2843 1317 2905 firmam
1345 2859 1437 2920 spem
1462 2839 1683 2920 fiduciamque

888 2943 1050 3014 tenentes,
1068 2942 1224 3020 quoniam
1235 2941 1292 3018 qui
1307 2956 1406 3017 parce
1422 2941 1573 3012 seminat,
1584 2953 1684 3017 parce

889 3040 923 3102 et
936 3039 1046 3112 metet,
1061 3040 1094 3101 et
1111 3039 1166 3116 qui
1184 3038 1327 3100 seminat
1340 3039 1375 3098 in
1395 3035 1684 3098 benedictionibus

370 3141 506 3229 CLXII
889 3137 922 3200 et
936 3135 1036 3199 metet
1050 3137 1151 3199 vitam
1168 3137 1337 3197 aeternam.
1360 3138 1465 3208 Quum
1480 3133 1584 3212 igitur
1598 3135 1683 3196 Bre-

889 3235 1014 3297 mensis
1023 3233 1165 3295 ecclesia
1174 3234 1369 3310 paupertate
1381 3232 1519 3308 gravata
1530 3234 1687 3309 etpressa

53 3311 300 3372 AdCOnt'stdum
315 3313 511 3384 &limorum
528 3313 833 3374 Hildetemssliiem·
890 3347 992 3394 onere
1005 3330 1191 3393 debitorum
1204 3328 1349 3391 minetur
1362 3345 1429 3406 prae
1444 3327 1685 3391 vetustaterui-

321 3449 354 3506 lt
366 3449 459 3506 martii
476 3447 554 3507 1224,
890 3445 978 3502 nam,
994 3430 1026 3491 et
1040 3427 1082 3490 ad
1100 3427 1347 3505 reparationem
1369 3429 1441 3503 ejus
1456 3426 1599 3504 propriae
1619 3441 1686 3488 non

891 3525 1060 3588 sufficiant
1076 3524 1263 3597 facultates,
1276 3524 1530 3586 ¹universitatem
1541 3525 1687 3586 vestram

890 3640 1060 3701 rogamus,
1087 3637 1260 3685 monemus
1296 3624 1329 3684 et
1357 3622 1531 3683 hortamur
1563 3621 1688 3682 attente

55 3698 82 3754 u·
99 3699 211 3758 mandat
234 3705 265 3756 ut
284 3697 481 3771 provideatne
496 3698 648 3758 decatero
670 3700 699 3757 in
721 3699 836 3759 dioecesi
891 3723 1065 3799 quatenus,
1080 3736 1180 3798 quum
1196 3735 1311 3781 eorum
1335 3719 1472 3780 nuntius
1495 3717 1536 3780 ad
1555 3733 1614 3778 ,ωε
1630 3733 1688 3779 ac,

83 3801 129 3844 sua
147 3787 243 3846 cleriei
268 3787 303 3844 ab
327 3787 390 3844 allis
412 3787 523 3844 clericis
542 3787 588 3845 vel
609 3787 690 3845 laicis
715 3789 837 3860 primam
893 3819 1041 3890 cesserit,
1057 3816 1194 3895 propter
1207 3815 1270 3877 hoc
1283 3815 1447 3877 beneficia
1460 3813 1634 3891 petiturus,
1648 3812 1689 3876 de

83 3889 210 3933 coronam
227 3873 379 3932 indiscrete
393 3875 544 3948 recipiant.

154 3573 323 3640 [Sudandori‚
337 3573 490 3637 nagistrum,
508 3573 551 3632 lll,
567 3573 607 3633 dt,
622 3587 649 3626 n.
666 3575 719 3640 aa]

892 3915 989 3976 bonis
1002 3930 1021 3975 a
1036 3916 1104 3976 Deo
1114 3913 1211 3976 vobis
1225 3912 1367 3985 collatis,
1378 3911 1450 3989 pias
1459 3911 1689 3990 eleemosynas

88 4011 442 4087 Honoriusepisccpus,
453 4025 569 4072 servus
581 4025 755 4072 servorum
766 4011 836 4084 Dei,
893 4013 926 4074 et
940 4011 1049 4088 gratia
1066 4011 1098 4073 ei
1117 4009 1265 4072 caritatis
1293 4009 1442 4070 subsidia
1467 4009 1622 4086 erogetis,
1652 4008 1689 4070 ut

57 4108 228 4169 venerabili
241 4105 338 4169 fratri
351 4107 506 4184 episcopo
519 4107 774 4180 Hildesemensi,
789 4123 840 4170 sa·
893 4125 954 4186 per
966 4107 1219 4170 subventionem
1233 4106 1380 4170 vestram
1404 4123 1487 4183 opus
1505 4107 1572 4168 tam
1597 4107 1690 4184 pium

58 4201 145 4266 lutam
158 4205 192 4268 et
203 4205 430 4282 apostolicam
442 4204 719 4267 benedictionem.
895 4207 927 4269 et
948 4208 1098 4267 sanctum
1121 4204 1230 4266 valeat
1244 4203 1389 4266 feliciter
1411 4205 1636 4266 consummari
1657 4204 1691 4266 et

91 4301 201 4364 llirari
237 4302 388 4378 cogimur
422 4302 456 4363 et
491 4303 617 4364 moveri
644 4302 730 4379 quod
755 4303 841 4364 sicut
894 4320 953 4366 vos
969 4317 1027 4380 per
1042 4303 1114 4364 baec
1129 4303 1163 4364 et
1176 4303 1243 4363 alia
1258 4301 1356 4374 bona,
1374 4318 1446 4379 quae
1461 4301 1689 4363 Dominolns-

61 4396 143 4458 nobis
164 4399 298 4460 noviter
316 4399 367 4460 est
391 4397 550 4472 relatum,
571 4399 606 4459 in
629 4399 766 4461 dioecesi
783 4401 840 4462 tua
895 4399 1190 4478 piranteseceritis,
1203 4399 1244 4460 ad
1258 4401 1391 4460 aeternae
1403 4399 1539 4475 possitis
1553 4397 1691 4458 felicita·

61 4493 161 4557 clerici
175 4512 243 4559 non
263 4495 304 4556 ab
320 4496 475 4574 episcopo
493 4497 549 4558 sed
562 4496 604 4557 ab
619 4497 694 4559 aliis
710 4497 841 4559 clericis
895 4499 939 4560 tis
954 4496 1076 4574 gaudia
1090 4497 1276 4574 parvenire.
1290 4497 1359 4557 Nos
1372 4496 1461 4556 enim
1473 4494 1514 4554 de
1538 4494 1692 4570 omnipo-

62 4606 110 4652 sen
122 4593 215 4656 laicis
228 4595 370 4672 primam
386 4609 541 4658 coronam
554 4595 722 4672 recipiunt
735 4595 843 4657 indis-
896 4595 997 4657 tentis
1012 4595 1070 4656 Dei
1087 4593 1318 4654 misericordia
1333 4592 1367 4653 et
1375 4591 1547 4653 beatorum
1558 4591 1648 4653 Petri
1659 4593 1693 4652 et

63 4691 151 4764 crete,
172 4691 260 4770 quod
282 4693 333 4754 est
358 4704 494 4769 prorsus
517 4693 634 4754 contm
664 4694 842 4757 canonicas
899 4690 1340 4768 Pauli,apostolorumejus,
1355 4687 1690 4759 auctoritatecontlsi,

63 4789 248 4852 sanctiones.
274 4791 379 4863 Quum
406 4789 508 4866 igitur
533 4791 597 4852 boc
622 4806 683 4852 nec
708 4789 749 4851 ab
774 4791 843 4853 illis
897 4787 1050 4851 omnibus
1065 4788 1122 4865 qui
1135 4787 1175 4848 ad
1187 4785 1338 4864 praedicti
1352 4786 1463 4862 operis
1478 4801 1692 4847 consumma·

64 4889 205 4957 praesumi
227 4902 289 4948 neo
308 4887 375 4948 ate
391 4885 508 4949 debeat
529 4887 700 4962 sustineri,
717 4888 842 4950 irater·
897 4887 1023 4948 tionem
1033 4900 1168 4946 manum
1183 4883 1396 4962 porrexerint
1411 4882 1556 4959 pietatis,
1572 4883 1694 4959 viginti

64 4981 146 5045 nitati
155 4985 219 5046 tuae
230 4983 486 5062 perApostolica
497 4984 621 5062 scripta
631 4985 840 5059 mandamus,
898 4983 969 5044 dies
990 4982 1031 5044 de
1045 4983 1195 5059 inJuncta
1209 4979 1272 5042 sibi
1289 4981 1483 5058 poenitentia
1499 4980 1693 5041 misericor-

65 5081 222 5154 quatanus,
239 5095 281 5144 ne
302 5081 336 5143 id
358 5081 533 5144 decaetero
556 5082 624 5156 fiat,
639 5083 843 5158 generaliter
899 5080 985 5144 diter
1003 5079 1205 5141 relaxamus.
1222 5080 1342 5140 Datum
1367 5077 1535 5151 Laterani,
1551 5079 1611 5138 XV
1631 5077 1695 5137 ka-

65 5172 645 5255 interdioenssupertaliterordinatis
654 5179 843 5258 provideas,
884 5177 1015 5241 ‘landas
1030 5179 1159 5257 aprilis,
1182 5177 1394 5255 pontificatus
1409 5175 1514 5238 nostri
1529 5190 1616 5237 anno
1631 5190 1693 5236 oo-

66 5274 151 5345 prout
171 5275 351 5337 secundum
381 5278 486 5337 Deum
520 5275 646 5338 videris
673 5278 843 5355 expedire.
901 5277 990 5338 tavo.

96 5419 131 5494 (l)
149 5425 174 5481 ll
187 5424 276 5497 Epist.
291 5423 327 5483 ud
338 5423 476 5496 corinth,
488 5439 516 5482 c.
529 5440 559 5496 v,
572 5439 600 5484 r.
618 5426 662 5484 10.
