3948 6326
68 349 119 412 625

70 505 234 570 conventui
250 503 362 568 Sancti
377 501 527 568 Richarii
540 504 574 564 in
588 503 740 575 pontivo,
758 503 844 564 salu·

67 607 122 668 tem
134 607 164 666 et
174 602 395 681 apostolicam
409 601 685 662 benedictionem.

100 704 181 764 Inter
201 703 320 762 caetera
345 699 467 762 divinis
494 699 594 776 plena
616 699 795 774 mysteriis,
812 701 845 760 et

66 801 271 860 humanorum
292 800 426 858 actuum
443 795 680 872 integumentis
699 811 764 856 non
783 811 844 856 va-

65 913 128 967 cua,
144 911 214 972 quae
229 895 391 956 lobannis
405 894 439 954 in
451 893 650 970 Apocalypsi
666 908 702 953 se
719 893 843 954 vidisse

65 994 295 1065 commemorat,
321 993 433 1064 retent,
455 992 539 1067 quod
561 1005 676 1052 exere
698 990 857 1052 sedentis·

65 1091 94 1151 in
107 1091 220 1152 throno
235 1092 351 1152 acutus
372 1104 415 1150 ex
444 1091 583 1165 utraque
605 1089 700 1165 parte
712 1087 843 1164 gladius

65 1187 264 1266 procedebat3
292 1201 352 1263 per
371 1185 458 1263 quod
476 1186 540 1246 etsi
561 1185 706 1262 supremi
719 1184 843 1261 judicis

66 1285 258 1362 extremique
270 1285 390 1362 judicii
406 1283 579 1345 tremenda
589 1283 754 1344 sententia
766 1297 845 1358 pos-

66 1383 102 1444 sit
114 1380 261 1457 intelligi,
289 1397 356 1444 non
371 1381 556 1456 incongrue
566 1381 691 1452 tamen,
708 1380 844 1442 senten·

64 1480 111 1540 tiae
134 1494 261 1555 quoque
288 1479 414 1540 Summi
438 1477 608 1540 Pontificis
633 1477 739 1554 potest
754 1479 846 1554 ejus-

65 1577 129 1636 dem
159 1565 374 1638 revelationis
408 1575 493 1638 visio
520 1574 684 1651 adaptari.
712 1577 759 1636 De
786 1590 844 1636 ore

66 1689 195 1750 namque
207 1673 314 1750 ipsius
332 1673 401 1736 exit
415 1673 547 1748 gladius
559 1673 609 1734 bis
624 1673 752 1743 acutus,
767 1671 845 1748 quia

64 1771 94 1830 in
108 1770 237 1832 nodosis
253 1771 474 1848 quaestionum
494 1769 745 1832 difficultatibus
768 1785 843 1832 am-

64 1868 215 1944 putandis,
232 1868 380 1944 gladium
404 1869 527 1944 linguae
551 1883 618 1933 non
643 1867 744 1929 hahet
766 1867 846 1929 hinc

64 1965 212 2038 hebetem,
228 1965 309 2028 hinc
327 1967 472 2037 acutum,
488 1966 544 2026 sed
560 1964 733 2042 utrobique
746 1965 844 2026 sirni-

64 2063 130 2125 liter
141 2063 350 2136 incidentem,
368 2064 416 2124 sic
429 2063 553 2140 absque
563 2078 780 2141 personarum
793 2078 845 2126 ac-

64 2163 201 2237 ceptione
229 2161 349 2223 libram
374 2161 548 2236 dirigendo
567 2161 699 2235 judicii,
717 2163 752 2224 ut
776 2163 846 2224 sta-

13 2266 15 2272 ’
63 2258 124 2318 tera
144 2261 175 2320 et
195 2259 319 2325 statera
341 2257 469 2335 pondus
491 2260 525 2321 et
543 2259 682 2334 pondus,
706 2271 845 2334 quorum

64 2357 224 2433 utrumque
258 2357 310 2418 est
345 2356 568 2418 abominabile
602 2355 689 2432 apud
727 2359 843 2427 Deum,

67 2469 155 2528 penes
166 2470 240 2514 enm
257 2455 403 2531 nequeat
422 2454 578 2514 inveniri.
596 2455 635 2514 Et
647 2453 779 2530 quidem
803 2469 847 2514 ex

64 2565 114 2610 ore
133 2551 237 2612 lelicis
251 2553 420 2613 memoriae
437 2552 621 2613 innocentii
638 2567 745 2628 papae,
758 2567 847 2629 prae·

64 2647 234 2710 decessoris
258 2649 364 2710 nostri
387 2649 518 2724 gladius
532 2649 587 2712 hic
605 2649 710 2712 exivit
720 2665 798 2737 'cum
811 2649 846 2710 in

64 2746 227 2818 sententia,
253 2762 352 2823 quam
377 2746 454 2808 tulit
477 2747 564 2807 inter
587 2761 663 2818 vos,
692 2748 726 2808 et
750 2745 846 2808 honae

63 2843 217 2905 memoriae
226 2843 423 2904 Ambianen.
433 2844 626 2920 episcopum
637 2845 747 2906 neutri
760 2844 847 2919 parti

63 2955 200 3014 pareone,
215 2941 274 3004 sed
285 2940 438 3003 incidens
453 2941 631 3011 hincinde,
648 2942 746 3018 prout
757 2941 844 3002 ratio

63 3038 213 3112 exigebat,
251 3039 424 3116 utramque
457 3038 639 3100 secundum
667 3038 746 3114 quid
777 3040 846 3102 tam

63 3136 157 3208 acuto,
192 3153 292 3213 quam
320 3138 410 3214 justo
442 3135 570 3212 judicio
601 3137 844 3199 condemnavit.

63 3232 156 3302 Quum
165 3235 256 3296 enim
268 3251 403 3296 causam
415 3235 538 3295 motam
548 3235 635 3296 inter
647 3251 706 3296 vos
714 3237 747 3296 et
758 3250 850 3311 prae-

63 3327 153 3390 latum
176 3333 371 3409 episcopum
387 3347 488 3408 super
506 3331 729 3408 subjectione,
748 3347 847 3409 qnam

63 3425 208 3491 investro
225 3429 432 3491 monasterio
454 3429 620 3506 exigebat,
645 3429 733 3492 idem
756 3446 845 3506 prae-

62 3522 203 3588 decessor
226 3527 353 3599 noster,
378 3529 454 3604 post
480 3527 730 3589 commissiones
761 3528 846 3590 alias

62 3615 144 3682 bonae
159 3622 366 3682 memoriae...
388 3622 792 3700 suessionensiepiscopo
814 3625 848 3686 et

63 3719 125 3792 ejus
144 3717 373 3795 conjudicibus
389 3719 620 3791 commisisset,
642 3719 765 3796 stipsi,
786 3735 845 3780 re-

63 3815 155 3890 ceptis
180 3817 327 3892 partium
349 3816 500 3888 testibus,
526 3819 559 3878 et
581 3831 696 3878 eorum
711 3816 847 3894 deposi-

62 3909 194 3974 tionibus
207 3914 249 3975 de
260 3929 424 3975 consensu
434 3916 549 3975 mutuo
564 3913 752 3990 publicatis
770 3915 845 3990 pri-

63 4009 181 4086 vilegiis
192 4027 324 4088 quoque
337 4012 506 4089 productis
523 4013 601 4074 binc
616 4013 694 4073 inde
707 4012 847 4089 diligen·

63 4107 422 4184 terinspectis,causam
433 4110 540 4186 ipsam
548 4110 764 4172 devoluntate
775 4127 847 4188 par·

65 4202 136 4265 tium
160 4207 200 4267 ad
225 4223 368 4268 examen
382 4208 608 4284 Apostolicum
623 4207 843 4275 remisissent,

64 4303 204 4364 alcoram
216 4304 373 4366 venerab.
382 4303 484 4366 tratre
496 4307 608 4367 nostro
617 4304 783 4385 P(elagio)
794 4305 848 4366 Al·

62 4394 189 4462 banensi
206 4402 363 4478 episcopo
376 4401 500 4462 eisdem
512 4402 665 4466 auditore
676 4419 844 4474 concesso,

63 4497 208 4568 praetatus
226 4498 459 4560 ambianensis
477 4499 652 4576 episeopus
670 4515 846 4576 possesso-

62 4592 137 4654 rium
149 4595 350 4658 intendendo
359 4596 599 4673 professionem
609 4596 651 4657 ab
668 4599 796 4659 Ursone
807 4613 846 4660 ac

62 4688 204 4766 Richero,
217 4693 364 4770 aliisque
372 4693 546 4756 abbatibus
563 4694 642 4756 dicti
651 4696 847 4758 monasterii

62 4788 266 4852 anbianensi
288 4793 443 4868 episcopo
458 4792 590 4864 iactam,
606 4793 670 4869 ipsi
689 4793 845 4862 Richero,

63 4885 90 4943 et
102 4886 173 4948 aliis
189 4889 270 4950 dicti
295 4888 359 4950 loci
376 4888 551 4950 abbatibus
565 4889 607 4950 ab
623 4891 739 4952 eodem
756 4892 847 4967 epis-

63 4995 134 5058 copo
150 4985 415 5048 benedictionem
430 4987 614 5064 impensam
637 4989 847 5064 procuratio—

63 5092 127 5140 nem
140 5083 169 5142 ei
182 5085 351 5161 tamqnam
367 5083 431 5145 loci
444 5083 633 5146 dioecesano
648 5085 843 5158 exhibitam,

62 5179 231 5242 sessionem
243 5181 279 5242 in
294 5180 420 5258 synodo
434 5197 509 5256 curn
521 5197 603 5258 capa
620 5183 728 5244 serica
744 5185 778 5244 et
791 5183 846 5244 ba-

63 5275 126 5336 culo
151 5279 322 5354 pastorali,
352 5280 637 5341 consecrationem
674 5281 843 5354 altarium,

63 5373 91 5432 et
103 5375 339 5438 ordinationem
357 5377 596 5438 monachorum
616 5378 695 5439 dicti
711 5394 845 5440 monas·

63 5467 139 5542 terii,
161 5473 424 5537 tonsurationem
442 5473 640 5536 elericorum
658 5475 786 5552 inipso
805 5492 844 5537 ac

64 5569 320 5637 pradicationem
339 5572 374 5630 in
389 5571 544 5648 paraviso
560 5572 681 5634 iactam
697 5573 843 5649 legitime

65 5661 267 5741 probavisset,
294 5685 333 5731 ac
357 5685 400 5730 ex
422 5672 516 5746 parte
531 5673 641 5732 vestra
666 5669 783 5732 suisset
801 5685 843 5731 ex

654 345 883 406 EPISTOLAE.
907 346 985 406 LIB.
1009 347 1094 406 vin.

1633 341 1694 404 626

899 504 1041 568 adverso
1052 518 1259 582 responsum,
1274 505 1361 582 quod
1376 506 1405 566 si
1419 502 1600 582 aliquando
1613 504 1694 564 hm·

898 601 1051 664 bianensi
1076 602 1231 679 episcopo
1253 603 1412 680 praedicta
1428 603 1465 664 in
1488 601 1603 664 eodem
1626 613 1695 660 mo·

899 701 1046 762 nasterio
1060 716 1119 776 per
1128 701 1292 764 incuriam
1307 700 1524 778 quorumdam
1535 697 1693 760 ahbatum

898 797 1044 862 indebite
1065 799 1297 875 usurpaverat,
1326 799 1359 859 id
1385 797 1472 860 dicto
1492 811 1612 858 nocere
1627 809 1695 856 mo-

899 895 1045 958 nasterio
1073 911 1139 957 non
1166 895 1314 968 debebat,
1336 911 1435 973 quum
1454 895 1588 956 omnino
1605 893 1694 954 esset

898 997 1088 1069 exemptum
1115 994 1148 1055 et
1168 993 1483 1056 contraexaotiones
1501 990 1694 1068 anusmodi

898 1090 1059 1152 vallatum
1082 1091 1267 1166 privilegiis
1291 1091 1324 1153 et
1338 1089 1554 1166 indulgentiis
1572 1087 1691 1150 Ponti-

899 1187 998 1248 ficum
1014 1191 1248 1250 Romanorum.
1265 1188 1355 1250 Idem
1375 1187 1600 1263 praedecessor
1619 1199 1694 1246 nos·

898 1287 959 1357 ter,
974 1285 1027 1346 bis
1039 1287 1072 1347 et
1082 1286 1157 1347 aliis
1171 1301 1244 1362 quae
1254 1284 1507 1346 fueruntcoram
1518 1285 1590 1360 ipso
1597 1281 1696 1344 audi-

898 1385 970 1446 tore
991 1383 1170 1460 proposita,
1183 1399 1242 1459 per
1257 1385 1329 1458 ejus
1350 1382 1547 1444 relationem
1562 1379 1694 1457 plenius

898 1480 1089 1552 intellectis
1108 1480 1351 1556 possessionem
1366 1478 1579 1556 probatorum
1598 1477 1695 1553 adju-

900 1579 1024 1641 dicavit
1039 1578 1193 1655 episcopo
1209 1577 1401 1649 memorato,
1416 1577 1583 1639 itatamen
1594 1574 1695 1652 quod,

901 1677 967 1738 nisi
994 1691 1098 1753 usque
1135 1675 1175 1737 ad
1212 1677 1294 1737 duos
1317 1690 1424 1738 annos
1452 1673 1603 1752 proximo
1622 1673 1693 1734 tum

899 1774 1030 1836 futuros
1053 1789 1153 1850 super
1175 1773 1329 1850 petitorio
1357 1789 1452 1836 suam
1473 1771 1692 1834 intentionem

900 1875 1064 1948 tunderet,
1077 1877 1314 1938 monasterium
1330 1877 1438 1952 ipsum
1455 1875 1589 1936 extunc
1605 1871 1696 1934 esset

900 1990 920 2036 a
934 1974 1166 2050 praedictorum
1190 1973 1402 2048 praestatione
1417 1972 1548 2050 penitus
1562 1969 1692 2032 absolu·

1718 161 1730 190 Χ

900 2072 980 2141 tum,
1004 2073 1163 2148 perpetuo
1182 2070 1314 2132 silentio
1341 2085 1441 2147 super
1462 2070 1514 2130 his
1539 2067 1695 2145 imposito
1722 2135 1727 2142 ,

900 2166 1055 2243 episcopo
1077 2166 1265 2242 saepedicto,
1290 2182 1388 2242 quum
1405 2181 1447 2226 ex
1462 2163 1647 2241 privilegiis
1661 2163 1696 2224 et

900 2263 1117 2338 indulgentiis
1146 2263 1458 2340 apostolicaesedis
1482 2260 1640 2322 exhibitis
1659 2259 1695 2320 in

896 2361 1025 2438 jndicio
1053 2361 1179 2438 liquido
1209 2361 1384 2437 appareret
1409 2359 1492 2420 illud
1516 2375 1589 2420 esse
1616 2357 1699 2418 libe·

901 2474 987 2530 rum,
1003 2458 1035 2518 et
1050 2458 1252 2534 exemptum.

941 2555 1061 2619 Abbati
1076 2571 1206 2632 quoque
1222 2555 1336 2616 Sancti
1347 2554 1496 2626 huberti,
1511 2552 1697 2616 ettohanni

902 2653 1149 2725 archidiacone,
1164 2649 1698 2716 ac...thesaurariocameracensi

902 2751 1102 2827 Apostolicis
1129 2750 1219 2812 dedit
1246 2749 1366 2812 litteris
1393 2750 1428 2810 in
1454 2748 1631 2819 mandatis,
1660 2746 1698 2808 ut

902 2848 990 2925 quod
1005 2848 1045 2908 ab
1062 2863 1102 2908 eo
1127 2847 1237 2908 luerat
1252 2846 1495 2908 sententialiter
1515 2843 1696 2905 diffinitum

902 2945 1092 3008 executioni
1105 2944 1312 3016 mandantes,
1324 2943 1475 3020 partibus
1488 2941 1690 3014 convocatis,

901 3042 1090 3118 reciperent
1102 3041 1363 3119 superpetitorio
1373 3038 1697 3118 probationesipsius

902 3140 1114 3216 episcopias
1130 3139 1339 3200 detensiones
1363 3137 1558 3200 monasterii
1577 3148 1698 3213 supra·

902 3238 992 3310 dicti,
1007 3241 1050 3310 et,
1062 3238 1091 3298 si
1105 3237 1145 3299 de
1154 3237 1299 3314 partium
1310 3236 1504 3314 procederet
1512 3235 1694 3306 voluntate,

903 3351 1038 3397 causam
1054 3335 1296 3413 ipsamjudicio
1311 3334 1364 3398 vel
1389 3333 1567 3396 concordia
1581 3332 1699 3394 termi-

902 3433 1035 3507 nerent,
1060 3433 1209 3509 alioquin
1236 3433 1384 3495 eamdem
1406 3432 1448 3492 ad
1471 3430 1697 3507 Apostolioam

903 3532 1020 3592 Sedem
1035 3530 1243 3592 remitterent
1269 3529 1473 3592 sufficienter
1485 3529 1694 3590 instructam.

902 3630 1072 3704 Quumque
1104 3627 1301 3690 auctoritate
1336 3626 1522 3689 litterarum
1548 3627 1696 3702 ipsarum

901 3728 1007 3787 morte
1035 3725 1277 3788 interveniente
1312 3725 1446 3786 interim
1479 3721 1695 3792 mandatoris,

901 3835 1093 3900 processum
1110 3823 1144 3883 in
1154 3823 1287 3898 negotio
1302 3837 1369 3884 non
1380 3821 1522 3892 iecisset,
1547 3835 1610 3882 nos
1624 3820 1695 3880 ais-

901 3921 975 3980 dem
991 3919 1161 3996 judicibus
1181 3920 1331 3980 dedimus
1352 3919 1388 3980 in
1413 3919 1588 3990 mandatis,
1605 3920 1641 3978 ut
1661 3916 1698 3978 in

901 4017 1016 4079 eodem
1034 4017 1168 4092 negotio
1183 4018 1381 4080 auctoritate
1403 4019 1517 4079 nostra
1532 4014 1697 4094 procede-

901 4115 977 4176 rent
988 4117 1087 4191 juxta
1103 4114 1294 4176 earumdem
1309 4114 1545 4176 continentiam
1563 4113 1696 4176 littera·

900 4228 993 4287 rum3
1010 4213 1165 4288 episcopo
1179 4227 1259 4274 vero
1271 4211 1480 4274 incumbente
1492 4209 1697 4288 possessioni

902 4310 1168 4387 adjudicatorum
1189 4309 1295 4372 eidem
1311 4311 1392 4372 etin
1414 4309 1560 4386 petitorii
1582 4321 1695 4378 causa,

903 4408 1137 4484 praetendendo
1160 4408 1320 4485 quasdam
1346 4407 1539 4469 occasiones
1559 4404 1697 4466 frivolas

901 4506 1081 4582 procedere
1092 4521 1158 4568 non
1174 4507 1323 4577 curante,
1338 4520 1408 4575 vos,
1425 4501 1633 4565 attendentes
1654 4517 1698 4563 ex

901 4603 964 4664 hoc
978 4619 1080 4678 grave
1094 4602 1188 4664 vobis
1204 4601 1432 4680 praejudicium
1446 4600 1612 4677 generari,
1638 4615 1698 4676 pe-

900 4701 1001 4772 tistis,
1025 4703 1061 4762 ut
1090 4717 1191 4777 quum
1211 4715 1278 4760 non
1298 4699 1404 4760 solum
1429 4698 1612 4770 biennium,
1636 4713 1698 4759 ve-

902 4814 975 4859 rum
1003 4798 1104 4859 etiam
1127 4797 1196 4858 iere
1229 4797 1485 4873 quadriennium
1512 4799 1584 4874 jam
1617 4797 1693 4857 tunc

901 4894 1089 4954 effluxisset
1101 4909 1120 4954 a
1133 4893 1463 4968 temporesententiae
1482 4893 1693 4970 supradictae,
1766 4925 1772 4946 .

898 4993 996 5068 Juxta
1011 4991 1160 5066 ejusdem
1179 4991 1330 5052 tenorem
1356 4991 1595 5053 monasterium
1615 5005 1694 5051 ves-

901 5089 989 5150 trum
1004 5088 1303 5164 pronuntiaremus
1329 5088 1471 5150 liberum
1495 5089 1530 5152 et
1554 5103 1696 5164 exemp-

899 5186 1085 5248 tum.Licet
1100 5186 1384 5262 autemderigore
1392 5187 1479 5264 jnris
1490 5185 1696 5262 potuerimus
1791 5225 1796 5237 .

900 5283 1049 5344 severius
1062 5284 1241 5362 procedere
1266 5287 1381 5345 contra
1398 5283 1548 5346 eumdem
1566 5283 1697 5359 episco-

899 5397 988 5456 purn,
1017 5381 1070 5440 oui
1099 5397 1141 5440 ex
1167 5381 1264 5458 culpa
1288 5397 1349 5440 sua
1373 5385 1500 5456 tempus
1521 5379 1698 5442 videbatur

900 5477 1064 5538 inutiliter
1104 5476 1286 5549 effluxisse,
1324 5479 1467 5554 spatium
1497 5480 1609 5540 tamen
1637 5493 1697 5539 sex

899 5573 1100 5636 mensiumei
1110 5575 1150 5635 ad
1160 5575 1590 5650 probandamintentionem
1601 5589 1696 5634 suam

899 5687 998 5748 super
1014 5671 1170 5748 petitorio
1185 5671 1341 5733 duximus
1356 5671 1605 5748 indulgendum,
1618 5685 1698 5733 nos-
