4002 6326
93 571 265 648 intringere,
280 569 333 632 vel
348 569 379 632 el
390 585 474 632 ausu
489 569 667 634 temerario
682 570 859 632 contraire.

92 670 121 732 Si
131 669 197 746 quis
210 670 319 730 antam
340 667 403 730 hoc
418 667 583 732 attentare
600 667 860 746 presumpserit,

91 763 332 840 indignationem
353 763 589 840 omnipotentis
608 763 668 824 Dei
688 763 721 825 at
741 761 860 824 beato-

90 877 153 924 rum
163 861 247 923 Petri
259 861 292 923 et
306 860 403 923 Pauli
415 860 648 938 Apostolorum
663 862 735 937 ejus
753 874 789 920 sa
800 875 862 920 no-

90 959 163 1020 verit
181 958 399 1020 incursurum.
423 959 543 1021 Datum
567 957 734 1030 Laterani,
747 959 778 1018 X
799 957 862 1018 lna-

89 1056 189 1118 lendas
198 1055 296 1132 junii,
313 1055 525 1134 pontificatus
545 1054 654 1118 nostri
673 1070 760 1118 anno
780 1069 859 1134 sep-

89 1155 166 1215 timo.

120 1475 162 1534 lo
176 1474 310 1536 odontes
328 1476 369 1536 de
384 1476 520 1536 cordon
538 1472 573 1535 et
591 1475 683 1535 ‘Bello
698 1473 817 1534 Podto.

355 1604 389 1662 23
410 1603 479 1662 maii
499 1603 577 1662 liis.

222 1726 375 1794 [Maurique
386 1726 455 1778 dnn.
468 1726 581 1788 Cistena..
592 1726 635 1784 IV,
645 1725 714 1791 sss]

85 1851 202 1926 lodulget
214 1860 244 1910 ut
258 1852 323 1911 aliis
337 1853 472 1926 agricolis
483 1849 655 1910 excolendas
670 1849 783 1908 tradant
800 1856 857 1907 ter·

112 1955 155 2000 ras
172 1943 231 1998 sine
246 1957 335 1999 onere
357 1940 533 1999 decimarum
551 1954 623 2013 quas
642 1947 757 2012 propter
773 1939 857 1997 steri-

111 2030 210 2090 litatem
224 2031 266 2089 sic
281 2029 438 2103 possident.

115 2156 274 2218 nonorms
312 2157 500 2234 episcopus,
531 2169 649 2218 servus
687 2169 859 2216 serrorum

84 2254 143 2326 liei,
157 2255 287 2317 dilectis
302 2255 381 2316 tiliis
396 2255 437 2316 de
455 2254 585 2316 cardon
597 2255 631 2315 et
647 2252 740 2314 Bello
756 2253 859 2314 Podio

84 2351 252 2422 abhatibus,
272 2353 306 2415 et
333 2352 439 2430 priori
467 2351 508 2414 da
535 2351 646 2424 Galer,
666 2349 859 2426 Urgelansis

83 2450 230 2527 diocesis,
241 2451 384 2515 salutem
406 2449 675 2528 etnpostoucam
694 2447 859 2511 henedic-

83 2548 201 2612 tionem.

114 2647 251 2712 Dilectus
276 2649 368 2710 illius
392 2646 507 2722 abhas,
532 2647 566 2710 et
590 2644 774 2709 convontus
799 2645 861 2706 Po·

82 2745 172 2821 puleii
183 2746 415 2810 (listerciensis
428 2745 568 2818 ordinis,
580 2744 676 2806 nobis
687 2741 860 2804 humiliter

84 2845 309 2922 supplicarunt,
320 2845 357 2908 ut
369 2845 528 2922 quasdam
540 2840 686 2923 [terrast
703 2856 786 2918 quas
801 2855 860 2918 per

83 2943 289 3021 qnadraginta
316 2959 422 3005 annos
446 2941 572 3018 absque
595 2941 810 3010 decimarum,
827 2940 860 3000 et

83 3035 859 3119 primitiarumonerepossederunt,darevioinis

83 3141 227 3214 agricolis
234 3138 449 3211 excolendas,
459 3139 532 3200 sine
547 3151 649 3199 onere
664 3134 856 3206 memorato,

83 3253 115 3298 aa
125 3240 281 3316 quasdam
296 3237 399 3300 simili
411 3236 509 3298 modo
520 3238 591 3313 jam
612 3233 707 3296 datas
721 3232 789 3294 illis
807 3231 860 3293 di-

82 3337 206 3410 mittere,
223 3337 283 3416 qui
295 3336 428 3398 easdam
449 3333 561 3396 taliter
583 3331 791 3409 receperunt,
804 3330 858 3392 vel

81 3432 149 3496 dare
160 3437 246 3510 aliis,
259 3435 291 3496 si
303 3435 410 3511 magis
425 3431 527 3494 luerit
540 3431 771 3509 opportunum,
784 3443 857 3490 cum

80 3548 128 3594 aas
144 3538 275 3612 propter
290 3531 500 3596 sterilitatem
513 3545 639 3603 aarum,
650 3530 683 3591 et
697 3526 858 3590 malitiam

81 3631 352 3698 circumstantium
365 3631 519 3694 excolere
538 3629 705 3705 nequeant
731 3625 859 3687 utiliter

81 3746 130 3806 per
148 3734 299 3810 seipsos,
317 3731 396 3808 quin
411 3730 478 3791 imo
493 3726 687 3804 specialiter
699 3739 739 3785 ea
757 3737 859 3784 causa

81 3827 185 3892 debitis
208 3831 279 3892 sint
300 3827 458 3906 gravibus
472 3825 614 3894 onerati,
635 3823 760 3885 eisdem
779 3836 859 3881 nos-

81 3927 124 3988 tra
143 3928 361 4006 permissione
390 3924 516 3986 liceret.
544 3921 706 3995 Quocirca
727 3920 857 3981 discre-

80 4024 151 4087 tioni
165 4030 286 4090 vestrae
307 4039 366 4103 par
386 4021 610 4101 Apostolicam
628 4019 746 4080 sedem
763 4033 859 4078 man-

82 4121 192 4199 damns,
206 4127 372 4204 quatenus
390 4120 550 4198 inquisita
563 4133 664 4194 super
675 4115 858 4195 praemissis

81 4223 206 4286 ueritate
234 4219 442 4298 diligentius,
470 4218 500 4280 si
532 4215 626 4280 rolris
659 4212 856 4285 constiterit,

81 4333 141 4380 rem
162 4298 274 4383 taliter
299 4335 336 4381 se
363 4317 499 4388 habere,
523 4313 721 4377 auctoritate
744 4311 858 4374 nostra

81 4416 218 4482 tribuatis
231 4419 281 4482 eis
295 4415 465 4480 licentiam
479 4413 690 4492 postulatam,
705 4427 767 4472 nec
783 4425 858 4489 oon·

82 4513 124 4576 tra
137 4533 205 4579 eam
229 4515 444 4598 permittatis,
466 4511 597 4573 eosdem
614 4526 634 4571 a
651 4523 858 4586 quocumque

82 4609 189 4677 temere
213 4613 398 4678 molestari.
426 4611 519 4672 Datis
544 4607 718 4681 Laterani,
741 4609 771 4668 X
788 4604 855 4668 kal.

80 4709 165 4786 junii,
179 4729 267 4778 anno
281 4713 378 4774 sexto
395 4705 574 4790 [septimos

396 4939 533 5028 CXLII

84 5097 126 5156 ld
144 5099 328 5160 ltcnwnem
348 5094 544 5169 episcopum
560 5089 857 5166 sarzopanaeneem.

360 5215 395 5274 29
408 5214 477 5272 maii
493 5212 571 5270 lasa.

254 5330 372 5398 [Ughelli
385 5327 461 5380 ltalia
472 5341 550 5387 sacra,
561 5327 592 5384 ll,
605 5325 673 5391 868]

84 5451 225 5509 Ecclesiam
244 5446 490 5521 senogalliensem
506 5441 560 5500 sub
576 5441 652 5500 beati
671 5439 747 5498 Petri
766 5447 794 5498 et
808 5455 859 5498 sua

111 5542 278 5613 protectione
289 5535 407 5609 suscipit
417 5530 648 5604 omnesqueejm
664 5530 860 5603 possessiones

113 5643 144 5686 aa
155 5629 238 5700 bona,
248 5627 313 5701 iura
328 5639 363 5684 ac
376 5621 525 5696 privilegia
540 5619 700 5678 confirmat.

118 5745 277 5809 Honorius
287 5742 472 5822 episcopus,
482 5753 599 5802 servus
607 5751 778 5802 servorum
787 5735 858 5808 Dei,

93 413 140 475 tol
580 469 586 482 ,
681 407 910 472 EPISTOLAE.
933 411 1011 473 LIB.
1033 408 1113 473 vll:
1641 355 1704 470 3.)θέ

916 568 1099 631 venerabili
1116 568 1212 632 fratri
1227 569 1366 633 Remonl
1382 568 1537 648 eplsoopo
1553 569 1711 646 senogal-

916 666 1026 737 liensi,
1060 668 1202 730 salutem
1235 665 1519 745 adapostolicam
1553 664 1711 728 benedic-

914 764 1051 827 tionem.

955 863 993 923 ln
1004 862 1163 924 eminenti
1172 862 1371 939 apostolice
1383 861 1477 924 Sedis
1486 861 1620 939 specula
1631 860 1710 924 licet

916 958 1085 1032 immeriti,
1116 959 1311 1037 disponente
1345 960 1495 1032 Domino,
1524 959 1707 1039 constituti,

915 1054 1036 1118 iratres
1055 1057 1186 1120 nostros
1206 1057 1389 1134 episcopos,
1411 1057 1478 1119 tam
1493 1056 1706 1134 propinquos,

915 1169 1012 1230 quam
1032 1153 1130 1231 longe
1150 1153 1455 1232 positos,·iraterna
1475 1153 1631 1215 debemus
1645 1169 1706 1214 ca-

915 1250 1014 1313 ritate
1027 1251 1177 1328 diligere,
1199 1254 1232 1314 et
1250 1251 1401 1314 ecclesiis
1416 1251 1480 1313 sibl
1495 1268 1514 1312 a
1529 1253 1597 1312 Deo
1616 1267 1709 1312 conn-

916 1347 1025 1409 missis
1055 1349 1216 1426 pastorali
1244 1349 1468 1411 sollicitudine
1500 1348 1706 1426 providere:

915 1445 1088 1518 Quocirca,
1101 1446 1303 1508 venerabilis
1314 1447 1349 1508 in
1359 1447 1490 1508 Christo
1502 1447 1605 1508 frater
1619 1446 1709 1522 epis-

914 1557 1006 1619 cope,
1022 1542 1090 1604 tuis
1107 1545 1209 1622 justis
1229 1543 1508 1622 postulationihus
1528 1542 1709 1608 clementer

915 1641 1108 1714 annuimus,
1138 1643 1172 1704 et
1202 1641 1377 1704 ecclesiam
1409 1641 1706 1717 senogalliensem,

914 1737 980 1810 cui,
1000 1740 1138 1800 auctore
1154 1741 1232 1811 Deo,
1250 1754 1393 1816 praeesse
1412 1738 1629 1814 dignosceris,
1646 1738 1708 1800 snb

913 1834 1003 1897 beati
1029 1836 1131 1908 Petri,
1159 1837 1193 1898 et
1224 1837 1339 1898 nostra
1367 1836 1572 1913 protectione
1595 1835 1706 1897 susci-

914 1932 1035 2010 pimuS,
1051 1935 1086 1994 ot
1097 1934 1272 2010 praesentis
1288 1934 1405 2011 scripti
1419 1932 1595 2010 privilegio
1613 1949 1707 1995 com-

915 2031 1096 2102 munimus,
1113 2031 1307 2103 statuentes,
1329 2032 1366 2092 ut
1386 2046 1610 2110 quascumque
1631 2046 1710 2107 pos·

914 2127 1092 2199 sessiones
1108 2143 1324 2205 quaecumque
1335 2128 1422 2189 bona
1435 2129 1551 2190 eadem
1565 2127 1709 2190 ecclesia

915 2225 949 2285 in
965 2226 1221 2302 praesautiarum
1235 2226 1338 2303 juste,
1357 2240 1398 2287 ac
1417 2226 1576 2287 canonice
1595 2225 1709 2302 possi-

914 2322 980 2394 det,
993 2323 1069 2397 etc,
1081 2338 1188 2398 usque
1202 2322 1330 2385 illibata
1346 2323 1571 2400 permaneant.
1586 2325 1622 2384 In
1634 2323 1710 2401 qui-

913 2420 974 2482 bus
989 2419 1062 2484 haec
1076 2421 1222 2499 propriis
1243 2420 1400 2482 duximus
1419 2419 1634 2496 exprimenda
1648 2437 1710 2483 vo-

914 2517 1054 2580 canulis.
1085 2520 1122 2579 In
1151 2517 1286 2580 civitate
1320 2517 1564 2595 senogalliensi
1596 2519 1708 2580 Sancti
1833 2535 1841 2546 “

913 2615 1076 2678 Jolnannis
1100 2615 1272 2693 Baptistae,
1296 2617 1332 2678 s.
1363 2616 1464 2691 Petri,
1496 2617 1529 2676 s.
1557 2617 1707 2690 Martini,

914 2715 948 2774 S.
958 2712 1104 2790 Georgii,
1113 2715 1146 2774 8.
1159 2715 1276 2775 Mariae
1286 2713 1326 2775 de
1336 2713 1467 2786 scottis,
1478 2715 1511 2774 s.
1524 2713 1706 2786 Laurentii,

915 2813 948 2871 s.
974 2810 1170 2883 salvatoris,
1195 2812 1228 2872 s.
1250 2811 1375 2882 Crucis,
1400 2812 1434 2872 s.
1458 2810 1705 2884 Bartholomael,

915 2909 948 2970 s.
965 2907 1170 2980 Paternisni,
1188 2909 1221 2969 8.
1236 2907 1392 2984 Brigidaa,
1411 2907 1445 2970 et
1463 2910 1496 2968 8.
1517 2907 1631 2969 Severi
1651 2923 1708 2970 eo-

914 3004 1035 3067 clesias
1059 3021 1141 3067 cum,
1154 3005 1307 3066 omnibus
1334 3004 1553 3083 pertinentiis.
1570 3020 1708 3066 aarum

913 3102 999 3176 dem,
1015 3104 1050 3165 et
1062 3102 1196 3165 tertiam
1211 3103 1338 3180 partem
1354 3102 1394 3164 de
1407 3103 1497 3163 omni
1511 3102 1654 3176 reddito,
1668 3118 1711 3164 ac

913 3200 1057 3273 datione,
1070 3200 1230 3262 distracto
1249 3201 1440 3278 quoquest
1458 3201 1592 3278 placito,
1613 3201 1646 3262 et
1667 3199 1715 3262 de

913 3299 1070 3371 mercato,
1091 3313 1154 3360 nec
1181 3313 1247 3359 non
1274 3297 1318 3359 de
1339 3298 1426 3375 ripa,
1447 3298 1481 3360 et
1509 3299 1617 3374 portu,
1647 3313 1708 3359 sau

912 3396 954 3458 de
979 3395 1056 3457 aliis
1080 3394 1280 3473 supradictae
1304 3395 1449 3458 civitatis
1470 3394 1705 3472 vectigalibus,

912 3492 1120 3571 seliquatico,
1131 3493 1283 3571 pedagio,
1295 3493 1529 3566 mensuratico,
1537 3494 1570 3554 et
1579 3493 1619 3554 de
1630 3493 1707 3556 aliis

912 3591 1028 3669 portis,
1040 3591 1074 3653 et
1087 3590 1264 3668 porterolis
1275 3591 1420 3652 civitatis
1433 3591 1550 3667 ipsius,
1565 3591 1712 3666 excepta

913 3690 1008 3767 porta
1031 3691 1064 3750 8.
1089 3689 1219 3765 Angeli,
1243 3690 1338 3765 cujus
1360 3689 1465 3750 nostri
1489 3687 1523 3749 in
1539 3689 1714 3762 integrum,

912 3788 990 3850 sunt
1015 3785 1207 3864 proventus.
1239 3789 1276 3848 ln
1300 3785 1435 3846 dioecesi
1460 3785 1718 3861 senogalliensi.

913 3883 1151 3946 monasterium
1180 3886 1214 3945 8.
1242 3882 1420 3944 Gaudentii
1452 3882 1706 3944 comemorans
1839 3929 1840 3932 ,

912 3985 985 4060 ejus
1003 3980 1111 4054 bonis,
1132 3981 1165 4042 et
1185 3980 1408 4058 pertinentiis,
1431 3981 1464 4042 et
1484 3983 1706 4058 curtemquae

912 4078 1050 4142 uocatur
1064 4077 1260 4139 Turturaria
1273 4093 1348 4139 oum
1361 4077 1571 4151 molendinis,
1588 4079 1621 4140 et
1635 4079 1706 4139 suis

912 4175 1134 4254 pertinentiis,
1155 4175 1385 4238 ecclesiams.
1408 4176 1477 4238 Viti
1496 4193 1571 4237 cum
1591 4175 1707 4254 hospi·

912 4276 1020 4338 talis.
1038 4275 1192 4352 Spiritus,
1210 4274 1386 4336 ecclesiam
1406 4275 1438 4336 S.
1457 4275 1616 4352 Stephani
1632 4291 1706 4336 cum

913 4374 1017 4446 curte,
1037 4373 1152 4450 pratis,
1175 4372 1351 4450 paludibus
1372 4388 1511 4449 quoque,
1533 4388 1572 4432 ao
1589 4372 1707 4432 salinis

912 4470 1065 4533 omnihus
1080 4485 1100 4532 a
1115 4470 1200 4530 mari
1215 4484 1318 4546 usque
1333 4469 1374 4528 ad
1390 4484 1502 4530 muros
1519 4467 1616 4529 dictae
1629 4469 1708 4529 civi·

912 4569 1008 4642 tatis,
1017 4568 1050 4630 et
1059 4583 1135 4629 oum
1148 4566 1300 4628 omnibus
1312 4563 1577 4643 possessionibus
1590 4565 1707 4642 positis

912 4667 947 4728 in
970 4667 1081 4728 monta
1102 4666 1135 4725 s.
1162 4663 1322 4740 Stephani
1341 4660 1507 4739 planiciis,
1524 4663 1558 4724 et
1578 4665 1705 4726 curtem

914 4761 1124 4840 senogalliae,
1150 4761 1287 4837 dejure
1309 4759 1518 4838 episcopatus
1543 4761 1707 4838 senogal-

913 4861 1022 4932 liensi,
1032 4858 1066 4921 et
1076 4858 1202 4920 curtem
1215 4873 1289 4936 quaa
1299 4857 1527 4919 vocaturlras
1540 4859 1708 4932 Basilioae,

913 4974 989 5020 cum
1012 4955 1161 5028 castallo,
1191 4955 1278 5032 quod
1302 4956 1444 5018 vocatur
1470 4956 1604 5032 Orgiolo
1632 4972 1717 5020 oum,

913 5054 1066 5118 omnibus
1080 5051 1283 5125 homiuibus,
1302 5054 1335 5114 et
1349 5068 1464 5114 eorum
1478 5053 1577 5114 bonis
1589 5054 1623 5114 et
1636 5053 1707 5114 suis

914 5151 1135 5231 pertinentiis
1161 5151 1195 5213 et
1222 5151 1367 5212 castrum
1393 5151 1533 5222 Vivarii,
1561 5151 1721 5212 castrum.

914 5248 1104 5312 Ramusoeti
1119 5248 1152 5310 et
1169 5247 1344 5310 castellare
1360 5247 1503 5308 liliorum
1522 5246 1654 5320 Leonis,
1675 5248 1713 5311 et

914 5345 1089 5408 castellare
1111 5342 1366 5419 scorzaleporis‚
1393 5343 1425 5404 et
1442 5341 1586 5418 castrum
1610 5344 1708 5406 Mon-

912 5442 990 5514 tale,
1012 5441 1046 5502 et
1063 5440 1239 5502 castellare
1261 5439 1481 5510 castellionis
1505 5440 1538 5501 et
1561 5441 1723 5504 castrum..

914 5537 1067 5610 Farnosi,
1084 5538 1229 5598 castrum
1245 5534 1374 5606 Peticli,
1392 5535 1425 5596 et
1437 5535 1612 5596 castellare
1625 5538 1709 5598 Fos-

915 5634 1053 5707 secebae,
1065 5634 1098 5695 et
1108 5632 1282 5696 castellare
1293 5631 1547 5706 Montislortius,
1565 5635 1598 5694 et
1611 5633 1708 5710 qnid·

915 5733 993 5812 qnid
1021 5731 1231 5810 episcopatus
1259 5727 1359 5793 habet
1383 5728 1418 5791 in
1452 5729 1560 5793 castro
1589 5729 1709 5795 insulsa
