4032 6326
912 369 1088 432 HONORII
1109 367 1155 430 lli
1176 367 1324 430 oanni.
1891 363 1966 426 1³6

630 535 748 629 CLIX
1040 543 1041 548 ’
1140 527 1221 590 11016
1246 527 1279 590 61
1299 525 1461 590 militibus
1476 541 1516 587 60
1531 524 1608 588 61116
1623 523 1792 599 fratribus,
1809 522 1963 600 Hospi-

1141 624 1219 686 talis
1233 639 1316 687 1610
1339 625 1374 684 10
1389 623 1591 701 pauperibus
1606 625 1639 686 et
1654 623 1796 684 infirmis
1811 623 1851 683 111·
1865 622 1961 698 ipsa

385 692 437 752 Ad
462 691 693 752 tenemium
712 690 991 754 universitatem.
1142 722 1238 784 domo
1263 725 1334 800 jam
1356 721 1478 782 aunum
1506 721 1618 783 extitit
1640 720 1810 782 institutus
1824 721 1865 783 et
1886 733 1964 797 per

573 821 590 878 3
609 821 706 894 aprilis
726 822 806 880 1111.
1143 801 1260 881 sedem
1280 817 1504 896 apostolicam
1526 819 1751 880 confirmatus.
1767 818 1865 880 Licet
1882 833 1963 878 au-

294 943 431 1009 ffiaynald,
443 943 555 994 11006161
570 943 742 1003 ecclesiastici,
756 943 788 994 ad
804 957 901 996 annum
921 945 989 1004 1111,
1005 942 1086 1009 531]
1139 919 1207 979 tom
1225 915 1345 978 fimes
1368 917 1433 993 iPSi
1456 918 1526 979 tum
1541 915 1675 993 ΡῙὊΡῘΘΓ
1695 915 1959 992 negligentiam

1141 1027 1247 1086 suam,
1273 1014 1350 1075 dum
1370 1015 1481 1075 essent
1503 1014 1600 1090 pauci
1622 1015 1654 1075 et
1675 1029 1848 1090 pauperes,
1868 1015 1959 1074 tum

1141 1112 1241 1172 etiarn
1255 1111 1390 1189 propter
1407 1111 1556 1172 scandali
1570 1111 1673 1172 vestri
1686 1113 1805 1172 metum
1816 1111 1897 1173 tam
1913 1111 1958 1170 in

331 1203 499 1265 Honorius
528 1203 716 1280 episcopus,
753 1219 870 1266 servus
911 1219 1084 1266 servornm
1141 1208 1256 1271 habitu
1280 1207 1460 1270 deferendo
1483 1223 1581 1286 quam
1599 1208 1634 1268 in
1650 1207 1842 1284 quibusdam
1858 1209 1957 1269 aliis

291 1299 362 1372 liei,
385 1301 604 1362 Januensium
630 1301 856 1370 universitati,
884 1303 1027 1364 salutem
1053 1302 1087 1365 61
1140 1305 1319 1383 aliquando
1334 1304 1854 1367 contrainstitutionemfecerint
1872 1321 1958 1366 me-

291 1397 514 1475 Apostolicam
529 1397 804 1462 benedictionem.
1140 1402 1314 1472 moratam,
1338 1415 1399 1462 nos
1419 1400 1532 1462 161060
1546 1399 1700 1460 inclinati
1715 1415 1783 1460 suae
1794 1399 1957 1474 religio-

332 1494 548 1558 Universitati
575 1496 695 1558 vestrae
724 1495 784 1556 sub
811 1496 946 1558 obtentu
967 1498 1085 1573 gratiae
1140 1497 1192 1558 nis
1216 1498 1336 1559 merito
1356 1496 1953 1574 610160110606116610110111111616

291 1591 413 1654 divinae
436 1607 477 1654 ac
502 1595 636 1664 006106,
652 1607 712 1670 per
734 1593 924 1670 Apostolica
946 1594 1082 1670 scripta,
1139 1595 1317 1656 tiliinostri
1332 1593 1950 1674 1111161101),11006001001100616-

291 1677 431 1752 firmiter
457 1689 661 1766 injungendo
689 1691 894 1764 mandamus,
919 1693 1083 1768 quatenus
1138 1692 1220 1754 toris
1236 1693 1387 1764 illustris,
1400 1707 1531 1768 semper
1544 1693 1676 1768 augusti
1691 1693 1724 1753 et
1737 1692 1823 1767 regis
1840 1693 1949 1753 Sici-

291 1785 396 1849 dictos
411 1788 500 1850 cives
510 1786 569 1868 (1),
581 1788 685 1849 donec
700 1789 874 1865 praefatum
889 1790 1083 1852 Parentium
1138 1790 1204 1862 liae,
1224 1790 1279 1867 qui
1295 1789 1330 1850 in
1351 1789 1405 1850 die
1428 1789 1654 1851 coronationis
1671 1805 1740 1850 suae
1755 1789 1786 1849 id
1800 1789 1946 1850 anobis

291 1884 482 1961 aregimine
495 1901 564 1946 suae
578 1885 722 1948 civitatis
732 1887 893 1963 ejecerint
904 1888 973 1949 et...
988 1887 1083 1964 epis·
1138 1901 1198 1964 pro
1222 1886 1359 1964 speciali
1379 1903 1516 1947 munere
1532 1885 1722 1964 postulavit,
1745 1887 1948 1950 institutio·

295 1133 298 1140 ‚
311 1067 443 1126 Prohibet
455 1083 491 1126 06
502 1067 629 1126 habeant
640 1082 704 1126 cum
714 1065 837 1128 Lucanis
851 1070 1067 1128 commercium.

189 2043 197 2066 Ι
290 1997 384 2058 copo,
411 1984 445 2044 et
467 1983 1084 2046 0101011006οο001000001111060116
1138 2001 1213 2045 nem
1228 1986 1345 2076 ipsam,
1370 1985 1410 2046 de
1431 1985 1597 2046 communi
1626 1985 1767 2046 consilio
1788 1984 1944 2046 fratrum

290 2078 400 2140 debita
414 2081 591 2152 revocatis,
609 2081 658 2142 eis
675 2079 715 2140 de
737 2080 867 2141 damnis
882 2081 915 2142 et
936 2081 1081 2156 injuriis,
1138 2088 1338 2155 nostrorum,
1368 2085 1483 2144 nostro
1516 2081 1692 2159 privilegio
1718 2070 1946 2144 confirmavi-

291 2191 333 2242 ac
344 2177 545 2252 apostolicae
559 2177 637 2238 Sedi
653 2177 693 2238 de
709 2177 899 2255 contemptu
911 2179 1084 2240 satisfeoe-
1114 2251 1115 2254 ¹
1137 2195 1222 2251 mus,
1237 2179 1370 2240 domum
1391 2180 1498 2256 ipsam
1513 2179 1591 2240 aliis
1606 2179 1800 2256 privilegiis,
1816 2179 1946 2240 indul-

290 2273 360 2335 rint
387 2275 620 2350 competenter,
658 2274 847 2336 nullatenus
886 2277 1080 2352 recepistis,
1136 2277 1257 2353 gentile
1282 2276 1316 2338 et
1337 2276 1546 2338 libertatibus
1575 2277 1771 2338 munientes.
1790 2277 1946 2354 Accepi-

292 2385 388 2432 nece
411 2371 532 2432 vestris
547 2372 747 2448 permittatis
763 2372 891 2434 civibus
905 2373 1080 2450 receptari,
1137 2389 1210 2436 mus
1238 2375 1359 2445 autem,
1388 2375 1474 2452 quod
1499 2390 1559 2435 vos
1579 2375 1753 2436 occasione
1779 2374 1940 2435 alborum

290 2468 484 2545 nullumque
496 2484 571 2530 cum
585 2469 634 2530 616
648 2471 844 2544 exerceatis,
861 2471 947 2532 vela
962 2471 1082 2534 vestris
1112 2503 1113 2506 π
1137 2471 1382 2544 mantellorum,
1399 2486 1500 2548 super
1514 2471 1633 2549 quibus
1648 2471 1834 2534 deferendis
1847 2487 1940 2549 spe-

291 2565 441 2627 exerceri
456 2565 656 2643 permittatis
672 2568 906 2629 commercium
924 2568 978 2630 vel
997 2583 1082 2630 con·
1137 2571 1256 2632 cialem
1280 2585 1300 2631 a
1324 2569 1420 2631 nohis
1442 2569 1681 2645 indulgentiam
1698 2570 1936 2646 impetrarunt,

290 2662 443 2734 tractum,
471 2677 534 2724 nec
557 2663 606 2725 eis
630 2664 716 2725 solvi
740 2664 850 2726 debita
872 2665 1080 2742 permittatis,
1137 2683 1197 2744 pro
1212 2683 1251 2728 eo
1266 2667 1353 2744 quod
1368 2667 1404 2728 in
1419 2667 1481 2728 hoc
1490 2666 1804 2744 specialiterfecisse
1813 2671 1936 2730 contra

289 2760 508 2821 nihilominus
531 2759 619 2821 bona
642 2775 768 2834 eorum,
795 2777 869 2838 quae
894 2762 935 2823 ad
958 2764 1082 2824 terram
1137 2764 1376 2828 institutionem
1403 2765 1592 2842 hujusmodi
1623 2765 1831 2838 videbantur,
1848 2767 1937 2828 moti

289 2859 434 2921 vestram
457 2858 630 2922 evenerint
650 2857 809 2921 facientes
824 2861 964 2922 interim
992 2861 1081 2923 deti-
1136 2864 1216 2926 estis
1231 2863 1474 2940 aliquantulum
1501 2864 1617 2924 contra
1632 2877 1701 2934 eos,
1720 2863 1807 2940 quod
1822 2877 1938 2940 quan-

288 2956 373 3018 neri.
400 2955 435 3017 si
464 2957 520 3034 qui
548 2971 628 3018 vero
657 2956 850 3034 hujusmodi
878 2958 1079 3031 mandatum,
1136 2963 1205 3024 tum
1218 2962 1261 3023 sit
1275 2961 1385 3022 vestra
1406 2959 1570 3036 religione
1580 2959 1766 3036 indignum,
1779 2961 1935 3037 quisquis

289 3055 443 3125 scientes,
458 3055 644 3131 aliquosde
663 3055 831 3132 praedictis
851 3056 980 3117 civibus
994 3055 1082 3118 inte-
1135 3059 1321 3136 recogitare
1343 3057 1496 3131 voluerit,
1526 3057 1624 3119 facile
1642 3060 1868 3134 recognoscet.
1895 3059 1934 3120 Si

288 3151 352 3210 rim
367 3149 511 3211 scienter
520 3150 556 3210 in
566 3151 636 3211 suis
652 3149 807 3227 hospitiis
823 3151 1078 3229 receptaverint,
1112 3149 1116 3160 ’
1136 3158 1223 3218 enim
1236 3173 1295 3218 vos
1310 3156 1352 3217 ab
1366 3155 1555 3234 hujusmodi
1567 3156 1656 3216 metu
1668 3171 1729 3216 nec
1739 3155 1934 3232 apostolica

288 3247 341 3306 vel
357 3245 534 3317 tenuerint,
551 3248 610 3308 aut
624 3249 852 3310 contraxerint
864 3263 938 3309 cum
955 3250 1080 3310 eisdem
1112 3325 1113 3330 ¹
1136 3269 1197 3314 nec
1209 3252 1392 3330 imperialis
1414 3253 1602 3315 reverentia
1614 3252 1756 3324 cohibet,
1771 3253 1934 3316 cohibere

287 3343 345 3404 aut
365 3341 475 3403 dehita
495 3341 576 3419 ipsis
591 3342 822 3419 persolverint,
837 3344 900 3406 hoc
920 3345 993 3422 ipso
1015 3347 1082 3408 sint
1136 3351 1253 3412 saltem
1277 3350 1425 3412 omnium
1451 3351 1484 3412 id
1508 3349 1713 3412 audientium
1735 3349 1934 3413 subsanatio

287 3437 640 3502 excommunicationis
654 3439 787 3502 vinculo
802 3441 964 3504 innodati.
1134 3463 1194 3508 vos
1214 3446 1357 3518 deberet,
1370 3447 1490 3525 quihus
1505 3447 1637 3508 videtur
1649 3447 1735 3510 sicut
1747 3449 1798 3511 est
1809 3464 1932 3510 revera

1135 3545 1312 3606 ridiculum
1340 3562 1399 3608 vos
1427 3545 1564 3622 indigne
1587 3545 1675 3606 ferre
1695 3547 1779 3607 alios
1800 3545 1934 3608 avobis

719 3681 721 3684 -
1135 3642 1245 3704 album
1260 3643 1394 3720 portare
1409 3643 1603 3705 mantellum
1617 3644 1801 3719 praesertim
1816 3659 1836 3705 a
1851 3659 1934 3706 ves-

518 3748 522 3756 '
635 3690 732 3778 CLX
1134 3740 1185 3803 tro
1200 3740 1316 3802 habitu
1328 3741 1376 3803 sic
1390 3741 1580 3803 distinctum
1593 3741 1764 3816 signaculo
1777 3741 1930 3818 speciali,

287 3843 338 3904 Ad
358 3841 567 3918 maptstrnm
589 3842 624 3902 et
636 3842 770 3916 fratres
785 3842 919 3906 militiae
940 3845 1077 3919 Templi.
1135 3839 1170 3900 ut
1184 3838 1294 3900 timeri
1313 3854 1380 3900 non
1403 3838 1517 3915 possit,
1536 3853 1579 3899 ne
1597 3839 1671 3916 quis
1686 3839 1785 3899 unius
1799 3839 1930 3901 ordinis

563 3972 596 4028 ¹⁷
616 3973 712 4044 ub
731 3971 810 4030 ¹²²²·
1134 3934 1276 4111 {itit
1292 3935 1930 4110 titii,,antistitii

326 4092 463 4158 [εἰκὼ
474 4091 578 4144 Τὼιῶ
589 4093 643 4144 ⁰¹³¹
658 4095 818 4156 theutonici,
829 4110 855 4161 Ρ·
865 4095 920 4156 322·
933 4110 958 4146 ¹²·
968 4097 1037 4162 ³⁶⁸¹]
1135 4131 1315 4206 rogandam
1325 4131 1480 4191 duximus
1493 4132 1526 4192 et
1536 4129 1745 4202 hortandam,
1759 4133 1928 4208 quatinus,

288 4208 852 4283 Ηο00111161101101101011600161106.οθ
866 4218 902 4271 01)
916 4214 979 4272 alba
995 4229 1077 4272 man·
1134 4228 1224 4288 Omni
1238 4243 1378 4288 rancore
1391 4227 1553 4304 deposito,
1566 4229 1595 4289 si
1606 4243 1703 4306 quem
1715 4228 1800 4290 forto
1812 4233 1929 4290 contra

321 4299 387 4358 talla
407 4313 424 4355 a
443 4297 576 4356 iratribus
600 4297 709 4358 ordinis
728 4299 895 4360 theutonici
910 4301 976 4360 terri
996 4304 1079 4362 solita
1134 4325 1238 4387 dictos
1257 4323 1377 4386 fratres
1401 4325 1578 4387 occasione
1592 4326 1783 4403 hujusmodi
1807 4342 1931 4388 conce-

322 4393 501 4446 mmeannn'
1004 4451 1008 4462 ι
1134 4421 1239 4498 pistis,
1261 4420 1436 4483 ambuletis
1451 4423 1486 4484 10
1501 4424 1650 4487 caritatis
1668 4424 1788 4500 spiritu
1799 4425 1832 4486 et
1846 4425 1928 4485 uni-

326 4513 493 4577 Honorius
502 4511 687 4602 episcopus,
697 4529 813 4576 servus
823 4531 994 4580 servorum
1006 4521 1076 4589 Dei,
1132 4519 1211 4582 tatis
1226 4519 1359 4581 vinomo
1374 4535 1448 4580 oum
1462 4520 1596 4592 eisdem,
1606 4521 1926 4598 eorumprofectum,

286 4611 554 4674 dilectiisilliis...
571 4612 729 4688 magistro
744 4613 777 4675 et
791 4613 948 4676 fratribus
961 4615 1078 4678 domus
1133 4617 1219 4678 sicut
1242 4616 1337 4679 decet
1360 4615 1451 4679 uiros
1476 4616 1662 4694 religiosos,
1682 4617 1852 4697 proprium
1870 4635 1929 4682 re-

286 4706 413 4768 militiae
427 4709 565 4784 Templi,
585 4709 738 4782 salutem,
751 4711 813 4772 etc.
1133 4715 1295 4790 putantes,
1313 4715 1360 4776 ita
1371 4714 1458 4791 qnod
1474 4715 1562 4776 idem
1577 4715 1768 4792 imperator,
1789 4731 1863 4778 cum
1878 4717 1925 4778 il-

274 4865 278 4870 ,
325 4805 453 4876 Quanto
467 4820 527 4865 vos
553 4806 710 4882 ampliori
733 4809 873 4871 caritate
896 4810 1074 4887 diligimus,
1132 4812 1196 4884 luc,
1210 4814 1277 4872 Deo
1293 4813 1403 4883 dante,
1427 4813 1626 4889 pervenerit,
1643 4811 1823 4874 fraternam
1839 4814 1927 4876 inter

285 4902 376 4963 tanto
402 4900 497 4962 nobis
523 4904 667 4979 amplius
695 4904 896 4982 displiceret,
922 4908 962 4978 si,
991 4909 1077 4986 quod
1131 4894 1190 4971 vos
1204 4909 1355 4971 inveniat
1379 4910 1550 4982 unitatem,
1574 4910 1663 4987 quia,
1681 4911 1710 4970 si
1730 4911 1928 4973 aliterface-

285 4999 382 5072 absit,
408 4998 669 5075 reprehensione
704 5017 764 5063 seu
793 5005 894 5064 etiam
920 5005 1077 5068 irrisione
1131 5007 1223 5076 retis,
1237 5023 1303 5068 non
1317 5007 1424 5068 solum
1436 5007 1661 5083 apostolicam
1674 5008 1924 5084 etimperialem

286 5097 421 5173 dignum
434 5095 560 5173 aliquid
574 5095 739 5160 faceretis.
757 5100 927 5177 Siquidem
940 5103 1078 5178 privile·
1131 5104 1347 5166 incurreretis
1360 5103 1533 5176 offensam,
1550 5120 1667 5166 verum
1686 5106 1786 5167 etiam
1811 5106 1847 5167 in
1866 5105 1926 5168 de-

284 5195 340 5271 016
351 5193 513 5256 'fratribus
529 5193 646 5254 domus
661 5196 791 5258 Sanctae
804 5199 919 5260 Mariae
931 5201 1077 5262 Thema·
1132 5202 1326 5263 tractionem
1336 5203 1481 5264 vestram
1493 5202 1924 5278 oraquorumlibetaudien·

284 5291 958 5368 0100101061)00061011068611600006666
973 5299 1077 5359 mani·
1132 5298 1212 5359 tium
1227 5299 1400 5360 laxaretis.
1416 5299 1535 5360 Datum
1551 5299 1678 5368 Vernl„
1694 5301 1753 5360 XV
1764 5299 1923 5362 kalendas

284 5391 367 5451 feste
382 5388 619 5460 demonstrant,
631 5390 716 5467 quod
737 5391 818 5453 ordo
832 5393 942 5454 vester
956 5393 991 5454 10
1006 5396 1076 5456 cle-
1131 5396 1221 5468 maii,
1236 5396 1448 5474 pontificatus
1463 5397 1568 5458 nostri
1582 5411 1669 5458 anno
1684 5399 1790 5459 sexto.

319 5543 361 5618 (1)
382 5546 559 5604 balnearis
580 5547 1073 5619 00100600101016011060016610-
1131 5559 1186 5610 tate
1201 5546 1368 5628 exegerant,
1388 5556 1435 5626 qui
1460 5554 1489 5611 in
1507 5554 1632 5613 deterius
1652 5563 1768 5612 ruentes
1782 5553 1922 5613 interdicti

284 5631 346 5699 rum
364 5615 438 5673 bona
454 5616 628 5686 invaserant,
641 5617 1073 5702 Ι00106001661061160601106110-
1129 5627 1300 5683 sententiam
1318 5626 1346 5683 in
1362 5640 1393 5684 se
1409 5625 1495 5684 latam
1507 5625 1739 5694 contemnebant,
1753 5625 1800 5682 hio
1815 5625 1919 5699 agitur.

284 5701 396 5746 066006
404 5694 588 5756 vexaverant,
601 5703 647 5760 qur
663 5703 828 5763 episcopum
841 5698 870 5748 et
881 5693 987 5750 clerum
1003 5693 1072 5750 clvi·
1234 5717 1235 5721 =
