4032 6326
68 459 139 517 ‘aad

71 615 300 694 persequatur.
313 617 389 677 Jam
402 628 519 676 revera
532 613 639 690 ipsum
650 613 710 674 Dei
723 602 865 674 latemur

70 714 242 784 athletam,
255 727 330 773 cnm
352 709 392 772 ad
410 710 644 773 vindicandum
669 709 864 786 sanguinem

72 811 192 872 christi
210 812 293 888 ejus,
311 809 367 886 qui
385 807 425 869 de
440 809 528 869 terra
544 807 666 869 clamat
687 807 863 884 adipsum,

72 907 240 984 regalibus
255 906 398 982 negotiis
409 904 641 982 praetermissis
654 905 813 966 intendat.

119 1006 231 1066 Audito
252 1003 385 1080 quidem
408 1018 451 1063 ex
466 1002 586 1064 litteris
608 1003 739 1074 restris,
766 1015 864 1078 quam

74 1101 318 1163 abhorrendum
333 1100 473 1171 lacinus,
490 1115 653 1177 quamque
672 1098 865 1161 detestabile

74 1199 196 1260 malum
209 1197 332 1258 dudum
354 1197 398 1259 sit
425 1197 460 1258 in
485 1212 587 1272 reguo
610 1211 670 1257 suo
686 1196 864 1272 patratum,

74 1299 188 1358 noster
201 1295 336 1371 expavit
351 1295 493 1365 animus,
519 1309 578 1356 cor
599 1293 808 1364 contremuit,
834 1295 867 1354 et

77 1409 176 1454 aures
188 1409 228 1454 ex
248 1393 354 1468 ipsius
378 1391 599 1452 horribilitate
625 1389 784 1452 facinoris
799 1391 867 1452 tin-

75 1491 217 1552 nierunt
235 1489 298 1552 Sed
308 1505 353 1552 ex
366 1489 556 1550 earumdem
570 1487 758 1550 litterarum
771 1487 867 1548 intel-

77 1588 163 1649 lecto
172 1589 297 1660 tenore,
307 1603 406 1664 quam
419 1587 568 1648 animose
582 1586 670 1647 idem
685 1601 745 1647 rex
755 1585 868 1646 insur-

78 1685 203 1747 rexerit
230 1685 346 1747 contra
378 1684 478 1762 hujus
505 1683 642 1746 sceleris
669 1681 864 1760 patratores,

78 1782 231 1854 dolorem,
245 1797 343 1860 quem
357 1782 453 1844 nobis
474 1780 553 1843 lacti
567 1781 725 1843 atrocitas
742 1779 865 1851 intulit,

78 1897 140 1958 pro
153 1896 269 1956 magna
283 1881 378 1958 parte
393 1881 558 1941 sensimus
571 1895 614 1941 ex
624 1893 683 1939 sua
694 1877 866 1954 diligentia

78 1973 864 2054 mitigatumEaedemsanelitteraecodtinebant

79 2076 163 2154 quod
184 2077 255 2139 orta
277 2076 366 2138 inter
390 2075 578 2138 recolendas
604 2075 773 2135 memoriae
800 2077 864 2134 A...

81 2174 313 2236 cathanensem
338 2174 528 2250 episcopum
552 2188 595 2234 ex
615 2173 711 2250 parte
734 2187 811 2244 uua,
834 2171 868 2233 et

80 2271 294 2348 parochianos
316 2287 394 2332 suos
411 2287 454 2332 ex
475 2271 590 2343 altera,
609 2285 708 2347 super
729 2269 866 2331 decimis

81 2369 114 2430 et
125 2369 196 2431 aliis
215 2369 432 2431 cathenensis
448 2369 599 2430 ecclesiae
617 2368 749 2445 jnribus
764 2382 869 2444 quaes·

81 2465 177 2537 tione,
202 2466 342 2543 ipsaque
366 2465 400 2526 in
426 2465 604 2542 praesentia
633 2465 721 2541 regis
747 2464 865 2540 ipsius,

82 2562 295 2625 mediantibus
308 2562 505 2640 quibusdam
519 2562 671 2641 personis
684 2561 866 2622 ecclesias-

82 2659 153 2719 ticis
167 2659 333 2721 amicabili
352 2659 590 2736 compositione
612 2657 730 2734 sopita,
764 2657 860 2718 rede-

83 2759 156 2817 unte
185 2757 319 2819 tandem
350 2757 505 2834 episcopo
538 2756 611 2832 ipso
642 2755 684 2816 ad
719 2755 864 2832 propria,

83 2853 211 2931 ipsoque
223 2870 303 2931 rege
316 2855 352 2915 in
372 2854 527 2930 angliam
555 2869 615 2930 pro
638 2852 753 2914 arduis
772 2851 867 2927 regni

84 2951 282 3028 suinegotlis
303 2950 514 3029 properante,
531 2951 633 3012 iidem
657 2949 865 3027 parochiani,

84 3047 231 3126 tanquam
245 3051 326 3113 moti
341 3049 503 3111 adversus
518 3065 605 3121 eum,
623 3048 700 3125 quia
716 3047 867 3110 ecclesiae

85 3159 149 3206 suae
162 3163 293 3208 causam
308 3147 422 3223 egerat
440 3148 556 3208 contra
574 3148 676 3223 ipsos,
701 3147 736 3206 in
751 3146 866 3222 pasto-

84 3257 150 3302 rem
161 3245 246 3320 pium
259 3245 330 3322 lupi
340 3260 490 3322 rapaces,
501 3245 536 3305 in
547 3245 674 3321 patrem
688 3244 867 3319 degeneres

85 3339 152 3413 dlii,
168 3357 205 3403 ac
230 3343 265 3403 in
288 3342 449 3404 christum
465 3341 596 3403 Domini
618 3340 742 3403 diaboli
761 3340 866 3402 satel-

86 3435 155 3498 lites
168 3440 345 3511 irruentes,
361 3455 436 3501 eum
456 3439 604 3500 vestibus
619 3438 764 3515 propriis
786 3453 866 3514 spo-

86 3532 203 3609 liatum,
219 3553 354 3610 caesum,
377 3537 570 3614 lapidatum,
597 3537 629 3598 et
643 3535 778 3613 bipenni
793 3535 869 3596 rul-

87 3637 227 3696 neratum
251 3635 293 3696 ad
318 3637 469 3706 mortem,
493 3635 528 3695 in
550 3634 691 3711 coquina
721 3633 867 3710 propria,

87 3733 150 3806 ejus
165 3732 316 3795 interitus
327 3731 427 3793 nimis
436 3731 537 3799 avidi,
547 3733 869 3794 cremaverunt.Rex

87 3841 159 3890 rero
172 3829 329 3906 praelatus
344 3828 399 3905 qui
413 3827 627 3906 proficiscens
646 3828 681 3888 in
702 3827 866 3903 angliam,

85 3925 147 4000 jam
162 3927 199 3986 ad
214 3927 364 3988 extrema
378 3925 474 4001 regni
500 3925 552 3986 sui
567 3925 775 4002 pervenerat,
804 3924 869 3985 hoc

90 4023 189 4084 audito
202 4024 329 4092 dolens,
346 4024 379 4085 ei
395 4039 438 4084 ex
451 4023 544 4085 lanta
558 4023 775 4100 perversitate
795 4037 870 4083 sce-

88 4117 160 4180 lenis
174 4121 396 4194 conturbatus,
413 4121 454 4181 ad
470 4120 707 4183 vindicandum
719 4121 786 4181 tam
797 4135 869 4180 cru·

90 4215 184 4279 delam
205 4219 353 4296 episcopi
380 4218 459 4281 dicti
481 4220 631 4290 mortem,
658 4219 691 4279 et
716 4217 757 4278 ad
782 4218 868 4278 male

90 4316 277 4388 perdendum
293 4317 410 4389 malos,
430 4316 486 4393 qui
506 4316 657 4376 eumdem
676 4315 868 4392 episcopum

92 4411 132 4472 sic
143 4413 360 4490 perdiderant,
371 4429 507 4490 prorsus
519 4413 662 4484 omissis,
675 4427 748 4490 quae
760 4413 869 4489 ipsum

93 4507 261 4583 trahebant,
278 4509 431 4587 negotiis,
446 4525 482 4572 se
497 4509 647 4586 protinus
666 4508 868 4570 exercitibus

93 4608 151 4668 suis
177 4608 322 4671 collectis
357 4606 514 4679 accinxit,
545 4609 659 4682 aperte
692 4605 868 4666 insinuans

94 4706 265 4778 quodcum
291 4706 415 4783 injuria
444 4703 566 4766 Christi
591 4703 703 4778 angat,
734 4705 767 4765 et
800 4718 868 4763 suae

94 4801 201 4864 zeletur
221 4805 371 4866 ecclesiae
387 4801 573 4863 libertatem
598 4815 658 4877 pro
683 4802 780 4878 cujus
806 4799 868 4862 de-

94 4895 227 4962 fensione
253 4901 393 4963 mortem
417 4899 518 4962 subiit
541 4897 716 4975 episcopus
738 4913 868 4960 memo-

94 4997 183 5059 ratus.

127 5097 218 5158 ‹Nos
231 5113 311 5174 ergo
329 5098 426 5174 iuxta
442 5093 697 5171 postulationem
710 5095 866 5164 vestram,

95 5187 184 5264 ipsius
203 5195 292 5271 regis
308 5209 408 5271 super
428 5193 492 5254 hoc
518 5191 750 5254 excellentiam
778 5205 867 5251 com-

95 5291 280 5363 mendantes,
293 5307 334 5353 ac
347 5289 585 5368 prosequentes
596 5287 782 5350 actionibus
796 5301 869 5362 gra-

95 5384 210 5461 tiarum,
227 5405 303 5450 eum
318 5388 515 5465 perscripta
539 5388 651 5448 nostra
667 5384 866 5456 monuimus,

95 5483 123 5542 nt
134 5489 332 5565 assumptum
342 5485 546 5563 propositum
562 5482 745 5545 ulciscendi
759 5485 826 5542 Deo
837 5484 869 5542 et

96 5577 233 5645 Ecclesiae
246 5599 346 5660 super
360 5582 423 5644 hoc
437 5582 565 5642 illatam
578 5581 749 5657 injuriam,
767 5577 869 5639 ulcis-

97 5680 183 5742 cendo
195 5681 310 5744 taliter
322 5681 554 5758 prosequatur,
571 5678 655 5755 quod
669 5693 729 5755 pro
743 5691 782 5738 eo
796 5677 868 5754 ipsa

99 5772 232 5841 teneatur
259 5777 407 5840 Ecclesia
432 5775 490 5837 Dei
518 5773 781 5837 misericordiam
806 5773 870 5833 im-

686 451 913 514 EPIS'I’OLAE.
938 451 1015 512 LIB.
1039 451 1108 514 VII.

1651 447 1710 508 298

920 609 1063 688 plorare,
1077 610 1113 671 ut
1127 623 1258 686 semper
1272 610 1326 682 sit,
1348 608 1546 686 ubicumque
1561 605 1712 669 ambula-

918 709 1005 769 verit
1019 707 1100 784 ipse,
1117 723 1240 780 secum,
1257 708 1290 769 et
1313 707 1348 768 in
1374 708 1534 767 aeternum
1554 703 1712 801 xstabiliat

919 821 1058 880 regnum
1074 820 1181 876 suum,
1194 803 1360 880 faciatque
1369 803 1431 864 sibi
1444 818 1561 864 nomen
1573 801 1709 877 grande,

919 917 958 964 ac
974 901 1014 962 ab
1026 900 1177 962 omnibus
1190 901 1332 962 inimicis
1345 901 1415 981 suis
1428 900 1459 962 ei
1474 899 1621 986 requiem
1637 899 1710 959 iar-

919 999 1040 1074 giatur.
1057 1014 1075 1058 s
1089 997 1188 1059 Addit
1202 998 1238 1060 ut
1256 998 1498 1074 parricidarum
1520 997 1638 1068 terras,
1655 994 1711 1072 qui

920 1111 956 1156 se
971 1095 1118 1172 episcopi
1130 1095 1220 1156 caede
1239 1095 1467 1173 inquinarunt,
1485 1093 1712 1155 ecclesiastico

922 1192 1096 1255 interdicto
1111 1191 1244 1264 feriant,
1261 1192 1367 1253 donec
1381 1191 1444 1254 rite
1459 1190 1500 1252 ab
1524 1191 1567 1252 iis
1586 1191 1712 1251 crimen

920 1290 1089 1367 expiatum
1120 1289 1230 1351 luerit.
1265 1291 1383 1351 Datum
1415 1289 1580 1360 Laterani,
1602 1287 1713 1348 idibus

921 1387 1092 1460 februarii,
1108 1387 1320 1466 pontificatus
1337 1387 1442 1448 nostri
1458 1400 1546 1447 anno
1560 1385 1710 1462 septimo.

1237 1614 1398 1767 uxum

991 1831 1043 1890 Ad
1062 1831 1258 1904 Philippum
1276 1845 1395 1907 repom
1409 1834 1637 1892 Francorum.

1192 1961 1232 2018 26
1247 1962 1341 2018 martii
1361 1961 1439 2019 lala.

922 2081 1057 2148 [bouquet
1068 2081 1170 2135 Reeueil
1181 2081 1224 2134 des
1231 2084 1297 2134 illst.
1308 2085 1375 2144 xlx,
1389 2099 1414 2148 p.
1425 2085 1471 2135 733
1478 2103 1484 2143 ;
1498 2085 1595 2148 Regesl.
1604 2083 1714 2147 lib.Vll,

1247 2163 1320 2229 epist.
1331 2164 1384 2228 itt]

921 2271 1055 2329 Pactlone
1074 2284 1140 2328 cum
1160 2269 1310 2328 Frederico
1326 2273 1362 2339 ll,
1380 2272 1573 2328 Romanorum
1588 2271 1711 2343 impera·

956 2365 1026 2426 tore,
1057 2357 1129 2416 lacta
1161 2365 1192 2416 ul
1222 2358 1333 2416 cladem
1355 2360 1492 2416 Damietm
1511 2373 1526 2415 a
1546 2358 1714 2417 Christianis

957 2452 1104 2519 acceptam
1132 2462 1266 2520 reparare
1302 2447 1349 2504 ille
1376 2455 1504 2516 conetur,
1541 2447 1712 2520 Philippum,
1759 2499 1763 2504 .

957 2550 1037 2608 regm
1053 2537 1237 2606 Francorum,
1250 2543 1278 2594 et
1290 2536 1362 2594 alios
1375 2551 1460 2610 reges
1480 2536 1606 2594 hortatur
1621 2539 1715 2594 llouo·

956 2624 1015 2680 rlus
1027 2621 1064 2682 ad
1078 2638 1156 2680 arma
1171 2639 1221 2696 pro
1235 2623 1345 2684 Christo
1363 2623 1553 2697 suscipienda.

961 2751 1130 2812 Honorius
1139 2751 1532 2828 episcopus...carissimo
1541 2751 1714 2814 inchristo

922 2847 990 2909 tillo
1001 2848 1074 2924 regi
1089 2851 1304 2921 Francorum,
1322 2848 1473 2920 salutem,
1491 2849 1553 2910 etc.
1592 2883 1597 2894 ·

960 2947 1075 3008 iustus
1089 2946 1248 3007 Dominus
1262 2947 1299 3006 in
1310 2945 1461 3006 omnibus
1474 2946 1538 3006 viis
1553 2945 1636 3016 suis,
1654 2945 1710 3022 qul

921 3043 1100 3120 unicuique
1111 3058 1171 3120 pro
1188 3043 1714 3118 meritiscondignaretributione

921 3141 1109 3218 respondet,
1136 3142 1225 3203 circa
1255 3140 1425 3217 negotium
1446 3142 1557 3202 Terrae
1583 3141 1713 3202 sancta

922 3255 1013 3317 spem
1055 3239 1167 3316 populi
1201 3238 1380 3300 Christiani
1417 3234 1500 3300 fovit
1535 3237 1714 3315 aliquando

922 3337 1100 3413 prosperis,
1117 3337 1150 3398 et
1170 3337 1335 3398 interdum
1351 3335 1537 3398 debilitavit
1551 3335 1712 3396 adversis.

922 3435 1119 3512 Oquantum
1136 3433 1342 3496 Christicolis
1365 3433 1542 3497 videbatur
1565 3431 1715 3495 arridere

922 3532 1135 3610 prosperitasl
1149 3534 1174 3593 0
1186 3534 1344 3609 quantum
1357 3531 1511 3592 illuxisse
1518 3531 1715 3593 credebatur

923 3629 1076 3691 fidelibus
1125 3629 1274 3691 felicium
1318 3644 1441 3690 aurora
1486 3643 1710 3701 successuum,

923 3727 1053 3803 quando
1069 3726 1372 3802 crucesignatorum
1398 3726 1565 3787 exercitus
1585 3727 1716 3804 AEgyp-

922 3827 992 3887 tum
1004 3824 1212 3899 aggrediens,
1242 3825 1316 3899 post
1329 3823 1448 3885 turrim
1474 3826 1616 3900 captam,
1641 3825 1716 3900 post

922 3921 1097 3984 transitum
1113 3920 1270 3993 fluminis,
1292 3923 1366 3998 post
1388 3920 1501 3982 hostes
1523 3921 1712 3994 exterritos,

922 4021 958 4080 in
968 4019 1235 4080 adversariorum
1252 4005 1449 4080 stationibus
1458 4019 1569 4081 castra
1585 4018 1667 4089 lixit,
1682 4019 1716 4082 et

923 4116 1119 4187 Damiatam,
1133 4131 1206 4194 quae
1228 4114 1331 4177 robur
1344 4116 1544 4179 censebatur
1565 4117 1712 4194 AEgypti,
1773 4105 1776 4110 ’

924 4214 1015 4275 duris
1035 4211 1218 4274 obsidionis
1238 4214 1401 4290 angustiis
1425 4215 1622 4277 coarctavit!
1650 4217 1715 4276 Res

924 4311 1054 4388 quidem
1068 4309 1229 4386 agebatur
1242 4311 1407 4384 miraculi,
1430 4328 1529 4388 quum
1544 4312 1712 4384 Dominus,

924 4409 981 4486 qui
1008 4401 1110 4484 elegit
1132 4408 1265 4470 infirma
1293 4409 1407 4471 mundi
1436 4412 1474 4472 ut
1499 4409 1717 4471 confunderet

924 4504 1034 4578 tortia,
1054 4505 1223 4567 civitatem
1238 4506 1477 4583 expugnationi
1492 4506 1661 4567 dilllcilem
1675 4522 1716 4568 eo

922 4604 1071 4680 tempore
1093 4603 1232 4665 tradidit
1257 4602 1451 4678 gerentibus
1477 4603 1599 4664 bellum
1630 4606 1713 4680 ejus,

923 4716 988 4779 quo
1011 4701 1200 4762 invaluerat
1213 4700 1353 4762 multum
1375 4701 1479 4778 partis
1494 4701 1642 4762 adversae
1656 4718 1717 4779 po-

923 4797 1037 4866 tentia,
1062 4799 1095 4859 et
1121 4797 1338 4860 abbreviatus
1357 4798 1430 4859 erat
1455 4814 1522 4860 non
1549 4799 1714 4862 modicum
1800 4794 1804 4810 ¹

923 4895 1110 4956 nostrorum
1139 4910 1298 4956 numerus
1324 4893 1533 4957 bellatorum.
1567 4895 1717 4959 Habebat

924 4995 1033 5055 autem
1055 4993 1090 5053 in
1114 4992 1167 5052 his
1188 4991 1390 5054 universitas
1417 4993 1604 5055 Christiana
1630 4994 1717 5055 unde

923 5089 1143 5166 praetenderet
1170 5089 1266 5165 quasi
1290 5091 1389 5151 certae
1411 5091 1482 5166 spei
1506 5090 1661 5151 fiduciam
1682 5088 1717 5161 ip

923 5186 1086 5260 luturum;
1109 5201 1236 5258 verum,
1256 5187 1510 5248 suceedentibus
1534 5187 1716 5264 prosperis,

922 5283 1065 5346 victores
1087 5282 1182 5345 obliti
1210 5299 1331 5344 nomen
1353 5285 1485 5346 Domini
1509 5285 1583 5361 post
1597 5285 1720 5347 trium-

923 5381 1034 5457 phum,
1048 5380 1124 5442 dato
1138 5379 1319 5443 tdrtutibus
1335 5381 1448 5442 libello
1468 5380 1610 5457 repudii,
1631 5397 1718 5445 con-

922 5481 1057 5540 traxere
1078 5490 1153 5540 cum
1168 5479 1271 5550 vitiis,
1288 5478 1374 5555 quod
1387 5477 1623 5541 detrahebatur
1640 5479 1718 5542 lidei

924 5576 979 5638 ubi
993 5577 1206 5639 convertendi
1227 5575 1360 5637 fuerant
1374 5575 1537 5650 infideles,
1564 5579 1597 5640 et
1612 5580 1723 5655 major

923 5672 1722 5752 eratpeccatorumcommlssioubimajorremis-

925 5771 1193 5848 siosperabatur.
