4104 6330
258 323 318 384 207
869 321 1045 382 HONORII
1067 323 1111 382 ΙΙΙ
1133 321 1280 382 OPERA.

1842 321 1904 383 208

259 495 382 544 cavens
397 483 491 560 regni
512 483 575 555 sui,
591 497 631 543 ac
657 482 762 558 ipsius
775 480 1050 558 tranquillitatem
1105 481 1163 553 sis,
1193 480 1234 542 de
1261 479 1376 543 nostro
1403 481 1541 558 speciali
1567 479 1734 550 mandato,
1752 479 1787 542 in
1807 481 1841 544 te
1860 497 1903 544 ac

194 657 199 662 ¹
258 580 373 643 volens
387 580 565 642 salubriter
579 595 770 658 procurare,
786 579 911 640 dictum
924 579 1050 656 primo-
1104 578 1179 638 tuos
1203 577 1381 654 complices
1406 581 1440 640 et
1460 577 1607 640 fautores
1626 579 1901 641 excommunica·-

259 678 407 754 genitum
431 693 527 738 suum
554 677 588 738 in
614 693 727 753 regem
750 676 829 738 fecit
850 675 979 750 inungi,
1012 691 1051 738 ac
1105 674 1206 736 tionis
1221 676 1254 737 et
1276 676 1312 736 in
1326 676 1418 736 tuam
1440 677 1474 737 et
1496 676 1644 753 ipsorum
1663 677 1773 738 terras
1795 677 1904 738 intar-

259 775 361 838 etiam
382 775 547 847 coronari,
576 774 709 851 quidam
725 773 884 851 perversi,
901 771 958 850 qui
982 771 1053 834 dis·

260 872 450 932 sensionum
471 872 606 934 semitas
629 873 785 947 satagunt
800 871 962 942 invenire,
980 885 1052 930 ma-

258 969 382 1045 lignari
404 969 563 1042 volentes
581 985 676 1030 suurn
701 968 935 1030 machinantur
951 967 1051 1029 obse-

260 1065 374 1142 quium
389 1064 584 1126 subtrahere
603 1065 666 1141 ipsi
682 1065 766 1140 regi,
792 1067 963 1141 tamquam
985 1079 1052 1124 non

260 1161 336 1234 sibi,
366 1162 424 1223 sed
452 1162 521 1223 filio
554 1161 741 1233 teneantur,
781 1165 814 1223 et
844 1162 893 1224 sic
937 1163 1053 1223 contra

261 1262 437 1336 utrumque
446 1259 619 1321 dissidium
630 1259 663 1322 et
676 1258 867 1320 scandalum
876 1259 971 1334 regui
981 1273 1054 1334 pro·

261 1357 389 1418 curant.
407 1359 512 1428 Quum
527 1357 630 1432 igitur
644 1372 710 1418 non
725 1356 827 1418 fuerit
842 1356 949 1433 ipsius
961 1356 1052 1432 regis

261 1453 413 1525 intentio
438 1470 499 1516 nec
520 1469 593 1516 esse
615 1452 776 1525 debuerit,
802 1454 839 1516 ut
861 1453 1053 1515 conivente

259 1551 349 1612 alius
375 1551 562 1612 dominaret
585 1551 620 1611 in
634 1566 749 1627 regno,
776 1551 834 1612 sed
852 1551 925 1628 ipse
944 1549 1054 1626 potius

260 1664 400 1724 regnum
412 1649 525 1710 teneat
536 1649 569 1710 et
581 1648 751 1725 gubernet,
761 1647 962 1710 fraternitati
972 1663 1052 1710 ves-

259 1747 323 1807 trae
342 1761 401 1821 per
422 1745 612 1822 apostolica
634 1746 756 1822 scripta
781 1745 977 1806 mandamus
1002 1747 1055 1807 at·

259 1859 326 1920 que
342 1843 564 1920 praecipimus,
592 1845 755 1920 quatenus
784 1843 960 1906 universos
990 1845 1054 1910 tam

260 1940 297 2002 in
320 1955 434 2016 regno,
452 1956 549 2016 quam
565 1943 660 2004 entra
683 1955 823 2016 regnum
845 1942 1051 2012 constitutos,

262 2036 320 2114 qui
334 2037 524 2114 hujusmodi
535 2037 715 2100 seditiones
728 2053 862 2098 movere
876 2053 1055 2115 praesump-

262 2135 378 2204 serint,
393 2148 413 2195 a
426 2150 486 2195 sua
501 2135 688 2197 temeritate
707 2149 839 2198 cessare
854 2151 914 2213 per
934 2150 1054 2197 censu-

262 2246 334 2291 ram
344 2230 616 2304 ecclesiasticam,
627 2231 850 2310 appellatione
860 2233 1052 2309 postposita,

262 2328 480 2406 compellatis.
497 2330 615 2392 Datum
630 2331 799 2403 Laterani,
817 2331 860 2392 1v
874 2345 982 2392 nonas
992 2333 1053 2407 jn·

261 2425 312 2498 lii,
329 2425 539 2502 pontificatus
553 2428 659 2490 nostri
671 2443 760 2490 anno
772 2429 878 2492 sexto.

557 2749 764 2838 dcxxxii

263 2901 315 2962 Ad
345 2901 557 2972 willelmum,
592 2902 849 2964 Pictavienscm
873 2901 1057 2976 archiepis·

521 2997 796 3076 copumdtctum.

565 3138 648 3195 Anno
668 3138 746 3196 lala.

365 3268 500 3335 [Bonquet
512 3269 613 3322 Recueil
627 3271 671 3320 des
683 3269 759 3346 illst,
772 3270 839 3329 xlx,
852 3284 878 3335 p.
889 3269 958 3335 lan]

263 3395 418 3465 willelmo,
433 3395 492 3468 qui,
513 3395 619 3468 junctis
633 3410 699 3454 cum
714 3397 837 3470 lingone
852 3395 888 3454 de
909 3397 1057 3456 Leziniseo

300 3483 434 3543 diarchia
458 3484 561 3541 comite
585 3483 702 3554 viribus,
726 3485 839 3558 Angtiae
859 3500 957 3559 regem
974 3501 1057 3544 suurn

300 3571 449 3631 dominum
467 3574 594 3646 graviter
611 3573 734 3643 laeserat,
758 3582 786 3631 et
805 3581 952 3646 prepterea
968 3573 1059 3632 luerat

300 3663 574 3731 excommunicatus,
611 3663 732 3734 imperat
763 3664 915 3732 Honorius,
940 3671 971 3720 ut
996 3665 1059 3737 regi

299 3749 334 3808 de
349 3750 462 3808 damnis
481 3758 510 3808 et
524 3751 634 3824 inludis
649 3749 733 3809 iaciat
747 3752 826 3821 satis,
843 3766 880 3810 ne
895 3751 989 3810 eidem
1004 3753 1056 3811 ite·

300 3855 363 3898 rum
377 3839 427 3898 llat
445 3839 584 3926 obnoxius
597 3841 755 3899 sententiaa.

304 3984 472 4045 Honorius
503 3983 728 4061 episcopus...,
755 3984 860 4045 nobili
879 3985 952 4046 viro
968 3985 1058 4046 Wil-

264 4081 365 4142 lelmo
379 4081 464 4142 dicto
480 4081 731 4160 archiepiscopo
744 4083 965 4144 Pictaviensis
983 4083 1062 4145 dice·

263 4180 365 4251 cesis,
382 4178 534 4246 salutem,
552 4181 614 4241 etc.

308 4277 506 4338 carissimus
522 4278 556 4338 in
581 4275 710 4338 Christo
729 4277 818 4338 lilius
840 4279 954 4340 noster
966 4280 1060 4342 Hen-

266 4375 369 4446 ricus,
398 4389 459 4434 rex
486 4373 668 4449 anglorum
692 4374 845 4448 illustris,
865 4375 1061 4437 transmissa

265 4472 362 4534 nobis
375 4471 544 4549 petitione,
562 4471 758 4534 monstravit
776 4471 873 4549 quod,
891 4485 990 4550 quum
1006 4473 1060 4534 di-

265 4571 343 4633 lecti
357 4570 417 4630 lilii
427 4569 700 4632 Talemundensis
712 4571 746 4631 et
758 4570 872 4632 Sancti
888 4570 1060 4632 Michaelis

267 4668 308 4728 de
324 4669 466 4729 Heremo
488 4665 635 4740 abbates,
660 4667 693 4728 et
707 4666 852 4728 decanus
868 4668 1060 4730 Pictavien-

261 4869 357 4936 mine,
387 4876 416 4927 et
443 4877 557 4926 sanctos
577 4875 674 4936 testor,
700 4869 776 4942 quod
796 4885 910 4944 semper
926 4870 1012 4940 vestri
1033 4877 1062 4928 et

267 4949 439 5008 vestrorum,
456 4942 483 4996 in
500 4949 635 5012 quantum
658 4948 766 5012 potero,
793 4957 842 4998 ero
869 4941 904 4998 ad
923 4941 1058 5013 benepla-

268 5013 373 5082 citum;
390 5020 417 5068 et
432 5009 617 5068 libentissime
632 5018 754 5067 vestram
771 5011 923 5070 adivissem
936 5027 1058 5084 praesen·

1105 773 1185 834 dicti
1200 773 1382 834 sententias
1394 773 1671 850 promulgassent,
1688 789 1747 850 pro
1760 789 1800 836 eo
1814 775 1903 851 quod

1105 869 1214 946 ipsum
1227 884 1350 944 regem,
1367 871 1463 946 cujus
1479 868 1577 930 homo
1590 869 1691 945 ligius
1704 885 1777 932 esse
1787 870 1901 944 debes,

1106 965 1291 1028 manifestis
1305 967 1499 1028 excessibus
1514 966 1743 1043 multipliciter
1756 967 1903 1030 infesta·-

1106 1078 1172 1136 ras,
1185 1078 1224 1124 ao
1239 1063 1339 1125 etiarn
1350 1064 1484 1126 easdem
1494 1065 1677 1126 sententias
1687 1065 1902 1139 incurrisses,

1107 1176 1147 1221 eo
1169 1161 1256 1238 quod
1280 1161 1385 1223 nobili
1399 1162 1472 1223 viro
1492 1161 1625 1238 Hugoni
1648 1162 1690 1223 de
1711 1163 1903 1235 Leziniaco,

1107 1258 1194 1319 dicto
1216 1259 1328 1322 comiti
1353 1259 1524 1331 Marchiae,
1540 1275 1606 1321 una
1627 1261 1906 1323 cumfautoribus

1108 1355 1191 1428 suis,
1217 1357 1416 1430 auctoritate
1431 1357 1556 1430 nostra,
1577 1357 1742 1418 similibus
1763 1361 1904 1420 senten-

1107 1451 1164 1514 tiis
1175 1453 1335 1526 inroluto,
1352 1455 1466 1516 contra
1485 1455 1637 1516 eumdem
1651 1470 1774 1532 regem,
1793 1456 1904 1518 domi·

1108 1565 1187 1610 uum
1210 1551 1315 1623 tuum,
1346 1567 1412 1614 non
1443 1551 1566 1629 absque
1581 1553 1785 1614 infidelitatis
1801 1555 1902 1628 uota,

1108 1647 1233 1708 ternere
1256 1648 1446 1712 assistebas.
1473 1650 1557 1722 Quia
1577 1649 1781 1712 venerabilis
1799 1649 1906 1712 frater

1108 1745 1222 1806 noster
1234 1745 1461 1822 pandulphus,
1477 1745 1706 1808 Norwicensis
1726 1747 1904 1825 episcopus

1107 1841 1177 1902 turn
1192 1841 1327 1916 electus,
1355 1845 1503 1922 tempore
1525 1859 1600 1921 quo,
1625 1845 1791 1907 mediante
1814 1846 1902 1922 ipso,

1109 1939 1225 2014 treuga
1245 1938 1308 2002 fuit
1333 1941 1418 2002 inita
1433 1941 1520 2003 inter
1534 1942 1728 2019 praedictum
1742 1956 1855 2018 regem
1871 1945 1907 2005 et

1109 2035 1224 2097 fideles
1245 2039 1328 2116 ejus,
1350 2054 1394 2100 ex
1418 2041 1513 2116 parte
1536 2055 1615 2111 una,
1638 2039 1672 2102 et
1684 2041 1907 2102 memoratum

1109 2132 1281 2206 Hugonem
1293 2133 1326 2193 et
1333 2133 1512 2210 complices
1526 2135 1611 2210 eJus,
1623 2148 1666 2194 ex
1681 2134 1799 2206 altera,
1816 2150 1907 2210 prm-

1109 2226 1205 2290 dictae
1234 2229 1406 2292 sententiae
1431 2230 1566 2292 fuerunt
1586 2230 1628 2291 ab
1650 2231 1724 2308 ipso
1747 2231 1905 2309 episcopo

1108 2325 1284 2402 relaxatae3
1318 2328 1354 2388 tu
1380 2342 1535 2390 asserens
1563 2328 1654 2390 tede
1687 2329 1907 2405 complicibus

1109 2439 1182 2484 esse
1202 2424 1331 2486 comitis
1346 2426 1531 2498 memorati,
1557 2427 1626 2488 tam
1645 2425 1686 2488 de
1701 2427 1905 2504 specialibus

1109 2521 1283 2582 sententiis
1305 2537 1404 2598 quarn
1430 2521 1470 2584 de
1495 2523 1707 2598 generalibus
1722 2524 1757 2585 in
1776 2527 1809 2586 te
1824 2524 1906 2586 latis

1110 2633 1169 2695 pro
1184 2618 1334 2681 absoluto
1353 2621 1384 2682 te
1397 2635 1528 2696 gerens.
1546 2621 1673 2682 nullam
1692 2637 1829 2698 prorsus
1844 2635 1908 2683 sa-

1109 2715 1330 2778 tisfactionem
1368 2715 1434 2794 ipsi
1463 2718 1535 2794 regi
1561 2718 1615 2780 rel
1644 2721 1716 2796 eJus
1750 2719 1906 2782 fidelibus

1110 2813 1320 2890 impendisti,
1352 2815 1540 2888 mandatis,
1583 2831 1657 2892 quae
1700 2831 1801 2894 super
1840 2816 1908 2880 hoc

1110 2909 1172 2972 tibi
1195 2910 1392 2984 direximus,
1413 2910 1597 2987 obauditis3
1619 2913 1787 2990 quinimo
1808 2914 1906 2991 posi-

1111 3007 1243 3069 modnm
1265 3023 1385 3084 graves
1413 3008 1462 3072 eis
1494 3009 1639 3088 injurias
1665 3009 1788 3074 diceris
1816 3010 1909 3073 irro-

1111 3119 1208 3182 gasse
1223 3103 1283 3185 (1).

1152 3204 1314 3274 Quocirca
1333 3203 1538 3267 nobilitatem
1552 3204 1642 3267 tuam
1656 3205 1775 3268 iterato
1790 3221 1909 3268 mone-

1112 3317 1184 3362 mus
1211 3301 1244 3363 et
1271 3301 1443 3364 hortamur
1466 3303 1600 3375 attente,
1629 3319 1689 3380 per
1713 3304 1909 3381 Apostolica

1112 3397 1236 3474 scripta
1270 3399 1419 3462 districte
1446 3401 1669 3478 praecipiendo
1695 3401 1905 3474 mandantes,

1113 3499 1274 3574 quatenus
1302 3496 1390 3560 infra
1418 3497 1537 3561 festum
1564 3501 1595 3560 S.
1622 3498 1764 3560 Andreae
1790 3499 1911 3576 proxi-

1113 3610 1202 3656 mum
1227 3594 1404 3670 saepedicto
1429 3596 1512 3672 regi,
1533 3596 1586 3658 rel
1608 3597 1663 3658 cui
1685 3596 1906 3668 mandaverit,

1112 3707 1213 3768 super
1232 3691 1284 3752 his
1305 3708 1365 3769 pro
1381 3693 1500 3770 qulbus
1518 3693 1554 3754 in
1571 3693 1603 3756 te
1621 3709 1660 3754 ac
1677 3695 1801 3756 terram
1815 3695 1911 3755 tuam

1113 3787 1279 3866 praedictae
1309 3786 1444 3850 fuerunt
1469 3790 1641 3851 sententia
1670 3789 1908 3867 promulgata,

1114 3884 1243 3946 sublato
1265 3885 1441 3962 cujuslibet
1464 3885 1669 3948 difficultatis
1697 3887 1731 3948 et
1753 3886 1910 3964 appella-

1114 3982 1216 4044 tionis
1231 3982 1373 4059 objectu,
1396 3982 1589 4046 satisfacere
1609 3999 1676 4048 non
1697 3984 1841 4056 omittas,
1866 3984 1909 4045 de

1115 4079 1245 4140 damnis
1267 4081 1300 4141 et
1319 4080 1453 4158 injuriis
1473 4079 1680 4158 postmodum
1701 4081 1766 4158 ipsi
1787 4083 1909 4160 atejus

1115 4172 1267 4238 fidelibus
1292 4177 1509 4239 nihilominus
1532 4177 1767 4242 satisfaciendo
1787 4179 1908 4240 eidem.

1116 4275 1272 4352 Alioquin
1307 4275 1475 4351 praedictis
1504 4274 1678 4337 abbatibus
1715 4277 1749 4338 et
1780 4277 1909 4338 decano

1115 4373 1238 4434 nostris
1253 4371 1369 4432 damus
1391 4371 1511 4434 litteris
1532 4373 1568 4433 in
1583 4374 1757 4450 praeceptis
1779 4375 1825 4445 ut,
1842 4389 1911 4435 non

1116 4469 1266 4532 obstante
1285 4469 1493 4531 absolutione
1517 4470 1686 4546 praedicta,
1711 4471 1744 4533 te
1765 4485 1805 4532 ac
1824 4487 1912 4532 com-

1116 4567 1219 4644 plices
1252 4571 1339 4639 tuos,
1370 4567 1403 4628 et
1425 4569 1516 4628 tuam
1533 4568 1567 4630 et
1585 4583 1700 4630 eorum
1715 4569 1834 4640 terras,
1851 4568 1912 4629 de-

1117 4665 1275 4728 nuncient
1303 4665 1656 4728 excommunicationis
1680 4667 1714 4728 et
1738 4666 1910 4729 interdicti

1115 4868 1170 4924 lata
1184 4874 1228 4925 est
1249 4875 1278 4925 et
1298 4867 1344 4924 bic
1369 4867 1504 4937 redditur,
1518 4868 1619 4937 oratio,
1638 4869 1810 4996 siveJuimoe
1823 4883 1909 4927 cons·

1114 4939 1272 5022 emptionis,
1299 4940 1360 4996 sive
1380 4940 1585 5010 exemplarium
1601 4939 1642 5022 ab·
1656 4954 1689 4997 ea
1721 4941 1909 5022 ascripturum

1116 5011 1194 5078 vitto,
1207 5018 1244 5066 tta
1254 5008 1327 5065 loede
1340 5017 1471 5090 corrupta
1484 5019 1536 5078 est,
1552 5017 1582 5067 ut
1596 5009 1750 5082 quidquam
1765 5025 1830 5067 saur
1844 5025 1909 5069 rec·

267 5083 338 5140 tiam
348 5098 357 5152 3
373 5080 424 5139 sed
440 5081 474 5139 ad
497 5097 623 5154 praesens
648 5081 735 5152 (quod
751 5083 868 5139 multum
884 5083 1060 5154 affectarem)
1115 5081 1192 5151 tique
1207 5079 1273 5136 inda
1287 5093 1421 5150 componi
1436 5093 1520 5152 posse
1541 5079 1749 5152 desperandum
1767 5083 1822 5152 sit3
1839 5097 1907 5138 sen·

269 5153 364 5211 lacere
388 5168 445 5209 non
487 5168 594 5211 ossum.
628 5153 735 5210 Vestra
759 5168 812 5225 sup
835 5155 887 5210 lico
909 5155 1060 5236 majestati,
1116 5152 1203 5208 tentia
1232 5158 1327 5207 tamen
1350 5151 1526 5223 intelligitur,
1545 5167 1609 5222 quae
1623 5152 1685 5208 talis
1701 5151 1758 5208 lere
1772 5153 1908 5210 suberat:

267 5231 410 5298 quatenus
436 5169 565 5282 fidelibus
584 5224 655 5280 meis
670 5222 792 5281 Guidonl
811 5170 846 5280 ge
864 5225 1018 5282 Cavitltone
1032 5231 1060 5281 et
1118 5245 1128 5271 ι
1144 5221 1281 5278 ilenricus
1292 5221 1373 5277 nobis
1385 5223 1562 5291 monstravit,
1574 5223 1659 5304 quod,
1671 5223 1911 5306 cumrehellionis

269 5295 388 5355 lsnardo
412 5295 568 5368 aldigerio
590 5295 771 5367 praesentium
799 5295 942 5364 latoribus,
970 5297 999 5351 in
1026 5296 1061 5351 iis
1100 5292 1252 5364 ,adversus
1273 5306 1305 5348 se
1324 5305 1420 5354 causa,
1444 5301 1746 5351 excommunicationis
1768 5301 1909 5352 sententis

288 5381 332 5423 use
346 5380 382 5422 ex
407 5374 486 5438 parte
512 5380 584 5432 mea,
609 5365 733 5432 derbiae,
755 5365 835 5422 vobis
852 5365 984 5435 dixerint,
1000 5379 1060 5422 cre·
1115 5364 1221 5435 ligatus
1235 5377 1324 5430 esses,
1339 5370 1436 5419 tamen
1456 5377 1513 5420 uon
1528 5363 1691 5434 impendisti
1706 5363 1759 5421 sibi
1777 5365 1908 5422 satisfac·

267 5383 336 5496 flere
350 5437 508 5510 dignemini
521 5437 594 5494 sicut
608 5435 687 5496 mihi.
710 5438 810 5493 Datum
827 5436 901 5508 apud
920 5439 1059 5496 Montem-
1115 5435 1232 5502 tionem,
1253 5435 1318 5514 quia
1343 5434 1494 5514 occasione
1513 5433 1710 5514 absolutionis,
1735 5449 1821 5506 quam
1839 5438 1911 5492 Pau·

269 5509 463 5582 pessulanum,
490 5507 555 5565 Xlll
578 5506 635 5564 kal.
657 5506 730 5579 julii,
754 5521 830 5565 anno
849 5507 1001 5568 licentur
1025 5507 1061 5564 ab
1115 5503 1237 5576 dulphus
1260 5509 1414 5576 impertivit
1436 5505 1551 5578 Hugoni
1575 5519 1694 5586 ejusque
1711 5504 1909 5633 complicibus,

268 5583 380 5640 lucam.
398 5577 519 5635 Domini.
538 5597 548 5628 ι
1116 5575 1222 5632 abusus
1235 5589 1277 5644 es,
1300 5582 1328 5630 te
1349 5588 1438 5630 unum
1453 5590 1489 5632 ex
1502 5577 1631 5649 lingonis
1643 5575 1774 5648 complici

302 5649 343 5726 tl)
365 5649 454 5722 Hujus
474 5649 611 5722 epistola,
628 5647 970 5722 qualisapudllymerum
992 5663 1057 5721 pm·
1116 5646 1223 5704 dicens.
1239 5665 1249 5696 ι
1267 5645 1429 5718 (mundet.)

1797 5591 1831 5634 us
1844 5592 1911 5636 08⁸6
