4080 6328
951 345 1126 408 HONORII
1149 347 1363 410 1110Pitite.
1908 354 1956 414 sta

335 339 394 400 939

1186 507 1328 582 dederit,
1366 509 1568 572 convertatis
1602 507 1803 582 incredulos,
1836 512 1957 588 erigatis

1186 606 1307 681 lapsos,
1345 605 1537 668 sustentetis
1571 606 1708 680 debiles,
1746 608 1957 686 pusillanimes

1185 703 1413 773 consolemini,
1437 705 1470 764 et
1489 703 1591 765 sortes
1605 704 1956 768 nibilominusconfor-
2015 716 2016 804 1

1184 800 1273 860 tetis.
1293 802 1334 884 Ut
1349 800 1462 860 autem
1477 800 1696 862 ministerium
1712 803 1959 865 1031111001ῐί-
2015 807 2016 812 ’

337 502 511 582 reliquerit
535 505 706 578 seculum,
734 510 768 570 et
792 506 923 585 penitus
947 507 1128 582 abdicarit,

338 617 404 665 non
419 604 548 681 estjam
564 603 723 666 dicendus
738 605 799 683 illi,
824 606 880 683 qui
896 605 968 678 suit,
986 622 1061 668 cum
1076 623 1132 668 se-

337 704 475 776 paratus
491 719 510 762 a
525 702 647 764 mundo
662 703 697 763 in
711 703 819 765 virum
834 704 976 764 alterum
996 705 1039 764 sit
1054 721 1129 766 mu-

337 799 437 858 tatus.
454 800 602 876 Denique
622 801 765 874 potestas
790 802 822 862 et
837 801 1024 861 consiliarii
1039 817 1129 877 prae-

337 895 418 956 dicti
445 897 657 972 prospiciant,
686 898 714 956 si
739 899 828 958 cives
856 899 959 960 tantae
985 899 1130 961 civitatis

337 993 453 1054 deceat
473 995 572 1054 etiam
596 995 706 1056 hostes
723 1011 813 1066 suos,
835 995 890 1072 qui
906 997 993 1057 sicut
1009 996 1069 1057 alii
1088 997 1128 1058 ad

337 1105 394 1150 eos
410 1091 546 1168 pacidce
561 1093 709 1163 veniunt,
735 1093 769 1153 in
792 1093 908 1154 eadem
924 1095 1058 1156 civitate
1073 1111 1130 1156 ca-

337 1203 426 1265 pere,
444 1203 483 1250 00
497 1189 645 1250 detinere
661 1191 810 1267 captivos
824 1214 831 1265 ;
854 1207 928 1251 cum
955 1192 1129 1266 indignum

337 1285 458 1358 soleat,
486 1287 570 1362 qnod
593 1288 666 1364 quis
690 1288 723 1348 in
746 1288 842 1350 domo
870 1305 928 1350 sua
953 1289 1129 1350 inhoneste

335 1384 455 1446 tractet
484 1384 711 1446 adversarium
749 1387 908 1462 reputari.
942 1387 1025 1458 Quia
1049 1403 1128 1448 vero

338 1481 611 1558 praetatisratres,
629 1483 776 1559 quicum
798 1484 919 1560 spiritu
939 1485 998 1544 Dei
1022 1500 1129 1560 agan-

336 1579 401 1650 tur,
425 1595 490 1639 non
513 1581 590 1640 sunt
614 1579 674 1640 sub
701 1582 793 1656 lege,
826 1595 887 1642 nec
913 1580 980 1642 alio
1009 1580 1130 1642 debent

336 1689 435 1752 qnam
450 1677 562 1736 divino
575 1679 650 1753 jure
666 1678 815 1749 censeri„
835 1681 867 1739 01
885 1694 999 1739 eorum
1015 1677 1131 1740 deien-

335 1773 385 1834 010
401 1774 442 1834 ad
456 1789 529 1846 nos,
547 1777 580 1838 et
595 1779 777 1838 Romanam
794 1776 976 1838 Ecclesiam
989 1777 1127 1852 dignos·

334 1871 422 1933 citur
435 1873 618 1948 pertinere;
648 1874 772 1934 eisdem
794 1875 950 1952 potestati
971 1874 1130 1936 0100131-

333 1969 442 2030 liariis
466 1970 614 2032 districte
641 1971 764 2032 nostris
796 1971 914 2032 damus
943 1971 1064 2034 litteris
1093 1972 1128 2032 in

334 2068 519 2144 praeceptis,
542 2070 578 2130 ut
601 2068 753 2130 eumdem
775 2069 913 2132 tratrem
934 2085 994 2146 pro
1015 2069 1129 2130 divino

334 2165 445 2226 officio
459 2169 492 2228 et
503 2168 616 2229 nostra
631 2169 819 2230 reverentia
836 2167 988 2240 liberent,
1005 2169 1039 2229 et
1054 2185 1128 2229 cum

335 2263 496 2325 tratribus
533 2265 603 2326 suis
630 2265 772 2328 liberum
800 2266 893 2328 abire
922 2267 1126 2344 permittant.

335 2361 495 2432 Quocirca
511 2362 704 2424 discretioni
725 2366 845 2426 vestrm
865 2379 925 2440 per
938 2363 1129 2440 Apostolica

336 2459 459 2535 scripta
484 2460 691 2530 mandamus,
719 2464 898 2536 quatenus,
925 2463 954 2524 si
974 2461 1129 2538 (1101110-

333 2558 436 2618 testas
452 2557 485 2618 et
499 2557 687 2622 consiliarii
698 2559 888 2621 mandatum
904 2561 1053 2622 nostrum
1069 2575 1129 2620 ne

332 2654 498 2729 glexerint
511 2655 703 2731 adimplere,
719 2671 778 2716 vos
794 2673 851 2717 eos
864 2657 906 2718 ad
921 2657 955 2718 id
973 2673 1031 2733 per
1044 2673 1126 2718 cen-

335 2765 447 2812 suram
472 2751 731 2812 ecclesiasticam
756 2753 980 2829 appellatione
1001 2755 1127 2814 remota

1185 896 1315 957 dentius
1344 899 1597 974 exsequamini,
1621 899 1848 972 concedimus,
1876 905 1909 964 ut
1930 904 1959 963 in
2015 939 2016 984 3

1186 993 1342 1068 praedicta
1356 995 1518 1056 duntaxat
1527 997 1664 1071 regione
1676 995 1769 1058 vobis
1783 997 1878 1060 liceat
1887 1015 1961 1076 110-
2015 987 2016 990 “

1185 1089 1309 1163 dicare,
1332 1091 1502 1167 baptizare
1526 1095 1711 1154 Saracenos
1733 1095 1774 1158 ad
1799 1095 1892 1156 tidem
1906 1113 1959 1158 no-

1185 1187 1273 1248 viter
1288 1189 1474 1262 venientes,
1502 1191 1534 1251 et
1557 1191 1775 1253 reconciliare
1796 1195 1958 1270 apostatas,
2012 1231 2016 1236 -

1185 1285 1358 1360 injungere
1374 1287 1596 1362 poenitentias,
1623 1291 1655 1350 et
1675 1293 1960 1352 excommunicatos

1184 1383 1260 1470 illos
1276 1381 1461 1456 absolvere,
1480 1385 1536 1462 qui
1558 1387 1599 1447 ad
1623 1387 1741 1448 Sedem
1755 1389 1961 1464 Apostolicam

1185 1481 1435 1542 commodanon
1456 1485 1594 1560 possunt
1612 1485 1794 1560 accedere;
1814 1486 1960 1562 liceatque
2016 1469 2017 1518 3

1184 1577 1278 1638 robis
1296 1579 1330 1640 in
1351 1581 1442 1640 terra
1464 1580 1525 1642 illa
1547 1581 1681 1654 ineos,
1705 1599 1788 1660 quos
1804 1583 1960 1645 hereticos

1185 1691 1258 1736 esse
1277 1677 1480 1750 constiterit,
1511 1681 1866 1742 excommunicationis
1892 1698 1960 1743 sen·

1184 1774 1323 1834 tentiam
1352 1775 1576 1852 promulgare.
1607 1777 1801 1838 inhibemus
1831 1795 1960 1856 qnoque,

1184 1885 1226 1932 ne
1250 1871 1304 1932 011
1328 1872 1511 1935 christiano
1538 1874 1638 1936 liceat
1658 1891 1719 1937 ros
1743 1876 1784 1937 de
1805 1877 1893 1938 terra
1913 1877 1960 1937 illa
2017 1945 2018 1966 χ

1184 1967 1306 2044 ejicere
1325 1969 1500 2032 violenter.
1521 1973 1739 2050 Prmcipimus
1752 1965 1865 2035 autem
1881 1974 1961 2036 vobis

1183 2066 1218 2126 in
1233 2067 1356 2130 virtute
1371 2071 1496 2131 sanctas
1514 2069 1722 2144 obedientiae,
1749 2072 1851 2134 uthis
1862 2073 1961 2132 nulla-

1182 2165 1279 2226 tenus
1296 2167 1506 2243 praesumetis
1521 2167 1634 2244 abuti;
1658 2169 1717 2230 sed
1735 2170 1960 2246 1011011111-

1184 2263 1398 2325 confusibiles
1418 2265 1565 2342 operarii
1585 2269 1665 2330 1001
1685 2266 1811 2329 Christi
1833 2267 1878 2329 its
1890 2269 1962 2328 irre·

1184 2361 1454 2438 prehensibiliter
1472 2379 1531 2425 ros
1549 2364 1689 2439 geratis,
1705 2364 1830 2442 quoda
1849 2380 1961 2426 summo

1183 2460 1440 2536 patrefamilias
1463 2461 1691 2523 retributionis
1715 2463 1890 2524 denarium
1904 2478 1963 2522 me-

1183 2558 1338 2630 reamini,
1354 2561 1387 2620 et
1399 2573 1459 2620 nos
1471 2561 1599 2636 maj0ra
1610 2559 1705 2620 vobis
1715 2560 1963 2636 possimuscom
2018 2565 2019 2616 7

1183 2656 1313 2717 mittere
1337 2657 1552 2718 confidenter.
1579 2657 1697 2718 Datum
1726 2659 1853 2730 Reate,
1879 2658 1961 2718 nouis

1183 2750 1339 2824 octobris,
1357 2751 1568 2828 pontificatus
1588 2752 1694 2813 nostri
1709 2767 1798 2814 anno
1814 2753 1946 2814 decimo.

335 2849 564 2924 compescatis.
580 2851 699 2911 batum
714 2851 828 2920 Reate,
850 2853 892 2912 lV
912 2865 1018 2912 nonas
1036 2851 1129 2912 octo-

334 2945 414 3017 bris
429 2962 516 3009 anno
532 2947 671 3010 decime.

1517 3013 1640 3100 XLVI

1242 3165 1294 3224 Ad
1321 3166 1614 3238 archiepiscopum
1633 3143 1861 3226 Viennensem
1883 3165 1915 3226 ct

1303 3264 1471 3323 decertum
1486 3259 1857 3336 crotnnopoctanmn.

1459 3393 1490 3449 ll
1507 3391 1601 3450 octob.
1618 3393 1696 3450 lttb.

1337 3515 1431 3580 [Gallia
1440 3514 1588 3574 christiana,
1599 3517 1665 3575 XVl,
1677 3515 1739 3566 inst„
1752 3515 1822 3582 doh]

1182 3631 1231 3689 llis
1246 3631 1364 3689 mandat
1386 3639 1425 3698 ut,
1442 3646 1529 3703 quam
1546 3631 1675 3688 nonnulli
1691 3633 1934 3691 canonicorumsa
1949 3645 1962 3687 1

1216 3721 1411 3778 llaurianonsi
1424 3721 1544 3778 ecclesia
1559 3735 1609 3794 pro
1625 3722 1856 3779 necessariorum
1866 3719 1962 3777 delectu

236 3847 239 3855 ·
332 3809 1123 3883 1111111111101111001101103Ρ110110110103,01111·
1217 3808 1368 3866 absentare
1390 3815 1548 3882 cogentur,
1572 3823 1675 3866 eorum
1698 3825 1852 3868 numerum
1880 3809 1960 3866 inni·

367 3915 452 3957 nores
469 3901 499 3956 in
521 3899 692 3956 biiramolini
716 3913 839 3972 regnum
859 3898 894 3956 ad
917 3899 1002 3956 tidem
1023 3899 1126 3958 Christi
1217 3904 1314 3955 nuent.

366 3987 604 4062 promulgandam
620 4003 685 4046 cum
699 3989 842 4044 nonnullis
857 3988 1024 4062 privilegiis.

681 3252 783 3336 XLV

369 3403 421 3464 Ad
440 3402 587 3464 Fratres
604 3404 858 3465 Prwdicotores
873 3403 906 3464 et
921 3405 1087 3464 Minores.

617 3543 632 3600 7
647 3541 740 3599 octob.
762 3543 841 3600 maa

443 3674 584 3740 [Sbarelca
597 3674 693 3726 bullar.
705 3675 839 3734 Francisc,
855 3677 874 3736 l,
885 3676 924 3735 it,
936 3691 962 3728 1.
972 3677 1024 3741 bb]

1220 4023 1890 4101 Honoriusepisoopus,serrasservorum
1901 4021 1960 4090 bei,

371 4125 553 4195 Honorius,
577 4125 652 4194 etc„
669 4121 828 4184 tratribus
847 4123 1125 4185 Praedicatoribus
1180 4121 1363 4183 venerabili
1388 4120 1483 4183 tratri
1510 4121 1763 4199 archiepiscopo
1792 4119 1962 4184 Viennensi

331 4225 364 4284 et
376 4221 572 4292 Minoribus,
584 4224 616 4282 et
629 4222 663 4280 in
677 4221 1125 4296 regnoMiramoliniaSede
1181 4221 1214 4280 et
1239 4219 1360 4280 dilecto
1387 4219 1457 4280 11110
1491 4219 1616 4280 decano
1653 4219 1960 4298 Gratianopolitano‚

329 4319 520 4398 apostolica
536 4318 725 4390 destinatis,
741 4318 881 4380 salutem
907 4321 939 4381 et
957 4320 1126 4396 Apostoli·
1180 4315 1330 4377 salutem.

332 4417 694 4479 cambenedictionem.
1219 4411 1429 4475 Venerabilis
1458 4412 1563 4474 trater
1595 4416 1708 4475 noster
1741 4413 1962 4491 episcopuset

370 4517 484 4577 Vineae
498 4515 628 4576 bomini
644 4514 798 4576 custodes
811 4513 1056 4575 licetimmeriti
1066 4529 1125 4590 po·
1180 4511 1292 4572 dilecti
1310 4511 1372 4570 lilii
1401 4511 1582 4588 capitulum
1603 4512 1839 4572 Maurianense
1858 4511 1961 4572 trans·

332 4614 399 4686 siti,
422 4615 455 4675 et
478 4613 633 4685 cultores,
656 4629 792 4674 necesse
813 4611 973 4672 habemus
994 4611 1028 4672 in
1051 4627 1124 4672 eam
1181 4609 1283 4670 missa
1314 4608 1410 4670 nobis
1436 4608 1594 4686 petitione
1618 4609 1864 4674 monstrarunt.
1887 4605 1960 4683 quod

331 4711 463 4773 mittere
477 4709 1048 4788 operarios,distribuendosingulis
1062 4711 1126 4770 mi·
1180 4723 1254 4766 cnm
1269 4705 1365 4766 bonae
1380 4705 1548 4766 memoriae
1563 4707 1612 4776 ln,
1629 4706 1855 4782 praedecessor
1867 4705 1961 4781 ipsius

331 4809 470 4870 nisteria
497 4808 678 4869 secundum
702 4809 876 4877 virtutem,
903 4809 1001 4884 juxta
1026 4823 1123 4884 quam
1180 4804 1337 4880 episcopi,
1350 4803 1540 4865 facultatem
1561 4801 1961 4866 Macrianensisecclesiae

330 4906 465 4968 valeant
509 4905 691 4967 officiosius
725 4907 868 4982 operari.
912 4906 1124 4966 attendentes
1179 4902 1340 4962 tenuitate
1356 4903 1507 4976 pensata,
1525 4902 1561 4961 in
1583 4916 1622 4962 ea
1639 4901 1751 4962 decem
1772 4901 1805 4962 et
1824 4902 1960 4962 octoce-

330 5005 444 5081 igitur,
466 5003 551 5082 quod
573 5003 774 5079 abnegantes
800 5019 861 5063 vos
883 5002 974 5079 ipsos
995 5003 1124 5063 animas
1180 4999 1375 5059 nonicorum
1405 5014 1579 5059 numerum
1613 4999 1803 5071 statuisset,
1834 4997 1890 5075 qui
1911 5009 1961 5071 per

329 5105 458 5167 vestras
474 5119 533 5181 pro
549 5103 679 5163 Christo
699 5117 823 5178 ponere
843 5101 975 5176 cupitis,
991 5103 1027 5162 nt
1040 5099 1124 5160 lucri
1181 5097 1373 5158 continuam
1400 5095 1616 5156 residentiam
1642 5095 1729 5156 inibi
1752 5093 1959 5162 deservirent,

329 5202 462 5264 faciatis
478 5201 541 5262 sibi
556 5201 686 5262 animas
704 5199 865 5273 aliorum3
887 5213 927 5259 eo
942 5198 1028 5274 quod
1044 5197 1123 5257 111-
1180 5195 1375 5272 promittens
1403 5195 1639 5255 canonicorum
1656 5195 1802 5270 ipsorum
1824 5191 1961 5254 redditus

330 5299 398 5361 lum
417 5299 616 5360 sacrificinm
631 5300 698 5358 Deo
712 5299 841 5358 constat
855 5312 927 5357 esse
943 5295 1122 5372 acceptius,
1179 5292 1291 5354 taliter
1306 5291 1466 5367 ampliare
1489 5291 1574 5368 quod
1594 5291 1714 5352 exinde
1738 5291 1873 5368 possent
1892 5303 1961 5349 con·

332 5413 429 5476 quam
444 5397 573 5459 lucrum
594 5410 746 5472 quaerere
765 5394 950 5455 animarum
975 5413 982 5452 :
1006 5409 1065 5454 vos
1089 5393 1123 5453 in
1179 5405 1261 5466 grue
1274 5389 1455 5450 sustentari
1468 5391 1500 5450 et
1516 5390 1673 5454 statutum
1687 5389 1876 5465 hujusmodi
1889 5385 1962 5447 luis-

330 5509 470 5571 regnum
482 5491 1125 5568 Miramolinisedisapostolicaetrans·
1179 5489 1229 5550 set
1255 5501 1314 5564 per
1338 5486 1456 5548 sedern
1481 5486 1703 5564 apostolicam
1730 5484 1959 5548 confirmatum,

331 5592 432 5655 mittit
460 5593 664 5664 auctoritas,
699 5591 735 5652 ut
761 5589 1029 5666 evangelizantes
1054 5589 1124 5649 illic
1179 5586 1258 5663 quia
1277 5585 1392 5646 eodem
1412 5584 1658 5675 praedecessore
1676 5583 1763 5644 iutra
1778 5597 1962 5644 01111131-

331 5691 506 5752 Dominnm
527 5693 641 5752 lesum
664 5688 848 5760 Christum,
875 5689 1033 5766 quantum
1053 5687 1124 5764 ipse
1179 5683 1271 5746 blato
1289 5683 1454 5744 demedio
1475 5681 1580 5758 ipsius
1595 5681 1772 5758 promissio
1785 5695 1851 5742 non
1867 5675 1960 5756 potnit
