4036 6330
290 339 352 398 791·

289 497 377 576 parti
392 492 644 574 exceptionibus
664 491 729 554 sibi
744 489 1016 568 competentibus,
1034 489 1086 552 la-

289 595 386 656 ctatis
401 593 493 655 litem
507 590 596 653 intra
611 590 694 652 duos
710 604 840 650 menses
856 589 930 665 post
944 603 1084 664 suscep-

287 693 411 755 tionem
436 688 648 766 praesentium
673 702 785 748 coram
808 685 902 746 vobis
937 685 1085 761 legitime

892 318 1083 394 'nonoan
1105 333 1151 394 111
1171 333 1320 394 oense.

1876 331 1930 394 792

1139 473 1235 552 tenus
1261 491 1337 553 illos
1363 491 1420 569 qui
1443 491 1673 581 possessiones
1699 490 1753 552 vel
1778 505 1843 562 res,
1874 505 1929 552 seu

1139 588 1253 650 domos
1268 589 1504 665 praedictorum
1519 589 1677 662 iratrum,
1693 589 1746 650 vel
1762 588 1929 649 bominum

1139 701 1275 748 suorum
1292 686 1516 750 irreverenter
1528 686 1725 760 invaserint,
1743 685 1803 748 aut
1821 701 1862 747 ea
1880 686 1929 744 in·

288 787 478 858 contestari,
491 801 530 847 ac
543 787 674 847 demum
685 785 721 845 in
734 799 836 844 causa
851 782 924 860 ipsa
937 782 1084 857 legitime
1134 783 1225 859 juste
1249 783 1463 852 detinuerint,
1489 800 1562 862 quae
1587 784 1753 861 praedictis
1775 781 1929 844 iratribus

287 885 514 964 procedentes
524 882 722 954 eamdem,si
731 882 842 959 partes
854 880 1085 941 consenserint

287 983 353 1044 line
368 982 477 1042 debito
499 980 703 1054 terminetis;
720 979 881 1056 alioquin,
898 993 971 1038 eam
987 976 1084 1038 suili-

258 1065 414 1142 *cienter
437 1077 634 1138 instructam
657 1075 698 1136 ad
723 1075 872 1136 nostrum
905 1073 1084 1135 remittatis

286 1191 439 1246 examen,
477 1173 684 1250 praefigentes
720 1171 870 1250 partibus
904 1171 1082 1232 terminum

289 1272 540 1350 competentem,
560 1287 624 1346 quo
640 1285 699 1346 per
714 1285 760 1338 se,
779 1269 832 1330 vel
847 1285 906 1346 per
921 1284 1083 1344 procura-

289 1371 380 1432 tores
395 1369 533 1430 idoneos
548 1367 661 1428 nostro
682 1381 717 1427 se
739 1366 930 1442 conspectui
954 1381 1083 1441 reprae-

195 1491 204 1498 ·
288 1467 430 1538 sentent,
450 1466 576 1543 justam
601 1463 699 1526 dante
723 1464 861 1525 Domino
885 1463 1084 1524 sententiam

288 1565 464 1640 recepturi.
481 1563 571 1634 Quod
593 1562 624 1622 si
641 1577 708 1623 non
727 1577 853 1633 omnes,
877 1561 939 1621 etc.
964 1561 1083 1622 Datum

287 1661 455 1734 Laterani,
469 1663 512 1722 Vi
526 1659 687 1722 kalendas
701 1659 823 1732 martii,
840 1674 929 1720 anno
942 1673 1041 1720 nono.

601 1935 774 2024 LXXXV

308 2093 359 2151 Ad
382 2089 636 2164 sirpeioertnm,
650 2090 946 2161 arcateptscopam
968 2089 1064 2148 Coto·-

395 2188 561 2255 nienscm,
578 2185 611 2244 et
626 2184 867 2258 suffraganeos
883 2184 968 2254 ejus.

542 2313 577 2372 25
596 2311 731 2371 februarii
750 2313 828 2371 itit.

308 2439 385 2504 [lion
396 2453 462 2503 pour
473 2437 552 2488 servir
563 2439 579 2488 i
591 2437 714 2488 l'bistoire
729 2438 772 2566 d2es
782 2435 915 2502 provinces
924 2435 955 2486 de
964 2437 1067 2494 Nemus,

575 2517 606 2576 ll,
619 2532 637 2576 ι,
650 2517 689 2577 27,
701 2531 727 2568 n.
754 2517 793 2581 0.]

285 2625 401 2684 Mandat
419 2632 450 2681 ut
468 2625 531 2682 illos
550 2625 597 2696 qui
611 2625 820 2698 possessiones,
836 2637 893 2691 res,
909 2621 1012 2681 domus
1032 2623 1080 2679 ab·

319 2712 394 2770 batis
408 2712 443 2770 de
458 2713 645 2782 camberone,
661 2711 857 2770 cisterciensis
871 2711 990 2780 ordinis,
1007 2711 1083 2767 inve·

320 2803 409 2859 serint
420 2802 724 2859 excommunicationis
734 2799 875 2858 sententia
887 2799 1053 2873 percellent.

324 2937 493 2998 Honorius
504 2938 689 3014 episcopus,
701 2952 817 2998 servus
828 2949 1000 2998 servorum
1009 2935 1081 3006 Dei,

179 3105 183 3110 ⁸
284 3035 469 3096 venerabili
494 3034 590 3096 tratri
618 3035 869 3111 archiepiscopo
903 3033 1082 3094 Colonien-

284 3131 332 3203 si,
355 3134 434 3200 etc.,
460 3133 600 3194 salutem
625 3133 657 3194 et
680 3131 902 3208 apostolicam
924 3130 1083 3192 benedic-

288 3229 425 3290 tionem.
486 3215 491 3223 ’
557 3214 560 3222 ’

327 3327 402 3386 Non
431 3323 554 3401 absque
580 3323 694 3385 dolore
721 3323 846 3395 cordis,
878 3323 910 3384 et
938 3323 1083 3400 plurima

288 3422 478 3484 turbatione
492 3421 679 3492 didicimus
699 3422 784 3499 quod
800 3423 847 3483 ita
861 3421 896 3482 in
915 3421 1083 3499 plerisque

287 3520 436 3597 partibus
460 3520 688 3582 ecclesiastica
711 3535 853 3581 censura
877 3519 1081 3591 dissolvitur,

287 3619 321 3679 et
340 3618 509 3679 canonicae
525 3617 698 3678 sententiae
714 3615 875 3678 severitas
892 3617 1080 3688 enervatur,

286 3716 323 3777 ut
336 3715 401 3778 viri
415 3713 563 3790 religiosi
577 3715 609 3776 et
623 3713 658 3774 hi
672 3715 827 3782 maxime.
845 3715 900 3791 qui
914 3729 974 3790 per
987 3715 1081 3774 Sedis

284 3812 482 3888 Apostolicae
505 3811 692 3888 privilegia,
719 3811 838 3888 majori
862 3811 975 3873 donati
1005 3811 1082 3871 sunt

285 3908 450 3980 libertate,
474 3909 598 3985 passim
616 3923 636 3970 a
657 3908 925 3970 malefactoribus
942 3908 1012 3970 suis
1027 3908 1083 3968 in-

282 4007 391 4082 jurias
407 4007 594 4068 sustineant
609 4006 641 4067 et
654 4007 802 4082 rapinas,
821 4006 897 4067 dum
910 4007 968 4066 vix
982 4006 1080 4066 inve-

287 4104 388 4175 nitur,
410 4102 467 4179 qui
489 4117 636 4178 congrua
656 4103 723 4163 illis
742 4103 940 4180 protectioni
961 4103 1082 4164 subve-

289 4201 372 4273 niat,
387 4201 429 4272 et,
446 4215 506 4276 pro
519 4199 659 4262 fovenda
676 4215 858 4276 pauperum
877 4201 1078 4273 innocentia,

286 4313 470 4362 sensurum
488 4296 692 4360 detensionis
708 4299 862 4373 opponat.
885 4298 1081 4374 specialiter

286 4399 397 4460 autem
420 4395 533 4458 dilecti
560 4395 621 4456 lilii
645 4393 746 4456 abbas
774 4396 806 4457 et
831 4397 1012 4457 conventus
1041 4395 1080 4456 de

286 4495 501 4566 camberone,
525 4493 756 4556 Cisterciensis
781 4493 919 4560 ordinis.
945 4496 1013 4555 tam
1039 4493 1079 4554 de

285 4592 513 4670 frequentibus
537 4592 671 4669 injuriis
696 4604 793 4668 quam
816 4591 856 4652 de
878 4591 949 4667 ipso
970 4591 1080 4667 quoti-

284 4695 384 4754 diano
409 4694 539 4755 delectu
557 4693 696 4770 justitiae
720 4694 972 4770 conquerentes,
998 4692 1077 4753 uni-

285 4791 476 4854 versitatem
491 4793 636 4852 vestram
656 4790 776 4852 litteris
793 4791 961 4868 petierunt
973 4795 1080 4867 Apos-

282 4890 393 4952 tolicis
409 4887 560 4958 excitari,
577 4889 613 4949 ut
628 4887 674 4950 ita
689 4889 845 4950 videlicet
858 4889 907 4948 eis
922 4888 958 4948 in
972 4887 1080 4949 tribu-

283 4985 465 5050 lationibus
487 4983 557 5046 suis
579 4986 694 5046 contra
717 4984 947 5046 malefactores
963 5000 1078 5046 eorum

283 5085 436 5163 prompta
462 5080 609 5144 debeatis
637 5083 911 5156 magnanimitate
939 5098 1080 5143 consur·

283 5199 373 5260 gere,
391 5181 477 5259 quod
499 5179 541 5242 ab
560 5179 734 5254 angustiis,
752 5195 834 5257 quas
859 5181 1023 5242 sustinent
1047 5180 1080 5240 et

282 5279 460 5358 pressuris
471 5279 580 5340 vestro
592 5275 721 5354 possint
731 5277 885 5353 praesidio
898 5279 1076 5354 respirare.

282 5378 442 5450 Quocirca
459 5375 669 5438 universitati
681 5377 799 5438 vestrae
815 5391 875 5452 per
887 5378 1077 5452 Apostolioa

283 5475 406 5552 scripta
432 5475 627 5536 mandamus
643 5475 741 5551 atque
756 5473 978 5552 praecipimus,
996 5489 1079 5550 qua-

1139 896 1182 940 ex
1210 881 1407 942 testamento
1437 881 1666 942 decedentium
1686 880 1927 957 relinquuntur,

1139 993 1198 1038 sen
1213 978 1248 1038 in
1261 978 1352 1056 ipsos
1368 979 1487 1039 fratres
1498 983 1614 1040 contra
1625 975 1825 1054 Apostolicae
1839 976 1929 1036 Sedis

1140 1074 1267 1135 indulta
1292 1075 1490 1136 sententiam
1506 1073 1859 1136 excommunicationis
1877 1073 1930 1133 aut

1139 1172 1306 1234 interdicti
1335 1173 1608 1250 praesumpserint
1631 1171 1853 1258 promulgare,
1880 1169 1929 1230 vel

1140 1269 1284 1330 decimas
1303 1269 1455 1331 laborum
1470 1270 1511 1330 de
1525 1269 1793 1348 possessionibus
1809 1266 1929 1328 habitis

1139 1369 1216 1429 ante
1241 1368 1423 1428 Concilium
1445 1367 1614 1446 generale,
1640 1383 1699 1428 seu
1721 1366 1929 1427 nutrimentis

1138 1465 1304 1540 ipsorum,
1330 1465 1450 1542 spretis
1478 1465 1676 1542 Apostolicae
1706 1464 1802 1525 Sedis
1828 1462 1929 1540 privi-

1140 1561 1237 1638 legiis
1259 1563 1469 1640 extorquere,
1492 1561 1674 1626 monitione
1695 1561 1878 1638 praemissa,
1903 1560 1927 1620 si

1139 1659 1217 1720 laici
1230 1659 1363 1732 fuerint,
1381 1659 1511 1736 publice
1531 1660 1678 1720 candelis
1693 1659 1857 1730 accensis,
1874 1673 1930 1719 ex-

1139 1757 1451 1820 communicationis
1475 1759 1639 1820 sententia
1665 1756 1873 1834 percellatis;
1903 1755 1929 1816 si

1139 1871 1218 1916 vero
1236 1856 1326 1928 laici,
1340 1855 1394 1918 vel
1409 1856 1560 1918 canonici
1582 1855 1765 1932 regulares,
1783 1869 1844 1915 seu
1863 1869 1929 1914 mo-

1139 1951 1239 2012 nachi
1263 1950 1398 2023 luerint,
1418 1969 1476 2012 eos
1498 1951 1720 2029 appellatione
1741 1950 1871 2011 remota
1891 1947 1928 2009 ab

1140 2048 1250 2114 osticio
1279 2050 1312 2110 et
1339 2047 1501 2111 beneficio
1529 2048 1749 2125 suspendatis,
1780 2049 1927 2108 neutram

1139 2147 1324 2209 relaxaturi
1340 2147 1549 2217 sententiam,
1566 2146 1670 2208 donec
1686 2145 1856 2222 praedictis
1872 2146 1929 2205 lra-

1139 2243 1246 2305 tribus
1283 2244 1432 2322 plenarie
1461 2243 1670 2306 satisfaciant
1696 2244 1730 2305 et
1758 2244 1828 2304 tam
1856 2241 1929 2302 laici

1139 2356 1237 2417 quam
1264 2341 1378 2404 clerici
1406 2342 1599 2414 saeculares,
1622 2341 1679 2418 qui
1704 2357 1764 2420 pro
1786 2339 1927 2402 violenta

1139 2453 1298 2500 manuum
1326 2439 1521 2516 injectione,
1552 2439 1775 2501 anathematis
1799 2437 1927 2500 vinculo

1139 2535 1263 2598 luerint
1286 2537 1453 2608 innodati,
1478 2553 1551 2598 cum
1578 2537 1758 2598 dioecesani
1787 2534 1926 2614 episcopi

1139 2632 1260 2695 litteris
1272 2634 1313 2695 ad
1328 2633 1444 2696 Sedem
1457 2634 1680 2711 apostolicam
1692 2634 1877 2705 venientes,
1891 2633 1926 2694 ab

1139 2731 1412 2794 eodemvinculo
1444 2733 1634 2794 mereantur
1660 2730 1798 2792 absolvi.
1829 2731 1926 2793 villas

1139 2829 1250 2890 autem
1260 2829 1295 2890 in
1307 2828 1425 2910 quibus
1436 2828 1521 2890 bona
1532 2829 1766 2907 praedictorum
1780 2828 1923 2899 fratrum,

1138 2927 1191 2988 vel
1202 2927 1372 2988 bominum
1382 2943 1517 2988 suorum
1526 2943 1586 3003 per
1594 2927 1787 2988 violentiam
1800 2926 1925 2988 detenta

1138 3023 1272 3097 inerint,
1299 3024 1456 3102 quamdiu
1479 3024 1526 3084 ibi
1551 3027 1639 3094 sunt,
1655 3023 1826 3085 interdicti
1851 3039 1924 3084 sen-

1137 3121 1250 3184 tentiae
1275 3122 1480 3199 supponatis.
1503 3123 1622 3184 Datum
1644 3121 1812 3193 Laterani,
1828 3121 1926 3181 Vlia-

1139 3217 1255 3280 lendas
1290 3220 1420 3292 martii,
1455 3219 1667 3296 pontificatus
1706 3219 1813 3280 nostri
1845 3231 1924 3280 auno

1138 3333 1237 3381 ncnc.

1438 3558 1633 3646 LXXXVI

1261 3712 1313 3770 Act
1327 3713 1523 3785 episcopam
1539 3710 1804 3785 Artscrtenscm.

1396 3839 1431 3897 25
1445 3838 1580 3897 februarii
1596 3840 1674 3899 12²5.

1199 3961 1329 4028 [Theium.
1338 3963 1430 4015 Vetera
1442 3965 1555 4014 Manum.
1571 3963 1750 4026 ilibernorum,
1762 3963 1802 4022 Ἀ,
1817 3963 1865 4028 itt]

1136 4088 1169 4145 Ei
1181 4086 1311 4144 concedit
1324 4087 1398 4145 utde
1406 4087 1633 4146 dioecesanorum
1644 4088 1758 4147 licentia
1770 4087 1922 4164 pontilicale

1339 4177 1428 4250 possit
1440 4175 1566 4234 cilicium
1580 4192 1724 4235 exercere.

1176 4302 1918 4380 Honoriusepiscopus,servusservorumbei,

1135 4400 1320 4465 venerabili
1354 4401 1449 4463 tratri
1476 4404 1550 4474 E...,
1575 4401 1729 4479 episcopo
1765 4401 1920 4479 quondam

1134 4497 1342 4571 Artlertensi,
1365 4498 1505 4565 salutem
1527 4501 1560 4562 et
1580 4500 1805 4576 apostolicam
1826 4501 1920 4562 bene·

1135 4595 1324 4658 dictionem.

1174 4695 1255 4756 Cum
1272 4693 1498 4770 episcopatum
1517 4692 1755 4756 Artlertensem
1770 4695 1807 4756 in
1822 4693 1921 4756 mani-

1133 4790 1194 4852 bus
1207 4791 1330 4852 nostris
1343 4790 1489 4852 cedendo
1502 4789 1586 4861 loco,
1602 4806 1669 4850 non
1684 4791 1813 4864 ordine,
1829 4807 1921 4869 spon-

1133 4891 1250 4950 taneus
1270 4888 1465 4964 resignatis,
1487 4888 1700 4963 praesentium
1721 4889 1782 4951 tibi
1809 4889 1918 4950 aucto-

1134 4987 1232 5048 ritate
1267 4985 1488 5058 concedimus,
1520 4986 1557 5047 ut
1587 4985 1628 5047 de
1661 4987 1918 5050 dioecesanorum

1134 5083 1468 5159 licentiapontiticale
1478 5083 1587 5160 possis
1597 5083 1742 5146 osticium
1756 5099 1916 5154 exercere,

1134 5198 1208 5243 cum
1235 5181 1339 5244 literis
1367 5180 1559 5258 requisitus.
1593 5182 1686 5242 Nulli
1721 5198 1813 5259 ergo,
1849 5187 1915 5250 etc,

1134 5281 1256 5342 nostrae
1281 5277 1518 5345 concessionis,
1535 5281 1596 5340 etc.
1622 5281 1657 5340 Si
1679 5281 1765 5356 quie,
1782 5283 1844 5344 etc.
1860 5283 1918 5340 Da-

1132 5381 1202 5440 tum
1225 5375 1391 5449 Laterani,
1416 5377 1444 5436 V
1464 5375 1625 5438 kalendas
1647 5378 1770 5452 martii,
1794 5375 1918 5457 pontiti-
1997 5443 1998 5446 Ἴ

1134 5473 1559 5539 catusnostriannonono.
1997 5495 1998 5514 κ
