4104 6330
261 319 323 380 239

262 477 372 540 locum
404 477 506 543 91199
531 477 613 539 illnd
644 479 773 556 oportet
795 479 835 542 de
858 480 1057 543 necessitate

260 575 447 648 transferri,
469 591 530 636 nec
552 577 593 638 ad
617 576 650 636 id
673 577 836 639 dictarum
860 577 1055 639 monialium

261 673 430 735 9911191991
452 657 663 736 ⁴facultates:
695 676 953 738 Universitatem
981 692 1058 738 ves-

260 771 345 832 tram
357 787 540 844 monemus,
553 773 730 834 exorantes
743 774 777 834 in
790 773 942 846 Domino,
956 775 1056 851 atque

259 868 550 930 inremissionem
581 869 674 930 vobis
703 870 907 947 injungimus
931 887 1054 948 pecca-

260 968 381 1038 19999,
408 967 581 1043 quatenus,
608 984 710 1044 quum
741 982 858 1030 eorum
882 969 991 1030 nuntii
1015 969 1055 1030 ad

259 1079 320 1127 vos
335 1066 537 1126 accesserint
555 1068 690 1141 propter
705 1065 767 1128 hoc
788 1065 950 1126 beneficia
972 1067 1057 1143 peti-

258 1161 337 1234 1991,
354 1161 395 1223 (19
413 1161 544 1224 bonisa
564 1163 704 1225 Domino
726 1161 820 1224 vobIs
836 1163 967 1224 collatis
983 1165 1056 1240 pias

259 1259 500 1337 eleemosynas,
513 1260 546 1322 et
560 1262 654 1336 grata
667 1262 717 1322 919
731 1261 883 1322 999119119
908 1259 1056 1322 99191119

260 1358 416 1434 erogetis,
439 1360 474 1418 ut
493 1374 552 1434 per
569 1358 820 1419 subventionem
835 1360 979 1420 vestram
998 1359 1054 1435 ip-

260 1471 373 1516 sarum
389 1455 510 1531 inopiae
533 1456 736 1526 consulatur,
758 1456 791 1516 et
809 1472 869 1516 vos
889 1471 948 1531 per
970 1456 1052 1527 haec,

260 1553 373 1614 atalia
388 1553 486 1624 bona,
498 1568 571 1630 quae
582 1553 721 1614 Domino
737 1554 923 1630 inspirante
936 1553 1056 1615 seceri-

259 1651 303 1711 tis
313 1650 353 1710 ad
364 1651 483 1725 gandia
496 1650 785 1728 perveniatisNos
797 1650 884 1712 enim
895 1651 935 1712 de
948 1652 1056 1712 omni-

197 1757 204 1764 ·
259 1749 404 1825 potentis
419 1749 477 1808 Dei
491 1748 733 1816 misericordia,
750 1750 783 1810 et
801 1748 974 1810 beatorum
986 1752 1053 1810 Pe-

258 1844 303 1906 tri
326 1845 360 1905 et
387 1845 484 1905 Pauli
508 1844 734 1920 apostolorum
757 1849 831 1922 ejus
855 1846 1054 1907 auctoritate

259 1942 387 2014 contisi,
401 1943 544 2020 quinque
555 1943 626 2004 dies
639 1943 679 2004 de
691 1944 838 2019 injuncta
851 1943 915 2004 sibi
931 1941 1033 2022 [sorte
1044 1961 1055 2003 .·

258 2039 380 2120 9911191,
398 2041 431 2102 91
450 2041 532 2101 devo
548 2057 566 2101 9
587 2043 741 2118 suscepta
761 2041 968 2116 poenitentia,
992 2041 1056 2100 91-

261 2137 475 2199 sericorditer
503 2139 706 2199 relaxamus.
737 2139 856 2200 Datum
884 2139 1053 2211 Laterani,

259 2235 358 2296 nonis
380 2235 581 2308 novembris,
604 2215 816 2313 pontificatus
839 2237 945 2298 nostri
966 2251 1055 2298 anno

260 2333 413 2410 septimo.

588 2565 722 2652 XVIII

258 2717 310 2777 Ad
330 2717 488 2790 priorem
518 2717 637 2778 Sancti
662 2717 829 2777 19991991
857 2715 891 2777 91
918 2719 1053 2792 999919-

413 2814 509 2875 trum
523 2813 670 2876 Peterem
685 2817 897 2874 cartonicnm.

525 2944 542 3002 o
559 2944 693 3002 novemb.
708 2945 786 3002 1211.

393 3068 470 3132 [Β911.
484 3067 650 3126 liomen.‚ed.
666 3069 752 3124 leur..
766 3067 817 3129 lll,.
831 3082 848 3118 n
865 3067 917 3130 ot]

259 3184 407 3244 ,1119919119
422 3183 769 3240 abexcommunicationis
779 3185 920 3240 sententia
936 3183 1051 3253 civitati,

294 3281 323 3329 et
341 3273 446 3344 populo
464 3271 585 3330 Lucanis
609 3271 660 3328 991)
674 3273 759 3328 cerlis
776 3270 984 3329 conditionibus
997 3273 1053 3329 im·

295 3360 457 3434 pendenda.

299 3485 970 3563 Honoriusepiscopus,servusservorum
981 3485 1051 3558 liei,

260 3584 446 3646 venerabili
470 3583 564 3645 fratri
589 3584 755 3661 99199999,
777 3585 809 3645 91
833 3583 1054 3646 (11199119111119

260 3681 365 3759 priori
391 3682 501 3742 Sancti
528 3681 695 3752 Frediani,
725 3681 757 3742 et
780 3682 938 3756 magistro
956 3681 1054 3743 Petro

262 3779 425 3842 canonico
451 3779 606 3852 Lucanis,
631 3777 770 3839 salutem
792 3779 1055 3855 etApostolicam

261 3876 535 3939 benedictionem.
604 3889 607 3894 ·

302 3977 396 4035 Laesa
410 3973 488 4034 olim
499 3973 636 4035 libertas
645 3973 899 4036 ecclesiasticae
912 3975 1055 4036 Lucanis

261 4071 443 4132 enormiter
455 4071 495 4130 ad
507 4071 646 4147 justitiae
661 4072 853 4147 praesidium
869 4072 1054 4148 lacrymosa

262 4168 426 4244 confugit,
451 4171 596 4239 91999,
629 4168 665 4228 ut
692 4183 788 4228 suum
813 4168 1057 4230 9111999199991

261 4267 437 4337 auxilium,
453 4263 655 4342 imploravit,
671 4281 743 4341 quae
756 4266 954 4341 importune,
969 4265 1055 4342 apud

260 4381 322 4427 nos
346 4380 405 4441 999
426 4362 575 4440 eJusdem
600 4361 791 4423 defensione
813 4362 976 4424 libertatis
999 4364 1056 4423 in-

261 4463 397 4542 sistens,
422 4477 462 4523 99
490 4459 691 4522 necessariis
717 4460 922 4536 argumentis
940 4461 1055 4522 osteu-

261 4561 342 4622 dens
358 4577 394 4621 se
408 4559 484 4620 laedi
501 4558 658 4634 graviter,
675 4557 703 4618 si
716 4558 883 4634 praedictae
896 4574 963 4618 non
978 4574 1056 4635 pro-

261 4673 476 4735 sequeremur
503 4657 659 4733 injuriam
686 4655 860 4728 1119919119,
882 4655 922 4717 (19
946 4656 1056 4733 rigore

261 4755 393 4818 tandem
413 4755 501 4830 juris
521 4753 673 4825 obtinuit,
692 4755 728 4815 ut
740 4751 930 4814 eorumdem
943 4754 1055 4814 Luca·

260 4849 1056 4928 norumtemeritatemseveritatedebitapunire·

260 4949 466 5012 mus.Coacti
480 4963 559 5023 ergo
574 4964 593 5008 a
605 4950 693 5025 jure,
708 4949 932 5024 processimus
941 4949 1055 5010 contra

260 5049 349 5122 illos,
360 5045 689 5108 excommunIcantes
701 5045 893 5107 Parentium
906 5046 984 5108 tunc
999 5061 1057 5108 99-

261 5163 335 5212 999
351 5143 546 5223 9919919199
574 5144 608 5204 91
632 5142 818 5214 consilium,
843 5158 971 5204 necnon
984 5159 1057 5204 orn-

261 5261 333 5316 nes,
358 5243 414 5320 qui
429 5241 581 5303 eumdem
598 5241 790 5301 Parentium
814 5255 874 5317 pro
894 5241 1056 5316 potestate

260 5344 423 5412 tenerent,
450 5341 483 5401 et
503 5340 671 5403 civitatem
695 5341 862 5398 Lucanam
878 5337 1056 5400 ecclesias-

260 5441 327 5505 1199
356 5438 531 5500 interdicto
561 5437 796 5513 supponentes.
817 5435 883 5512 Ipsi
908 5435 1053 5507 tandem,

260 5541 419 5616 tanquam
436 5535 478 5596 de
497 5551 557 5596 sua
582 5533 689 5594 salute
707 5548 746 5592 ac
764 5531 890 5593 honore
908 5532 1052 5604 solliciti,

230 5707 233 5712 ,
263 5634 470 5699 attendentes
485 5631 633 5714 auditum
650 5646 716 5692 non
728 5627 830 5690 luisse
846 5645 864 5690 a
882 5629 1004 5692 saeculo
1015 5629 1055 5691 de

878 320 1054 382 HONORII
1077 321 1126 380 ln
1143 321 1290 382 OPERA.

1846 325 1907 386 240

1113 480 1267 552 Lucanis,
1298 479 1385 556 quod
1423 481 1694 545 ecclesiasticam
1718 480 1907 562 libertatem

1111 573 1345 650 deprimerent,
1358 591 1456 653 quam
1468 578 1753 640 velutdevotionis
1766 578 1829 639 dlii
1837 594 1907 655 prae

1112 673 1243 733 caeteris
1265 673 1508 750 circumpositis
1524 675 1654 752 populis
1667 675 1861 737 extulerant
1874 678 1908 738 91

1111 771 1297 840 servarant,
1314 770 1355 830 ad
1371 786 1439 838 cor,
1456 771 1641 834 recedendo
1656 771 1697 833 ab
1711 772 1908 834 immutante

1110 864 1194 926 illud
1210 866 1349 937 malitia,
1371 867 1561 940 redeuntes,
1579 870 1611 931 91
1625 884 1707 930 9999
1723 869 1776 928 991
1789 869 1907 930 99991-

1110 962 1167 1034 119,
1193 977 1367 1034 recurrere
1393 964 1435 1025 ad
1455 965 1694 1027 misericordias
1722 965 1908 1026 remedium
1975 953 1983 960 ’

1111 1058 1339 1122 decreverunt.
1358 1061 1407 1122 Ad
1428 1077 1502 1122 eam
1516 1062 1619 1138 igitur
1634 1063 1676 1124 de
1690 1062 1909 1124 tribulatione

1111 1156 1303 1229 9191999199,
1317 1158 1354 1219 91
1365 1173 1422 1218 999
1436 1158 1581 1235 99199991
1592 1159 1633 1220 de
1642 1160 1712 1220 suis
1726 1160 1911 1222 necessita·

1110 1251 1210 1324 tibus,
1233 1254 1269 1314 in
1293 1270 1375 1332 quas
1395 1255 1487 1331 19999
1502 1256 1671 1330 suggestio
1686 1256 1835 1332 maligna
1849 1257 1909 1317 in-

1110 1348 1264 1420 duxerat,
1293 1352 1512 1426 postularnnt,
1539 1351 1716 1414 obtinendo
1746 1353 1913 1414 duntaxat

1109 1446 1203 1522 ipsis,
1223 1447 1309 1524 quod
1336 1447 1385 1508 eis
1410 1449 1451 1509 ad
1473 1450 1711 1526 percutientem
1735 1466 1771 1511 se
1798 1451 1910 1511 redire

1111 1542 1219 1616 liceat,
1247 1545 1280 1606 et
1303 1560 1322 1606 a
1344 1544 1558 1607 vulneratore
1573 1547 1625 1606 sui
1643 1561 1738 1623 opem
1753 1547 1907 1608 vulneris

1108 1641 1302 1722 implorare.
1335 1642 1395 1703 llla
1432 1644 1542 1718 itaque
1571 1659 1630 1720 pro
1658 1645 1802 1706 Lucanis
1824 1659 1906 1720 pro·

1110 1739 1252 1813 ponente
1274 1738 1440 1815 praeiatis,
1469 1739 1555 1816 quod
1584 1757 1658 1802 cum
1687 1741 1907 1816 999999911-

1111 1834 1176 1896 1199
1203 1835 1294 1896 vices
1318 1836 1483 1907 19199919,
1510 1837 1566 1913 qui
1589 1837 1723 1913 praefert
1738 1837 1906 1899 sacrificio

1110 1931 1279 2008 pietatem,
1303 1933 1336 1994 91
1362 1949 1462 2008 quum
1477 1934 1636 1996 irascitur
1650 1949 1715 1996 non
1733 1935 1908 1996 oblivisci-

1110 2031 1165 2088 tur
1189 2029 1353 2101 misereri,
1379 2045 1447 2092 non
1463 2031 1653 2108 poteramus
1668 2032 1905 2108 poenitentibus

1110 2127 1243 2187 veniam
1267 2126 1449 2202 denegare;
1474 2129 1622 2190 converti
1647 2145 1736 2190 nunc
1761 2130 1804 2190 ad
1828 2129 1905 2190 11199

1111 2225 1262 2298 cogimur
1276 2241 1312 2286 se
1327 2225 1368 2285 ad
1385 2240 1444 2286 nos
1462 2225 1633 2288 humiliter
1656 2229 1903 2299 convertentes,

1110 2321 1217 2382 91919
1248 2321 1289 2382 ad
1315 2337 1376 2384 nos
1409 2322 1625 2394 redeuntibus
1654 2323 1787 2400 pietatis
1824 2340 1907 2400 gre-

1109 2417 1212 2480 mium
1227 2419 1370 2494 aperire.
1393 2420 1498 2491 Quum
1518 2421 1621 2495 igitur
1635 2421 1732 2488 sicut,
1748 2420 1784 2483 tu
1799 2420 1907 2482 irater

1109 2515 1275 2590 episcope,
1299 2529 1339 2576 99
1362 2514 1473 2578 919999
1496 2519 1651 2578 Lucanus
1667 2518 1788 2578 vestris
1809 2518 1906 2580 nobis

1108 2611 1228 2672 litteris
1244 2611 1436 2685 intimastis,
1451 2613 1576 2676 eisdem
1594 2615 1738 2676 Lucanis
1750 2613 1908 2692 benepla-

1111 2707 1185 2770 citis
1205 2713 1238 2770 et
1255 2709 1420 2771 mandatis
1435 2711 1558 2772 nostris
1574 2711 1748 2787 9119991119,
1761 2712 1904 2775 (11199199

1110 2805 1198 2866 tilius
1213 2803 1333 2866 nobilis
1343 2806 1395 2866 vir
1410 2807 1612 2868 Prudentius
1621 2811 1904 2883 potcstaseorum,

1109 2902 1165 2979 qui
1191 2901 1232 2962 de
1254 2903 1446 2965 sinceritate
1468 2904 1653 2966 devotionis
1679 2914 1712 2966 et
1731 2906 1809 2966 fidei
1823 2923 1844 2966 a
1859 2909 1903 2980 19,

1110 2998 1274 3076 episcope,
1285 2999 1421 3062 acclero
1430 3001 1599 3078 praedicte,
1612 3002 1698 3064 unde
1708 3003 1903 3079 gaudemus,

1109 3096 1289 3170 plurimum
1323 3099 1582 3183 commendatur,
1617 3101 1650 3162 et
1681 3101 1833 3164 nonnulli
1862 3118 1907 3162 ex

1109 3192 1191 3269 ipsis
1209 3194 1250 3254 (19
1275 3195 1392 3256 stando
1408 3197 1574 3258 mandatis
1597 3198 1720 3258 nostris
1735 3199 1906 3274 praestite-

1110 3290 1178 3351 rint
1204 3293 1449 3368 juramontum,
1480 3293 1673 3355 discretioni
1701 3297 1820 3357 vestrae
1845 3312 1908 3372 per

1109 3388 1299 3463 Apostolica
1321 3390 1445 3466 9991919
1470 3390 1676 3463 mandamus,
1698 3395 1861 3468 quatenus
1884 3409 1907 3454 a

1109 3485 1253 3546 residuis
1266 3486 1430 3558 omnibus,
1448 3487 1549 3548 simili
1556 3491 1746 3564 iuramento
1759 3493 1904 3566 recepto,

1109 3582 1169 3653 eis,
1188 3583 1244 3658 qui
1262 3586 1604 3646 excommunicatione
1619 3587 1785 3658 tenentur,
1803 3587 1906 3648 abso-

1110 3677 1247 3740 lutionis
1263 3679 1459 3742 beneficium
1473 3681 1684 3759 impendatis,
1702 3686 1734 3746 et
1747 3685 1907 3746 relaxetis

1110 3777 1307 3839 sententiam
1321 3778 1500 3840 interdicti.
1515 3780 1597 3850 Quia
1609 3796 1687 3842 vero
1703 3782 1838 3857 dignum
1854 3783 1907 3843 est

1110 3877 1146 3934 ut
1159 3873 1257 3934 iidem
1271 3875 1397 3936 Lucani
1413 3875 1453 3936 ad
1468 3876 1707 3940 exaltationem
1724 3879 1756 3940 et
1768 3894 1908 3940 conser-

1110 3970 1275 4032 vationem
1289 3972 1525 4033 ecclesiasticae
1542 3973 1705 4036 libertatis
1721 3975 1904 4047 intendant,

1110 4083 1209 4142 quam
1247 4067 1433 4143 deprimere
1464 4070 1665 4142 nitebantur,
1691 4072 1843 4133 volumus
1871 4075 1908 4134 et

1110 4163 1317 4238 mandamus,
1334 4166 1419 4241 quod
1441 4167 1607 4230 absolutio
1636 4172 1909 4231 excommunica-

1110 4261 1222 4334 tionis,
1246 4263 1279 4322 et
1297 4263 1465 4326 interdicti
1490 4265 1655 4328 sententia
1676 4266 1826 4328 relaxata
1843 4267 1907 4328 sub

1110 4357 1219 4420 debito
1226 4360 1407 4435 juramenti
1420 4375 1462 4420 ex
1473 4362 1568 4438 parte
1580 4365 1704 4435 nostra,
1717 4364 1818 4424 salvis
1826 4364 1907 4425 aliis

1110 4456 1275 4517 mandatis
1289 4457 1425 4529 nostris,
1439 4458 1620 4535 injungatis
1636 4460 1772 4533 eisdem,
1787 4463 1822 4524 91
1835 4465 1909 4523 919-

1109 4552 1179 4614 1919
1191 4555 1302 4614 99919
1313 4555 1347 4616 91
1361 4557 1628 4625 consuetudines,
1643 4575 1717 4635 quae
1731 4559 1906 4621 9991999-

1110 4650 1161 4711 tra
1190 4652 1450 4713 ecclesiasticam
1484 4653 1682 4727 libertatem,
1715 4661 1748 4718 et
1781 4657 1908 4734 quibus

1110 4749 1301 4822 999991919,
1340 4753 1373 4812 91
1409 4751 1639 4827 imperialibus
1677 4754 1908 4816 sanctionibus

1111 4845 1288 4923 derogatur
1301 4849 1432 4925 penitus
1446 4853 1613 4922 revocent,
1626 4852 1718 4913 91919
1731 4853 1772 4914 (19
1783 4853 1907 4916 caetero

1110 4959 1175 5004 non
1201 4947 1347 5016 utantur,
1372 4946 1449 5006 latis
1475 4949 1549 5022 9991
1564 4949 1764 5011 9199199999
1779 4951 1910 5013 exitum

1110 5042 1226 5103 contra
1249 5042 1339 5118 ipsos
1366 5045 1399 5105 et
1420 5058 1535 5104 eorum
1555 5046 1715 5107 ecclesias
1731 5049 1909 5110 sententiis

1110 5138 1267 5213 irritatis;
1284 5141 1449 5201 revocatis
1461 5142 1708 5217 possessionum
1719 5146 1910 5208 etaliorum

1110 5235 1272 5296 bonorum
1288 5237 1591 5299 ecclesiasticorum
1606 5241 1906 5317 assignationibus

1110 5334 1143 5394 91
1166 5333 1305 5394 99999119
1328 5334 1486 5397 coniectis
1506 5337 1622 5398 contra
1641 5338 1792 5412 91991999,
1810 5342 1910 5402 exilii

1110 5431 1339 5512 9911999999,
1368 5431 1611 5508 instrumentis
1642 5437 1763 5508 castra,
1791 5438 1907 5512 villas,

1110 5527 1194 5598 loca,
1211 5528 1450 5605 possessiones,
1467 5544 1506 5590 99
1522 5531 1642 5592 caetera
1657 5531 1756 5602 bona,
1778 5536 1811 5596 et
1824 5538 1909 5612 jura

1112 5627 1338 5688 ecclesiastica
1351 5626 1392 5686 ab
1414 5627 1503 5688 omni
1519 5626 1663 5702 datione,
1680 5632 1769 5708 turpi
1791 5647 1909 5708 99999,
