4002 6326
251 361 312 424 aro
688 343 704 366 ”
865 363 1042 428 nononu
1064 363 1111 426 nr
1131 363 1280 426 orsus.
1834 369 1896 430 mo

251 521 366 584 rentes
389 535 543 596 assensu,
567 521 839 599 compositionem
862 541 936 603 quas
958 526 1046 588 inter
1099 523 1168 585 rias
1183 523 1373 602 injecerunt
1391 539 1458 587 non
1479 523 1542 588 tuit
1562 527 1674 603 grans
1693 527 1727 591 et
1746 529 1897 590 enormis

250 633 313 682 ros
333 633 376 680 ex
400 619 495 696 parte
518 635 585 681 una
606 620 639 682 et
660 622 884 684 venerabilem
909 622 1044 686 tratrem
1099 633 1268 691 excessus,
1286 635 1326 680 ac
1349 620 1393 680 iis
1416 621 1473 699 qui
1493 623 1729 685 commiserunt
1743 621 1898 685 fraudem

252 719 404 779 nostrum
430 719 660 780 coloniensem
689 720 974 798 archiepiscopum
1002 738 1045 784 ex
1099 717 1189 778 circa
1204 717 1410 790 vicesimam,
1426 720 1598 796 postquam
1615 735 1716 797 super
1730 720 1794 782 hoc
1807 736 1897 783 con-

253 814 370 886 altera,
386 831 487 893 super
509 817 692 880 munitione
708 818 849 894 quadam
871 820 904 880 et
924 820 1045 897 oppido
1099 829 1217 890 gruans
1248 815 1512 878 satisfactionem
1541 818 1769 894 praestiterint,
1795 820 1898 896 juxta

247 914 347 990 juxta
371 914 610 977 monasterium
625 916 771 976 vestrum
786 917 995 991 constructis,
1013 919 1045 980 et
1099 911 1239 974 formum
1253 913 1422 985 Ecclesiae,
1433 914 1660 991 impendentes
1674 915 1897 977 absolutionis

252 1009 353 1070 rebus
379 1011 457 1071 aliis
487 1011 710 1074 amicabiliter
733 1013 932 1086 intercessit,
958 1015 1045 1077 sicut
1099 1007 1297 1072 beneficium
1313 1009 1386 1072 vice
1406 1012 1530 1085 nostra,
1551 1015 1584 1075 et
1604 1013 1818 1090 injungentes
1843 1014 1896 1076 eis

252 1107 326 1169 sine
340 1109 504 1184 pravitate
522 1110 659 1185 provide
674 1109 761 1172 taeta
780 1113 831 1173 est
849 1114 882 1174 et
896 1112 936 1173 ab
952 1113 1045 1174 utra·
1099 1107 1185 1184 quod
1205 1108 1357 1170 videritis
1377 1109 1636 1186 injungendum
1651 1127 1726 1172 cum
1747 1110 1816 1172 illis
1836 1111 1897 1188 qui

253 1221 317 1282 que
341 1206 435 1282 parte
459 1208 575 1282 sponte
595 1210 739 1285 recepta,
757 1209 790 1270 et
811 1209 971 1272 hactenus
985 1211 1046 1272 ob-
1098 1207 1389 1280 0100mm1111103tis
1406 1206 1459 1268 Vel
1484 1207 1649 1283 suspensi,
1667 1223 1706 1269 ac
1725 1209 1897 1284 generalis

252 1304 395 1372 servam,
409 1304 442 1366 et
457 1304 490 1364 in
506 1304 654 1381 ejusdem
666 1305 909 1383 archiepiscopi
923 1307 1044 1370 litteris
1100 1302 1265 1366 interdicti
1287 1303 1434 1381 ternpore
1457 1304 1570 1366 divina
1602 1303 1710 1366 officia
1737 1304 1896 1370 celebra-

251 1399 373 1462 exinde
392 1399 552 1463 contectis
567 1402 698 1478 plenius
713 1403 912 1475 continetur,
926 1407 1044 1467 aucto·
1098 1403 1186 1469 runt,
1214 1401 1476 1466 misericorditer
1503 1402 1713 1478 dispensetis,
1741 1403 1897 1480 injuncta

251 1497 351 1558 ritate
364 1498 812 1573 Apostolicacondrmemus,
825 1503 1044 1577 etpraesentis
1099 1499 1147 1560 eis
1162 1499 1360 1574 competenti
1376 1499 1572 1576 poenitentia
1590 1499 1793 1576 promeritis
1815 1500 1896 1560 sin·
1934 1493 1938 1498 '

251 1593 366 1670 scripti
382 1595 568 1672 patrocinio
584 1597 836 1660 communimus.
853 1599 946 1661 Nulli
964 1616 1044 1677 ergo
1098 1597 1263 1673 gulorum.
1280 1595 1375 1657 circa
1392 1595 1467 1658 illos
1482 1596 1592 1658 autem
1606 1597 1662 1674 qui
1677 1597 1803 1673 recepti
1819 1597 1899 1660 tue-

251 1692 386 1754 omnino
399 1693 570 1754 bominum
585 1694 685 1757 liceat
699 1694 786 1758 hanc
801 1697 956 1773 paginam
971 1713 1045 1759 nos·
1098 1697 1177 1756 runt
1191 1693 1225 1754 in
1239 1694 1430 1776 monachos,
1445 1694 1612 1756 mediante
1633 1695 1715 1756 vitio
1728 1695 1896 1771 simoniae,

249 1789 311 1850 trae
325 1790 588 1853 confirmationis
611 1792 807 1869 intringere,
828 1794 881 1857 vel
906 1795 936 1857 ei
959 1810 1044 1857 ausu
1094 1795 1191 1869 juxta
1207 1791 1476 1854 constitutionem
1496 1791 1662 1868 generalis
1679 1793 1819 1854 concilii
1834 1809 1898 1853 su-

248 1886 427 1949 temerario
442 1889 619 1950 contraire.
635 1891 671 1951 si
688 1891 762 1968 quis
780 1892 890 1968 autem
909 1892 1044 1955 hocat-
1098 1905 1158 1968 per
1185 1889 1248 1952 boc
1278 1889 1400 1951 editam
1426 1889 1624 1967 procedatis.
1652 1889 1743 1960 Quod
1772 1888 1800 1950 si
1825 1905 1897 1951 non

250 1982 380 2046 tentare
390 1987 650 2063 praesumpserit,
664 1987 926 2064 indignationem
942 1991 1046 2052 omni·
1099 2003 1224 2060 omnes,
1241 1987 1304 2050 eto.
1328 1987 1447 2048 Datum
1470 1987 1638 2059 Laterani,
1658 1989 1704 2049 XI
1730 1986 1897 2048 kalendas

251 2081 396 2158 potentis
420 2083 490 2155 Dei,
517 2085 550 2145 et
574 2083 747 2148 beatorum
777 2086 868 2148 Petri
891 2087 925 2149 et
948 2088 1043 2149 Pauli
1099 2083 1270 2157 februarii,
1305 2082 1516 2162 pontificatus
1550 2084 1657 2146 nostri
1689 2097 1777 2147 enno
1810 2099 1895 2161 sep-

251 2179 476 2255 apostolorum
500 2182 572 2258 eJus
600 2197 636 2242 se
664 2183 796 2245 noverit
819 2184 1042 2247 incursurum.
1101 2182 1190 2244 limo.

250 2276 369 2337 Datum
396 2277 562 2350 Laterani,
583 2280 643 2341 VII
677 2277 840 2342 kalendas
870 2280 1042 2358 februarii,

243 2367 464 2450 'pontificatus
477 2375 583 2438 nostri
597 2391 687 2439 anno
702 2377 854 2455 septimo.

1438 2530 1547 2618 LXII

603 2717 691 2806 LXI
1177 2682 1229 2740 M
1250 2683 1544 2756 attllssitiscopum
1561 2683 1802 2743 iserniensem.

1362 2811 1398 2870 28
1406 2810 1531 2884 ianitorii
1544 2811 1622 2870 tasi.

271 2867 324 2927 Ad
339 2867 495 2928 abietem
509 2869 544 2928 S.
564 2868 732 2930 Vtrzcentll
745 2870 779 2931 et
799 2871 834 2931 S.
856 2870 1024 2932 Vincentii
1268 2932 1364 2998 [ssim
1374 2933 1477 2993 cm„
1492 2934 1559 2994 xlv,
1573 2935 1634 2985 lm,
1648 2934 1716 3000 η]

359 2965 395 3025 et
407 2965 442 3026 S.
457 2965 559 3026 Petri
572 2967 614 3027 de
631 2967 774 3028 Gutture
783 2969 933 3039 priores.
1038 3021 1041 3024 .

514 3095 549 3152 ῃ
562 3093 685 3168 januam
699 3095 778 3154 4223·
1098 3058 1130 3115 Ei
1145 3057 1263 3114 mandat
1276 3065 1306 3115 ut
1325 3055 1361 3114 de
1379 3065 1483 3115 cetero
1504 3057 1579 3116 circu
1604 3057 1779 3130 stephanum
1793 3057 1895 3116 archi·

1132 3146 1285 3202 diaconum
1299 3146 1503 3204 trecorensem
1518 3146 1640 3204 eiectum
1656 3146 1742 3204 officii
1754 3146 1799 3203 sui
1810 3144 1895 3202 debi-

371 3215 472 3280 [Gallio
482 3216 586 3276 christ,
600 3218 666 3277 xlv,
678 3219 848 3270 Instrumenta
861 3219 928 3284 ¹6⁷·]
1134 3241 1190 3290 turn
1219 3240 1391 3306 exsequetur
1418 3235 1501 3306 eique
1534 3247 1639 3292 munus
1667 3233 1897 3292 consecrationis

251 3331 293 3388 De
317 3330 346 3388 S.
368 3330 483 3389 Melauii
507 3330 684 3390 Redooeosis
706 3333 874 3406 quibusdum
896 3334 1044 3394 monachis
1135 3319 1288 3394 inpendat.

491 3419 620 3478 ¹¹¹⁰fd³²⁰
634 3423 805 3480 viventibus.
1137 3447 1305 3507 Honorius
1314 3446 1499 3525 episcopus,
1508 3463 1624 3508 servus
1637 3459 1809 3510 servorum
1816 3447 1892 3520 Dei,

289 3537 457 3599 Honorius
466 3537 653 3615 episcopus,
662 3553 779 3601 servus
791 3556 962 3602 servorum
971 3542 1040 3615 Dei,
1097 3543 1281 3604 venorabili
1305 3542 1400 3622 tratri
1422 3544 1673 3621 archiepiscopo
1691 3543 1892 3616 Turonensi,

250 3633 381 3697 dilectis
419 3636 497 3697 tiliis
524 3636 634 3699 abbati
667 3639 699 3698 S.
723 3638 890 3701 vincentii
919 3642 952 3701 et
954 3683 1039 3701 .......
1098 3641 1238 3704 salutem
1253 3639 1521 3718 etApostolioam
1536 3639 1812 3703 benedictionem.

251 3735 285 3794 S.
302 3734 469 3796 Vincentii
489 3735 557 3797 et...
578 3737 610 3797 S.
630 3736 722 3797 Petri
737 3736 778 3797 de
797 3737 933 3800 Cultura
952 3739 1044 3814 prio·
1138 3742 1244 3810 Quum
1259 3738 1338 3799 olim
1353 3739 1390 3798 D.
1405 3740 1533 3811 cantor,
1549 3740 1592 3810 J.,
1612 3741 1650 3800 R.
1675 3741 1708 3800 et
1723 3740 1772 3810 1.,
1786 3753 1895 3800 cano·

249 3829 353 3904 ribuS,
372 3833 631 3893 Cenomanensis
656 3833 821 3906 dioecesis,
849 3835 1044 3898 salutemet
1097 3836 1539 3908 nici'irecorenses,1nnits
1570 3839 1687 3897 contra
1710 3851 1892 3912 personam

249 3928 473 4005 Apostolicam
488 3930 761 4014 benedictionem.
1099 3933 1268 4010 Stephani,
1290 3932 1519 3994 archidiaconi
1543 3933 1757 3994 Trecorensis
1779 3933 1891 4006 electi,

291 4024 435 4087 Dilectus
449 4026 537 4086 filius
552 4026 655 4088 abbas
672 4030 704 4088 S.
712 4027 849 4089 Melanii
862 4029 1042 4092 Redonen·
1098 4032 1130 4092 et
1145 4034 1212 4092 tam
1225 4032 1339 4095 contra
1354 4029 1549 4092 electionem
1564 4032 1598 4091 et
1611 4031 1773 4092 electores
1786 4029 1893 4107 ipsius

250 4121 297 4182 sis
325 4124 497 4199 proposuit
521 4137 632 4184 coram
665 4124 762 4186 nobis
789 4125 874 4202 quod
910 4127 1043 4203 quidam
1097 4144 1195 4205 quam
1223 4127 1508 4189 confirmationem
1535 4127 1709 4188 electionis
1741 4127 1893 4204 ejusdem

249 4219 406 4280 monachi
421 4221 484 4292 sui,
501 4220 669 4296 generalis
692 4221 840 4298 tempore
862 4223 1040 4297 interdicti,
1097 4225 1342 4302 proposuerunt
1365 4240 1477 4285 coram
1504 4223 1620 4300 nobis3
1651 4224 1692 4284 de
1719 4223 1893 4300 utriusque

250 4316 384 4394 quidam
415 4317 514 4378 etiarn
540 4334 600 4394 pro
630 4320 896 4396 transgressione
917 4322 1042 4398 regulae
1097 4323 1201 4399 partis
1235 4323 1490 4399 procuratorum
1525 4337 1675 4392 assensu,
1706 4320 1892 4382 uerrerabili

251 4429 331 4488 suae,
347 4431 386 4476 ac
400 4431 460 4492 pro
476 4416 621 4477 violenta
640 4431 796 4477 manuum
816 4419 994 4494 injectione
1007 4420 1043 4480 in
1097 4419 1193 4481 tratri
1222 4420 1346 4490 nostro,
1376 4418 1617 4480 cenomanensi
1652 4417 1820 4494 episcopo,
1860 4417 1893 4479 et

250 4512 378 4588 seipsos
402 4514 434 4575 et
460 4514 637 4576 saeculares
667 4514 817 4588 clericos,
838 4517 989 4592 suspensi
1010 4519 1043 4578 et
1097 4515 1327 4594 conjudicibus
1343 4515 1413 4575 suis
1428 4515 1612 4577 direximus
1625 4515 1749 4590 scripta
1762 4515 1889 4584 nostra,

250 4611 604 4673 excommunicationis
615 4611 918 4684 vinculoinnodati,
930 4613 1042 4675 divina
1099 4615 1144 4685 ut,
1160 4613 1286 4675 vocatis
1297 4613 1354 4690 qui
1366 4611 1490 4674 tuerint
1502 4611 1673 4682 evocandi,
1686 4613 1719 4672 et
1733 4610 1892 4688 inquisita

250 4706 360 4768 officia
389 4708 610 4781 celebrarunt,
634 4708 855 4771 absolutionis
881 4709 1043 4772 beneflcio
1097 4725 1199 4787 super
1223 4710 1277 4782 iis,
1303 4710 1402 4786 prout
1424 4709 1659 4786 inquirendum
1685 4710 1783 4780 esset,
1798 4709 1896 4770 solli-

249 4819 317 4864 non
327 4805 610 4883 obtento;quidam
622 4807 1042 4885 etiamproouraruntquod
1097 4809 1161 4869 cite
1176 4807 1326 4878 veritate,
1341 4807 1509 4882 negotium
1526 4805 1729 4867 sufficienter
1744 4805 1895 4867 instruc-

249 4901 408 4964 vicesima
422 4902 456 4962 in
472 4903 666 4980 quibusdam
684 4904 753 4965 suis
770 4905 920 4966 ecclesiis
934 4905 1043 4966 minus
1097 4906 1165 4967 tum
1181 4906 1222 4967 ad
1235 4919 1295 4966 nos
1311 4905 1479 4966 remittere
1494 4905 1729 4980 procurareut;
1752 4918 1796 4963 ex
1808 4918 1894 4979 quo—

249 4999 399 5076 plenarie
415 5001 612 5072 solueretur,
626 5002 659 5063 et
673 5001 807 5078 quidam
825 5003 859 5063 in
876 5003 1044 5065 monaste-
1097 5019 1170 5064 rum
1197 5002 1317 5064 litteris
1345 5017 1452 5079 nuper
1476 5002 1674 5078 recepimus,
1700 4999 1789 5078 quod
1817 5015 1893 5061 curn

248 5097 337 5160 rium
366 5101 438 5176 ejus
464 5099 652 5173 ingressum
679 5099 897 5161 simoniacum
924 5100 1045 5162 habue-
1097 5100 1246 5162 mandati
1278 5099 1385 5161 nostri
1420 5099 1627 5169 auctoritate,
1653 5098 1741 5159 inter
1767 5096 1893 5158 dictum

249 5196 338 5257 runt.
354 5199 463 5270 Quare
485 5196 684 5272 supplicavit
707 5197 873 5259 instanter
888 5199 923 5259 ut
944 5214 1044 5275 super
1098 5197 1250 5268 electum,
1265 5212 1308 5257 ex
1331 5199 1426 5272 parte
1449 5211 1526 5266 una,
1549 5197 1581 5257 et
1603 5196 1773 5257 cantorem
1797 5196 1831 5256 et
1851 5197 1890 5255 R.

248 5293 293 5354 iis
309 5309 383 5354 cum
403 5293 451 5362 eis
476 5293 741 5354 misericordiam
762 5293 872 5356 iacere
888 5295 1044 5371 dignare-
1098 5293 1284 5372 praedictos,
1299 5309 1342 5355 en
1365 5294 1483 5366 altera,
1504 5291 1623 5353 fuisset
1647 5291 1771 5353 diutius
1786 5292 1894 5352 alter-

248 5405 334 5451 mur.
349 5389 491 5468 Ideoque
506 5389 700 5452 discretioni
716 5393 837 5453 vestrae
853 5408 912 5469 per
932 5398 1043 5470 Apos-
1098 5393 1220 5464 catum,
1240 5392 1265 5452 ii
1289 5391 1354 5453 duo
1370 5390 1588 5467 postmodum,
1615 5391 1691 5451 ante
1716 5389 1784 5450 litis
1807 5404 1894 5450 con-

247 5487 348 5549 tolica
364 5488 486 5565 scripta
507 5487 714 5561 mandamus,
732 5489 894 5566 quatenus
916 5489 971 5561 iis,
988 5491 1043 5568 qui
1097 5489 1305 5552 testationem
1329 5488 1379 5550 liti
1400 5486 1688 5557 renuntiaverunt,
1715 5487 1748 5548 et
1769 5486 1894 5548 litteris

249 5599 310 5662 pro
325 5585 525 5663 supradictis
549 5587 659 5648 causis
674 5587 951 5649 excommunicati
966 5587 1042 5649 iue-
1099 5587 1229 5665 puhlice
1245 5587 1465 5664 protestantes
1485 5585 1571 5663 quod
1598 5599 1734 5652 causam
1759 5583 1800 5644 de
1825 5599 1895 5644 cae-

249 5682 339 5757 runt,
358 5681 535 5747 dummodo
557 5699 671 5746 eorum
693 5684 748 5764 qut
764 5699 882 5748 manus
895 5685 1043 5748 temera·
1096 5685 1170 5748 tero
1191 5700 1258 5747 non
1283 5685 1523 5763 persequentur
1546 5679 1714 5758 eamdem,
1729 5679 1788 5743 alii
1812 5694 1894 5744 vero
