4168 6344
755 372 1086 436 misecamus.
1110 374 1165 436 VI.
1743 373 1785 436 78

382 585 412 596 .,
475 557 597 647 XCV]
724 557 734 562 -
987 495 1247 610 vesprimensis
1261 534 1414 602 assessis
1427 533 1713 599 anstnstsnosers
1728 534 1785 598 nt»

986 631 1070 694 teris
1084 632 1120 693 in
1130 633 1308 705 mandatis,
1322 635 1359 696 ut
1373 634 1402 694 si
1416 632 1501 696 torte
1513 634 1549 694 in
1563 631 1784 709 exsequendis

135 713 396 774 AdJOMmiem
409 713 704 788 al'OMOi’lSCOWm
721 713 934 788 δί’*ῑθθηῑθη-
955 757 956 774 1
988 728 1171 804 praemissis
1186 729 1392 806 negligentes
1412 729 1553 802 fueritis,
1574 729 1628 791 rel
1637 728 1781 800 remissi,

220 822 310 882 sem,
332 811 530 884 ellitOOin
554 810 839 882 Veiprimfflwssm·
988 827 1025 886 ut
1040 826 1187 902 experiri
1199 827 1344 904 possitis,
1362 827 1520 905 quantum
1535 826 1657 888 existat
1671 825 1784 888 inobe-

402 939 440 997 ao
455 937 670 1011 januarium,
988 923 1122 986 dieutiee
1151 924 1248 1002 culpa
1274 925 1397 1002 gravis,
1434 924 1613 986 terminum
1642 924 1782 985 duorum

214 1061 351 1128 mmor,
363 1063 430 1113 bon.
444 1061 587 1126 unumne,
598 1066 617 1111 t.
631 1063 651 1122 1,
666 1075 692 1128 p.
705 1061 746 1122 32,
757 1077 784 1113 n.
795 1061 848 1128 Μ’]
955 1005 956 1010 ἵ
988 1011 1152 1082 mensium
1180 1021 1275 1085 vobis
1299 1023 1461 1093 statuant,
1487 1021 1574 1083 inira
1598 1037 1695 1098 quem
1722 1035 1783 1082 vos

990 1120 1104 1180 nostro
1120 1120 1311 1196 conspectui
1326 1119 1548 1197 personaliter
1560 1119 1782 1195 praeseuteiis,

989 1213 1075 1292 quod
1093 1213 1231 1278 debetur
1241 1216 1485 1288 inobedientia,
1498 1216 1677 1292 recepturi.
1692 1215 1784 1286 Quod

989 1312 1017 1372 si
1030 1327 1097 1374 nou
1109 1329 1235 1386 omnes,
1253 1315 1315 1377 etc.
1331 1315 1449 1376 Datum
1464 1313 1633 1386 Laterani,
1649 1313 1711 1374 llll
1722 1313 1784 1374 lra-

172 1409 666 1488 Honoriusepiseopassernus
675 1425 849 1474 serrorum
860 1411 931 1484 Dei,
988 1408 1095 1471 leudis
1118 1409 1300 1484 februarii,
1328 1411 1541 1490 pontificatus
1567 1411 1675 1472 nostri
1695 1425 1783 1471 anno

135 1507 384 1571 venerabilibus
416 1508 575 1572 iratribus
577 1549 638 1570 .....
677 1508 933 1586 archiepiscopo
989 1507 1094 1570 sexto.

135 1606 358 1684 strigoniensi
370 1607 465 1668 eim.
479 1605 635 1684 episcopo
645 1606 886 1683 vesprimensi,
901 1605 934 1669 et

56 1689 57 1694 ’
134 1702 254 1766 dilecto
269 1703 342 1765 illio
344 1747 405 1765 .....
422 1703 536 1766 abbati
550 1703 591 1765 de
602 1705 705 1780 Egres
720 1704 932 1766 chenedien·
989 1765 992 1772 Δ
1314 1739 1458 1829 XCVII
1564 1687 1567 1707 ¹

135 1799 181 1862 sis
195 1800 363 1873 dioecesis,
381 1800 537 1872 salutem,
549 1800 612 1864 etc.
1103 1874 1106 1882 ,

173 1898 254 1958 dum
275 1897 435 1960 videatur
466 1898 548 1960 satis
574 1897 754 1972 notorium,
778 1883 957 1960 dilectum*
1068 1893 1427 1966 dearchiepiscopare
1441 1894 1702 1954 Caesariensem.

138 1994 239 2055 tilium
250 1997 289 2056 (i.
300 1995 420 2068 Orode,
432 1996 658 2072 praepositum,
672 1996 889 2073 praepositura
902 1997 935 2058 et
956 1969 957 1982 ἵ
1253 2022 1289 2081 20
1297 2022 1421 2095 januam
1438 2023 1517 2080 ΜΞ,

136 2091 288 2154 omuibus
302 2092 381 2154 aliis
395 2092 491 2155 bouis
506 2094 588 2166 suis,
597 2094 666 2156 tam
680 2093 931 2166 ecclesiasticis,

138 2204 235 2266 quam
246 2188 442 2263 mundanis,
459 2191 638 2268 spoliatum
658 2190 774 2260 luisse,
790 2206 856 2252 non
868 2190 936 2252 uti·

137 2301 198 2364 quo
221 2286 350 2366 absquo
376 2289 473 2363 gravi
496 2288 669 2366 dispendio
695 2288 933 2350 ecolesiasficae
987 2269 1105 2329 blandai
1118 2277 1149 2327 ut
1167 2268 1203 2328 ad
1222 2269 1414 2328 obedientiam
1433 2276 1462 2327 et
1478 2269 1668 2327 reverentiam
1689 2267 1782 2326 arebl-

139 2384 321 2458 pibefpafis,
349 2401 410 2447 nos
437 2386 574 2463 patemo
606 2385 670 2447 sibi
696 2385 934 2463 compatientes
1023 2359 1159 2432 episcopo
1192 2358 1238 2416 vel
1265 2357 1407 2432 episcopis
1444 2357 1599 2416 dioecesum
1625 2359 1654 2414 in
1683 2356 1785 2428 quibus

138 2481 269 2554 affectu,
295 2483 491 2546 diseretioni
512 2483 633 2546 vestm
656 2498 717 2560 pel,
740 2483 934 2561 Apostoli&
1024 2454 1217 2521 sunt,c0gant
1231 2448 1380 2518 surianos,
1395 2448 1557 2518 Jacobinos,
1571 2447 1748 2506 Nestorides.

137 2579 258 2658 scripta
281 2581 509 2658 precipiendo
535 2582 750 2654 mandamus,
771 2581 935 2658 quatenus
1028 2573 1196 2637 Honorius
1204 2575 1390 2653 episcopus,
1402 2589 1519 2636 servus
1530 2589 1703 2636 servorum
1712 2571 1783 2646 Dei,

138 2677 392 2755 preposituram
419 2679 547 2755 ipsam,
574 2681 608 2742 et
634 2679 701 2740 alia
733 2679 845 2741 omnia
870 2679 934 2741 sibl
988 2671 1236 2735 venerabilibus
1258 2673 1417 2738 iratribus
1441 2672 1693 2750 archiepiscopo
1708 2671 1784 2733 Gae-

139 2774 257 2848 ablata,
274 2777 393 2838 nostra
418 2776 495 2839 freti
516 2777 715 2840 auctoritate
737 2777 810 2838 sine
832 2791 934 2838 meree
990 2771 1134 2832 auriensi
1161 2772 1194 2833 et
1219 2771 1374 2848 episeopo
1402 2770 1588 2834 acconensi
1610 2771 1643 2832 et
1665 2769 1786 2831 dilecto

140 2872 314 2950 dispendio
333 2873 518 2936 restituatis
535 2874 655 2946 eidem,
672 2873 781 2950 ipsum
795 2875 832 2936 in
854 2889 934 2936 cor-
990 2867 1059 2930 tilio
1075 2871 1111 2928 P.
1132 2866 1344 2930 thesaurario
1366 2867 1576 2941 Caesariensi,
1597 2865 1787 2928 salutemet

140 2969 284 3046 penalem
301 2970 547 3048 possessionem
566 2971 716 3032 omnium
736 2971 934 3044 ablatorum,
990 2965 1206 3044 apostolicam
1219 2963 1494 3026 benedictionem.

140 3067 266 3131 sublato
292 3067 473 3146 cujuslibet
503 3067 711 3130 difficultatis
744 3067 934 3142 obstaculo,
967 3101 970 3106 -
1031 3061 1240 3124 Venerabilis
1259 3059 1364 3123 irater
1381 3063 1495 3125 noster
1515 3060 1786 3138 archiepiscopus

141 3164 339 3228 inducentes
353 3167 386 3227 et
404 3165 618 3228 defendentes
639 3165 828 3240 inductum
850 3181 934 3228 con·
991 3159 1197 3222 Nicosiensis
1213 3174 1272 3236 pro
1289 3174 1325 3220 se
1347 3174 1387 3221 ac
1407 3159 1655 3221 uenerabilibus
1674 3159 1790 3221 iratri-

142 3263 343 3326 tradictorss
364 3278 425 3340 per
447 3278 625 3327 cerrsuram
653 3263 934 3336 ecclesiasticam,
957 3273 959 3280 ·
990 3257 1052 3320 bus
1080 3258 1204 3320 nostris
1227 3255 1453 3333 sumagnensis
1477 3257 1559 3330 suis,
1575 3256 1671 3334 regni
1686 3255 1786 3334 cypri

141 3361 365 3440 appellatione
388 3360 582 3439 postposita,
599 3360 848 3437 compescendo.
865 3359 938 3422 (ἓω-
991 3354 1151 3433 praelatis,
1165 3355 1201 3416 in
1221 3355 1337 3418 nostra
1361 3354 1440 3418 iecit
1459 3355 1637 3432 praesentia
1652 3352 1788 3417 recitari

141 3458 245 3520 terum
269 3459 351 3537 quia
369 3458 477 3521 dictus
493 3457 691 3535 praepositus
709 3472 729 3518 a
748 3457 858 3532 gratia
873 3473 935 3518 ca-
992 3451 1526 3530 quodindioecesihuseorumdem
1537 3451 1787 3524 surianiiaco·

141 3555 263 3617 nissimi
284 3556 322 3617 in
338 3555 469 3618 Christo
484 3554 545 3616 dlii
564 3554 670 3616 nostri
686 3557 726 3618 h.
752 3555 936 3630 Hunganiee
990 3547 1073 3620 bini,
1087 3549 1300 3613 Nestoriniet
1311 3547 1445 3628 quidam
1456 3549 1515 3611 alii
1527 3547 1784 3621 commorantur,

142 3654 228 3730 regis
240 3653 385 3716 illustris
404 3651 552 3716 creditur
576 3651 754 3724 excidisse,
784 3651 937 3714 volumus
970 3636 1048 3726 'pru
1079 3663 1141 3710 nec
1165 3647 1320 3710 Ecclesiae
1340 3649 1510 3720 Romanae,
1536 3663 1598 3708 nec
1619 3645 1787 3723 praedictis

143 3752 175 3812 et
190 3751 398 3823 mandamus,
419 3750 580 3827 quatenus
600 3749 754 3810 eumdem
767 3747 937 3824 regemad
992 3745 1256 3824 archiepiscopo,
1273 3743 1433 3821 praelatis,
1456 3759 1518 3806 neo
1536 3743 1688 3806 ecclesiis
1704 3742 1785 3804 obe-

143 3847 369 3926 recipieudum
383 3847 495 3926 ipsum
506 3847 539 3907 in
556 3845 674 3922 gratiae
689 3860 758 3907 suae
771 3844 847 3906 sinu
859 3861 938 3923 pre·
992 3843 1087 3906 diunt
1115 3843 1318 3916 Latinorum,
1347 3841 1422 3914 sed,
1452 3842 1609 3919 tanquam
1634 3841 1787 3919 acephali

144 3943 234 4008 cibus
268 3945 305 4008 et
335 3945 470 4007 monitis
500 3943 679 4006 inducatis.
708 3944 831 4005 verum
860 3942 938 4019 quia
993 3941 1183 4018 evagantes,
1205 3939 1275 4002 suis
1295 3940 1394 4002 sectis
1410 3939 1557 4016 antiquis
1569 3941 1602 4002 et
1618 3932 1788 4000 erroribus

143 4043 294 4104 enormia
314 4042 511 4118 gravamina
535 4040 598 4118 ipsi
614 4039 792 4118 praeposito
804 4039 840 4100 in
855 4053 937 4100 nos-
992 4039 1192 4100 innituntur.
1209 4038 1313 4110 Unde,
1331 4035 1489 4114 praetatus
1505 4035 1785 4114 archiepiscopus,

144 4138 228 4199 trum
240 4139 277 4201 et
292 4137 492 4214 apostolieae
504 4136 599 4198 Sedis
613 4134 935 4212 opprobriumlrro·
994 4151 1053 4214 pro
1068 4151 1104 4198 se
1119 4151 1159 4197 ac
1172 4135 1320 4213 praelatis
1332 4132 1469 4207 eisdem,
1481 4133 1653 4197 humiliter
1667 4133 1786 4211 postu-

144 4235 219 4310 gata
239 4235 291 4298 sic
306 4234 459 4296 nolumus
475 4234 621 4296 transire
634 4232 753 4306 inulta,
766 4233 802 4293 in
817 4233 939 4296 virtute
993 4232 1248 4296 laritanobisut
1259 4233 1391 4310 aperire
1402 4247 1503 4310 super
1514 4230 1577 4294 hoc
1585 4231 1785 4309 apostoncae

146 4331 236 4396 robis
248 4332 448 4395 obedientiae
463 4331 616 4393 districte
630 4330 939 4408 injungimusqua·
970 4391 971 4412 ἶ
994 4330 1300 4408 circumspectionis
1320 4331 1477 4393 intuitum
1495 4331 1529 4392 et
1544 4328 1717 4407 providere
1732 4341 1789 4389 sa-

146 4428 242 4492 teuus
261 4445 331 4494 non
354 4429 541 4492 deferentes
562 4428 668 4492 alicui
689 4429 809 4490 contra
821 4430 945 4501 Deum,
993 4428 1134 4491 iubriter
1154 4427 1380 4504 dignaremur.
1396 4425 1569 4499 Quocirca,
1588 4423 1789 4486 fraternitati
1829 4497 1830 4502 ἵ

146 4526 324 4606 inquiratis
334 4527 486 4604 diligenti
501 4529 535 4589 et
549 4526 699 4588 studiosa
714 4524 940 4588 sollicitudine
994 4526 1113 4588 restrae
1141 4540 1202 4602 per
1222 4524 1411 4602 apostoliea
1444 4523 1569 4604 scripta
1593 4521 1789 4582 mandamus

147 4627 329 4698 raritatem,
352 4641 494 4704 quorum
514 4623 630 4686 favore
649 4623 703 4686 rel
725 4623 845 4700 quibus
859 4638 940 4701 pro·
995 4625 1157 4703 quatenus
1169 4619 1790 4696 Surianos,dacobinos,etNestorinos

147 4724 339 4788 curantibus
354 4723 515 4800 spoliatus
535 4721 636 4784 tuerit
653 4721 849 4799 prepositus
865 4736 940 4783 me·
995 4724 1028 4787 et
1049 4723 1133 4785 alios
1154 4719 1361 4798 supradictos
1386 4719 1427 4780 ad
1443 4717 1664 4780 obedientiam
1679 4717 1713 4780 et
1729 4731 1789 4778 re-

148 4823 304 4894 moratus,
326 4821 424 4899 quire
443 4819 579 4892 luerint,
598 4820 656 4896 qui
678 4818 765 4882 bona
792 4819 964 4898 ejusdem
994 4821 1181 4883 senentiam
1209 4817 1460 4896 archiepiscopo
1485 4817 1549 4894 ipsi
1574 4817 1606 4878 et
1625 4813 1792 4892 suffraga-

149 4920 319 4998 prepositi
331 4918 551 4990 abstulerunt,
559 4917 593 4979 et
602 4916 802 4980 retinuerint
813 4915 939 4978 ablata:
996 4919 1069 4980 neis
1089 4921 1173 4994 ejus,
1191 4916 1289 4993 prout
1312 4915 1389 4977 sunt
1412 4918 1444 4977 et
1468 4913 1602 4977 itrerunt
1620 4913 1655 4976 in
1674 4929 1791 4975 eorum

149 5017 181 5079 et
192 5017 279 5096 quod
293 5017 501 5090 inveneritis,
515 5015 577 5076 sub
588 5013 708 5092 sigillis
720 5014 840 5078 vestris
853 5013 942 5076 inira
997 5013 1205 5087 dioecesibus,
1220 5012 1485 5091 impendendam,
1502 5013 1684 5075 monitione
1703 5026 1792 5089 pra-

151 5113 231 5177 duos
244 5130 376 5178 menses
395 5118 469 5192 post
489 5113 712 5190 receptionem
727 5113 942 5189 praesentium
996 5114 1111 5185 missa,
1128 5128 1189 5189 per
1202 5127 1376 5173 censuram
1387 5110 1658 5182 ecclesiasticam,
1675 5109 1792 5186 appal-

151 5213 244 5276 nobis
259 5213 402 5276 fideliter
415 5211 587 5283 intimetis,
600 5212 637 5274 ut
657 5211 872 5288 pervenirem
887 5225 944 5273 re·-
997 5211 1122 5274 latione
1136 5209 1274 5283 remota,
1292 5209 1435 5286 cogatis3
1454 5207 1715 5270 contradictores
1731 5219 1790 5284 per

152 5310 308 5374 lationem
330 5311 485 5374 instructi
504 5325 605 5386 super
624 5309 687 5381 his,
706 5310 805 5385 prout
818 5324 942 5372 secun·
998 5324 1174 5372 censuram
1187 5306 1347 5379 eamdem,
1360 5304 1584 5383 appellatione
1594 5303 1787 5381 postposita,

153 5405 941 5485 dumbeumexpedireriderimus‚procedamus.
997 5406 1247 5485 compescendo.
1263 5404 1354 5477 Quod
1370 5405 1400 5465 si
1412 5417 1479 5465 non
1494 5417 1609 5464 omnes
1628 5401 1682 5464 his
1694 5417 1794 5464 exse-

152 5506 305 5584 Alioquin
328 5507 489 5570 noveritis
513 5522 573 5567 nos
601 5505 735 5566 dedisse
757 5504 943 5567 venerabili
999 5505 1138 5584 quendis
1149 5502 1322 5582 potueritis
1334 5502 1507 5569 interesse,
1519 5499 1585 5562 duo
1594 5502 1740 5564 vestrum
1752 5513 1792 5562 ea

154 5603 246 5668 tratri
256 5606 405 5671 nostro...
418 5603 573 5681 episcopo
584 5600 751 5680 Agriensi,
768 5605 801 5664 et
813 5602 943 5665 dilectis
999 5603 1215 5664 nihilominus
1230 5601 1467 5680 exsequantur,
1482 5597 1700 5662 nonobstante
1718 5613 1793 5662 con-

156 5701 230 5764 filiis
232 5746 292 5766 .....
316 5703 357 5765 de
378 5706 485 5781 Cyrae
504 5704 574 5766 et...
598 5702 639 5763 de
662 5701 751 5763 Pelis
770 5700 945 5764 abbatibus
1000 5701 1172 5764 stitutione
1189 5697 1328 5762 concilii
1340 5696 1507 5774 generalis
1521 5712 1585 5774 qua
1600 5695 1738 5758 cavetur
1750 5711 1792 5757 ne

136 1185 280 1246 iudicibus
303 1183 470 1256 mandatur,
489 1194 521 1244 ut
542 1187 573 1274 G?
590 1186 618 1244 io
635 1187 861 1260 praeposituram,
877 1201 932 1260 qua

167 1275 306 1348 spoliatus
316 1274 583 1346 iueratrestituant,
592 1275 711 1350 regique
719 1275 931 1334 commendent.

1011 2143 1057 2210 [be
1072 2146 1124 2198 llas
1134 2144 1228 2206 Latris,
1240 2145 1350 2196 llistoire
1362 2145 1394 2195 ds
1410 2146 1462 2204 l'ile
1473 2145 1504 2196 da
1514 2145 1623 2210 Gbppre,
1635 2144 1678 2202 lll,
1690 2143 1758 2209 ala]
