3948 6328
287 340 347 404 419
895 343 1070 408 HONORII
1092 345 1137 408 111
1158 345 1306 410 OPERA.
1879 345 1936 408 420

288 500 388 565 licam
403 501 1081 576 Sadamcommissos,incarnisinteritum
1136 505 1251 578 tius,et
1260 505 1450 582 immergas.
1460 503 1628 583 Numquid
1641 519 1709 568 non
1717 503 1938 583 populumip

288 601 432 673 Satanae,
469 600 668 679 permisisti,
703 615 747 663 ne
779 599 929 662 dicamus
954 602 1079 675 venus,
1136 619 1208 663 sum
1224 601 1469 664 insuaviderls
1483 602 1703 679 perversitate
1714 601 1843 674 forare,
1859 602 1936 664 dum
1964 587 1965 680 J

286 697 396 759 fecisti
417 697 452 758 in
481 698 613 760 Pisanae
637 697 782 760 civitatis
804 698 998 775 potestatem
1025 713 1082 768 as·
1135 699 1354 776 praesentibus
1364 698 1498 761 vinculo
1515 699 1879 761 excommunicationis
1901 699 1938 760 ii·
1964 685 1965 766 i

286 795 384 866 sumi,
402 810 468 857 non
484 795 558 856 sine
572 795 728 872 scrupulo
748 793 888 858 forsitan
911 796 1080 858 societatis
1134 796 1432 872 gatis,solemuiter
1440 796 1590 859 celebras
1598 797 1632 858 in
1642 796 1778 860 civitate
1787 798 1937 858 auctori·
1964 791 1965 868 i

285 893 423 956 occultae
435 913 443 954 ε
457 909 519 954 nec
534 893 656 956 suflicit
667 893 695 956 si
709 893 750 954 ad
762 893 970 956 excusandas
983 909 1081 956 axcu·
1133 894 1202 955 tata
1210 893 1323 956 nostra
1332 894 1501 972 supposita
1510 893 1697 958 interdicto.
1705 895 1776 955 Nec
1783 895 1937 970 allegare
1964 879 1965 950 ἒ

285 991 432 1054 sationes
444 990 480 1052 in
500 991 645 1069 peccatis
669 990 809 1075 forsitan
831 991 970 1065 dixeris,
993 991 1079 1070 quod
1134 992 1227 1068 potes
1242 991 1401 1069 profecte,
1415 992 1501 1070 quod
1514 991 1833 1068 ignorasciritatem
1850 1007 1937 1054 eam·

285 1090 323 1150 tu
347 1088 441 1149 illum
461 1104 670 1166 nequaquam
700 1089 856 1176 elegeris,
884 1089 941 1150 sed
969 1089 1079 1166 potius
1134 1087 1393 1151 deminterdicto
1408 1089 1612 1162 conclusam,
1626 1104 1666 1151 ec
1689 1089 1777 1168 quod
1793 1105 1868 1151 nou
1883 1105 1938 1150 re-
1964 1087 1965 1176 Q

284 1182 459 1256 electores,
472 1183 528 1260 qui
556 1183 731 1258 elegerunt
743 1181 907 1256 eumdem,
921 1198 995 1244 cum
1019 1183 1080 1245 tibi
1134 1187 1263 1263 ceperis
1276 1187 1408 1249 litteras
1422 1186 1510 1259 illas,
1530 1201 1591 1264 per
1605 1203 1689 1264 quas
1702 1186 1737 1248 id
1750 1185 1811 1250 tibi
1826 1187 1938 1250 fuerat

285 1279 326 1342 de
341 1279 700 1356 providendcractore,
720 1296 779 1342 seu
808 1280 980 1357 potestate,
996 1279 1081 1342 civi·
1134 1281 1377 1357 demandatum,
1409 1301 1511 1362 quum
1535 1284 1614 1346 talis
1642 1284 1841 1360 ignorantia
1871 1299 1938 1346 non

283 1375 345 1439 tati
359 1377 611 1440 Pisanaelittera
624 1375 726 1438 fuerit
737 1376 861 1439 tributa
875 1375 1029 1452 facultas,
1047 1377 1081 1441 et
1134 1380 1241 1443 solum
1259 1381 1303 1444 sit
1320 1397 1452 1455 crassa,
1468 1382 1525 1443 sad
1554 1382 1654 1444 etiam
1678 1381 1877 1454 affacinata,
1906 1385 1938 1444 et

284 1473 353 1535 illis
368 1475 534 1551 potuisses
546 1473 747 1536 electoribus
762 1473 926 1548 inhibere,
940 1491 982 1536 ne
992 1489 1080 1552 prae-
1134 1479 1351 1541 nibilominus
1366 1478 1491 1541 aaedem
1512 1479 1634 1542 litterae
1645 1480 1864 1558 postmodum
1877 1495 1938 1557 par

285 1569 410 1634 dictum
425 1571 588 1648 eligerent
612 1571 801 1650 reprobum,
829 1589 868 1635 eo
884 1572 971 1650 quod
992 1573 1081 1634 esset
1133 1575 1291 1638 clericum
1309 1575 1511 1638 venerabilis
1523 1575 1638 1639 fratris
1652 1577 1761 1638 nostri
1776 1577 1937 1638 Bethlee-
1964 1589 1965 1656 l

285 1668 327 1730 ab
346 1669 574 1732 ecclesiastica
589 1669 901 1747 unitatepraecisus,
918 1670 950 1732 et
972 1669 1079 1748 ipsius
1134 1672 1251 1735 mitani
1290 1673 1462 1751 episcopi,
1489 1674 1545 1735 cui
1579 1671 1715 1736 fuerunt
1748 1674 1934 1747 exhibitae,

284 1767 439 1844 contagio
463 1767 557 1829 infici
582 1768 692 1845 posset
719 1767 860 1845 populus
889 1768 1076 1831 universus.
1134 1771 1170 1832 ni
1210 1787 1268 1833 eas
1296 1771 1421 1833 facerat
1453 1771 1513 1833 tibi
1546 1772 1770 1848 praesentari,
1803 1773 1843 1834 in
1879 1772 1933 1834 tua

284 1867 452 1928 Praeterea
463 1864 584 1928 multos
599 1864 683 1927 alios
693 1865 728 1926 in
742 1865 904 1928 electores
915 1866 1079 1944 potuisses
1134 1867 1257 1931 fuerint
1298 1869 1476 1948 praesentia
1504 1869 1673 1945 recitatae3
1713 1869 1769 1932 cui
1804 1871 1857 1932 sic
1884 1869 1935 1930 di-

283 1963 704 2042 eligere‚quinequaquam
720 1963 900 2039 elegissent
914 1964 1076 2036 eumdem,
1133 1965 1221 2028 ceris
1233 1965 1458 2044 respondisse,
1476 1965 1562 2042 <prod
1583 1965 1671 2027 idam
1690 1967 1873 2044 episcopus
1894 1967 1934 2028 de
1964 1991 1965 2032 3

283 2062 317 2122 et
335 2059 412 2122 ideo
427 2060 550 2122 frustra
559 2061 687 2137 jacitur
699 2062 771 2123 reta
785 2062 863 2123 ante
881 2060 995 2123 oculos
1009 2062 1080 2139 pis-
1132 2063 1175 2125 iis
1188 2063 1252 2125 boc
1265 2063 1415 2140 tempore
1429 2079 1465 2124 sa
1475 2063 1696 2126 intromittere
1706 2079 1774 2125 non
1784 2064 1932 2126 deberet.
1964 2135 1965 2150 χ

284 2157 1077 2236 catorumRursusconsuletemetipsum,utrum
1133 2163 1239 2233 Quum
1255 2176 1335 2236 ergo
1348 2161 1396 2221 slc
1407 2161 1448 2222 ad
1458 2160 1490 2223 te
1500 2160 1692 2222 mandatum
1702 2162 1930 2238 apostolicum
1964 2187 1965 2190 ¹

284 2255 1079 2319 scelusincurrerisidololatriaecontraobedien·
1133 2258 1262 2321 venerit
1282 2258 1414 2330 iterato,
1434 2257 1467 2320 et
1487 2257 1652 2321 obstinato
1674 2258 1777 2320 corde
1789 2275 1860 2321 non
1881 2273 1932 2320 ac·
1964 2263 1965 2336 j

282 2353 365 2416 tiam
390 2350 488 2415 nobis
503 2351 699 2429 promissam
712 2355 838 2416 temere
851 2355 1030 2428 veniendo,
1046 2358 1079 2420 at
1109 2399 1110 2406 κ
1133 2355 1299 2434 quieveris
1310 2357 1343 2417 et
1352 2355 1438 2417 facia
1449 2353 1618 2428 indurata,
1629 2369 1744 2418 nenne
1754 2355 1928 2418 incurristi

283 2449 462 2513 deferendo
508 2451 635 2512 homini
665 2454 780 2514 contra
819 2455 935 2515 Deum.
971 2455 1077 2526 Quum
1132 2453 1228 2532 quasi
1245 2452 1410 2515 ariolandi
1422 2454 1606 2531 peccatum,
1623 2455 1656 2515 et
1673 2455 1709 2514 in
1727 2451 1848 2516 Bataui
1871 2453 1928 2515 tilii
1964 2415 1965 2486 Ῑ

284 2549 373 2612 anim
387 2549 447 2610 tibi
461 2549 584 2611 nostris
597 2549 717 2612 litteris
730 2550 919 2612 dederimus
933 2552 968 2614 in
981 2568 1078 2613 man·
1131 2553 1217 2613 Beer
1240 2551 1443 2613 consortium
1471 2551 1629 2613 incidisti.
1651 2553 1835 2624 Praeterea,
1852 2554 1886 2613 et
1900 2551 1926 2611 si
1964 2539 1965 2608 3

282 2646 381 2734 datis,
398 2646 434 2710 ut
449 2647 514 2708 nisi
522 2647 664 2725 populus
679 2647 823 2710 civitatis
836 2648 1004 2727 praedictae
1014 2666 1033 2711 a
1044 2652 1076 2712 te
1131 2665 1232 2726 super
1244 2649 1308 2710 boc
1322 2649 1471 2710 nostrum
1492 2664 1560 2712 non
1574 2650 1761 2726 recepisses
1789 2649 1928 2711 manda·

282 2745 427 2808 monitus
451 2744 629 2822 diligenter
655 2746 867 2823 saepedictum
896 2747 1076 2825 reprobum
1108 2748 1210 2819 tum,
1225 2761 1287 2808 nec
1309 2747 1422 2808 amen
1440 2745 1578 2808 deberes
1598 2745 1667 2808 illis
1685 2745 1860 2810 celebrare
1878 2747 1926 2806 di·
1964 2737 1965 2816 ἒ

278 2844 524 2907 removerenta
546 2860 616 2906 suae
640 2845 803 2920 regimina
826 2844 982 2919 civitatis,
1008 2846 1075 2908 tam
1108 2843 1220 2915 rina,
1236 2859 1297 2905 nec
1313 2843 1514 2920 participare
1534 2845 1685 2917 cumeis,
1702 2847 1924 2924 praetarquam
1964 2835 1965 2914 l

280 2941 449 3005 civitatem
479 2942 587 3019 ipsam
615 2941 812 3005 auctoritate
833 2944 947 3006 nostra
967 2944 1076 3006 eccla-
1130 2941 1269 3014 inillis,
1295 2957 1368 3020 quaa
1391 2941 1559 3018 pertinent
1578 2942 1619 3004 ad
1641 2943 1799 3015 salutem,
1827 2957 1921 3021 quum

281 3040 417 3102 siastico
446 3040 622 3102 interdicto
646 3041 849 3114 conclusam,
866 3058 964 3119 quam
987 3057 1075 3119 saepe
1130 3040 1217 3101 scias
1240 3039 1317 3100 illos
1340 3039 1694 3102 excommunicationis
1723 3043 1922 3102 sententiam
1964 3057 1965 3118 y

281 3137 405 3200 dictum
422 3138 553 3199 Satanae
564 3137 757 3210 membrum,
776 3139 810 3201 et
826 3154 940 3202 omnes
959 3140 1073 3202 inten·
1129 3137 1322 3210 iucurrisse,
1339 3152 1438 3214 quam
1452 3137 1630 3214 praedictus
1639 3137 1924 3200 Bethleemitanus
1964 3123 1965 3212 l

281 3234 396 3296 dentes
410 3233 528 3304 eidem,
542 3250 602 3295 seu
621 3236 817 3311 praestantes
831 3237 1005 3304 auxilium,
1021 3237 1074 3300 rel
1130 3235 1303 3313 episcopus
1315 3235 1390 3298 tulit
1412 3234 1534 3307 ineos,
1555 3235 1585 3296 si
1602 3251 1623 3297 a
1650 3251 1740 3297 nono
1763 3235 1922 3298 kalendas

282 3331 444 3404 favorem,
459 3331 810 3394 excommunicationis
832 3334 951 3412 laqueo
970 3335 1073 3398 inno·
1124 3332 1213 3410 junii
1228 3347 1332 3410 usque
1348 3333 1389 3394 ad
1402 3331 1523 3394 festum
1537 3331 1626 3395 beati
1641 3332 1759 3396 Jacobi
1773 3334 1921 3411 proximo
1964 3331 1965 3396 l

282 3429 388 3503 datos,
406 3428 538 3491 sublato
557 3429 734 3506 cujuslibet
749 3431 1022 3494 centradictionis
1041 3435 1075 3496 et
1128 3432 1206 3492 tunc
1214 3432 1403 3497 venturum,
1411 3431 1772 3509 Lucanisinpersonis,
1785 3433 1818 3494 et
1827 3431 1922 3494 rebus
1964 3483 1965 3504 ,

240 3603 248 3610 „
279 3528 514 3606 appellationis
542 3527 712 3590 obstaculo
741 3529 926 3603 nuntiares,
956 3530 989 3591 et
1015 3547 1074 3608 per
1128 3542 1189 3604 per
1202 3543 1251 3600 se,
1265 3525 1318 3588 vel
1332 3525 1482 3589 subditos
1507 3541 1586 3590 suos
1612 3527 1786 3591 offendere
1811 3531 1920 3592 attan-

278 3625 447 3688 civitatem
467 3625 661 3687 eamdemet
675 3628 747 3703 ejus
763 3625 931 3687 dioecesim
946 3625 1074 3689 faceres
1127 3625 1247 3697 tarent,
1261 3624 1296 3686 et
1316 3639 1361 3686 ex
1377 3639 1417 3686 eo
1443 3623 1661 3687 nihilominus
1687 3625 1921 3688 excommuni·
1964 3687 1965 3698 ,

278 3722 443 3798 nuntiari3
462 3721 511 3795 tu,
522 3722 635 3784 oculos
650 3721 725 3783 tuos
740 3722 889 3784 statuens
905 3721 1072 3786 declinare
1108 3717 1109 3720 ’
1127 3723 1258 3785 catione
1279 3721 1401 3798 ligatos
1417 3737 1484 3783 non
1502 3721 1636 3799 ignores
1662 3723 1810 3797 eosdem,
1839 3721 1920 3802 quod
1964 3715 1965 3724 ’

279 3820 473 3892 interram,
502 3819 698 3882 obedientie
722 3835 813 3881 nexu
839 3820 983 3898 dirupto,
1006 3837 1072 3885 non
1127 3819 1372 3884 communicant
1400 3819 1544 3897 reprobo
1581 3823 1782 3894 memorato,
1808 3823 1920 3884 intan-
1964 3899 1965 3906 ἵ

277 3917 383 3979 solum
398 3917 431 3977 id
445 3917 577 3978 efficere
588 3917 826 3995 contempsisti,
837 3933 955 3981 varum
971 3919 1072 3982 etiam
1127 3917 1233 3980 dando
1259 3917 1323 3979 sibi
1350 3919 1385 3979 et
1411 3918 1559 3994 parendo
1579 3917 1688 3996 ipsius
1720 3919 1919 3998 dispositio-
1964 3907 1965 3916 ³

278 4013 416 4075 noluisti
428 4013 558 4074 litteras
578 4014 668 4090 ipsas
683 4016 844 4092 recipere,
864 4017 898 4077 et
912 4015 998 4092 quod
1014 4017 1074 4078 de-
1128 4015 1224 4076 nibus
1251 4015 1284 4077 et
1302 4013 1482 4078 mandatis.

277 4111 383 4174 terius
398 4110 458 4181 est,
470 4111 615 4182 nuntios,
637 4109 826 4174 adferentes
844 4112 989 4184 easdem,
1004 4129 1071 4176 non
1166 4111 1314 4191 Denique
1329 4127 1429 4190 quum
1444 4111 1583 4174 deberes
1606 4129 1650 4175 ex
1674 4112 1786 4177 officio
1808 4117 1919 4193 pasto-

278 4207 791 4284 sinecomptemptuapostoncae
804 4209 1070 4284 Sedisetnostro,
1126 4209 1191 4271 rali
1205 4209 1367 4271 reducere
1386 4211 1532 4288 propriis
1551 4209 1701 4273 humeris
1725 4211 1919 4275 aberrantes

276 4306 313 4368 in
338 4306 405 4370 tuis
431 4304 620 4366 sustinuisti
647 4304 798 4366 domibus
813 4307 938 4368 acriter
952 4307 1073 4370 verbe-
1127 4322 1205 4369 oves
1218 4306 1259 4368 ad
1274 4307 1399 4381 caulas,
1414 4309 1450 4372 tu
1474 4308 1516 4370 de
1539 4310 1683 4385 pastore,
1697 4325 1740 4372 ne
1765 4313 1918 4389 proprius

275 4403 358 4478 rari,
373 4403 459 4481 quod
472 4418 538 4464 non
554 4402 628 4464 sine
639 4403 696 4463 tua
712 4401 926 4464 conniventia
953 4404 1072 4468 merito
1127 4404 1275 4466 dicamus
1297 4405 1332 4466 in
1356 4405 1481 4483 lupum,
1508 4405 1543 4467 in
1564 4408 1808 4469 mercenarium
1831 4425 1917 4472 com·

276 4500 573 4580 pnesumltursora
596 4499 730 4562 factum.
755 4499 850 4572 Vide,
865 4501 898 4562 et
925 4501 1013 4578 apud
1038 4505 1071 4565 te
1127 4503 1270 4565 mutatus
1286 4503 1472 4580 exposuisti
1486 4519 1619 4580 gregem
1633 4503 1694 4567 tibi
1707 4507 1916 4568 commissum

276 4599 384 4676 ipsum
399 4598 558 4675 recogita,
579 4613 677 4675 quam
706 4597 741 4657 in
765 4597 829 4660 boc
851 4597 948 4660 nobis
968 4598 1071 4662 fueris
1126 4601 1278 4678 luporum
1306 4601 1479 4676 rapacium
1513 4601 1679 4663 morsibus
1711 4603 1915 4676 laniandum,

276 4696 446 4768 obediens,
459 4711 558 4773 quam
569 4695 692 4758 fidelisl
709 4696 745 4758 Si
759 4695 1071 4774 SadesestAposto-
1126 4697 1203 4759 dum
1218 4697 1266 4759 eis
1282 4697 1384 4760 talam
1403 4699 1438 4758 in
1457 4699 1622 4761 rectorem
1644 4701 1772 4776 praefici
1792 4703 1915 4778 permi-

276 4793 342 4856 lica
355 4795 460 4854 mater
470 4794 537 4864 tua,
550 4793 607 4853 ubi
622 4797 673 4857 est
685 4793 793 4856 bonor
807 4795 902 4872 eJ'usi
916 4795 945 4856 si
964 4794 1072 4857 domi·
1126 4795 1210 4867 sisti,
1233 4797 1328 4872 cujus
1352 4795 1506 4872 contagio
1530 4796 1688 4859 maculati
1713 4797 1856 4863 tendant
1879 4798 1914 4861 ad

276 4907 332 4964 na,
349 4889 667 4963 ubitimorfNonne
683 4890 785 4964 iniis,
803 4892 837 4954 at
850 4891 1021 4966 bonorem,
1039 4896 1071 4957 et
1125 4892 1296 4955 interitum
1314 4891 1438 4980 'salutis
1460 4892 1605 4956 aetarnae.
1637 4897 1722 4958 Ecce
1754 4898 1914 4974 quomode

274 4987 498 5054 reuerentiam
525 4986 733 5060 subtraxisti,
767 4990 800 5052 at
818 4988 924 5052 foedus
952 4991 1070 5054 iniisse
1124 4990 1237 5067 diligis
1260 5004 1394 5066 gregem
1419 4991 1526 5064 tuum,
1550 5006 1628 5054 ecce
1653 4993 1799 5070 qualiter
1821 5011 1915 5058 exse-

275 5087 400 5152 vidaris
411 5100 486 5148 cum
508 5085 632 5147 incrtat
646 5085 786 5148 Attende
803 5087 923 5150 iterum
937 5090 971 5151 et
984 5105 1068 5150 con-
1125 5103 1228 5165 quens
1239 5087 1383 5150 officium
1396 5088 1575 5179 ppstorale,
1586 5090 1671 5168 quod
1686 5092 1737 5154 est
1749 5093 1912 5156 infirmum

276 5187 398 5258 sidera,
415 5183 442 5245 si
470 5181 658 5260 episcopale
673 5184 827 5247 convenit
850 5185 910 5248 tibi
936 5201 1068 5256 noman,
1124 5185 1324 5258 consolidas,
1337 5186 1370 5247 et
1384 5185 1432 5247 sic
1446 5185 1532 5263 quod
1547 5189 1708 5263 aegrotum
1733 5193 1784 5253 est
1806 5207 1910 5264 sanas,

277 5301 377 5363 quum
388 5283 430 5345 ad
445 5279 686 5370 extrahendum
698 5279 738 5341 de
753 5280 828 5343 lacu
841 5284 1069 5358 perversitatis
1123 5298 1252 5345 necnon
1269 5283 1316 5345 ita
1331 5282 1417 5365 quod
1434 5283 1639 5347 confractum
1661 5287 1712 5349 est
1735 5287 1871 5366 alligas,
1885 5292 1911 5352 et

276 5397 412 5464 gregem
435 5378 497 5442 tibi
525 5377 750 5449 commissum,
767 5379 856 5440 nein
870 5380 1068 5456 profundum
1123 5380 1286 5458 abjectum
1315 5381 1459 5452 reducis,
1486 5382 1519 5444 et
1544 5383 1629 5460 quod
1654 5383 1695 5445 de
1718 5385 1792 5462 ipso
1815 5403 1910 5466 grege

276 5480 400 5552 veniat,
424 5478 457 5539 at
480 5475 678 5548 eorummet,
710 5476 810 5552 prout
840 5475 1068 5554 interpretatio
1123 5477 1232 5556 periit,
1259 5479 1308 5540 sic
1332 5479 1743 5558 requirisi·Disciplinam
1772 5499 1910 5565 namque

275 5579 356 5645 dicti
368 5574 511 5641 nominis
527 5573 716 5638 atoldcium
741 5572 855 5650 exigit,
871 5588 937 5636 non
959 5575 1069 5638 inten—
1122 5575 1257 5647 rideris,
1274 5576 1311 5637 ut
1333 5577 1476 5639 consilio
1500 5577 1661 5656 perditus,
1675 5579 1852 5657 abjecisse,
1867 5585 1909 5645 sic

276 5681 369 5751 dens,
381 5675 439 5740 sed
450 5673 597 5752 ipsumin
607 5672 842 5750 illopermittas
854 5671 1004 5752 immergi
1014 5692 1069 5753 po·
1122 5674 1187 5736 tuis
1198 5672 1314 5736 ovibus
1325 5675 1540 5750 providende,
1555 5677 1588 5738 et
1600 5675 1827 5744 subtrahendo
1843 5681 1909 5744 cbe-
