3948 6326
273 371 333 432 535

271 531 423 593 tuensem
436 528 611 591 ecclesiam
633 526 801 604 possessio
821 525 870 587 sic
891 525 1068 603 abjudica-

272 630 337 702 tur,
355 644 413 689 seu
428 627 505 689 data
531 625 694 697 turbetur,
720 625 753 686 et
777 624 856 686 tunc
878 623 1067 700 archiepis-

273 737 375 805 copus
415 725 603 787 turbatores
641 723 803 784 duntaxat
837 723 1066 798 suspensione,

273 825 326 887 vel
341 822 686 886 excommunicatione
705 821 802 898 prout
817 837 931 881 eorum
947 835 1067 881 exces-

273 939 330 985 sus
360 921 511 998 exegerit
537 937 556 982 a
579 920 828 997 perturbatione
868 920 1066 994 compescat.

273 1019 336 1081 Ubi
364 1035 445 1080 vero
472 1019 506 1078 in
529 1016 774 1093 possessionem
812 1014 928 1075 missio
960 1015 1068 1075 locum

191 1143 194 1148 ·
272 1116 396 1178 habere
411 1132 477 1176 non
497 1115 605 1192 potest
627 1113 909 1190 archiepiscopus,
924 1113 1068 1189 priorem

273 1215 307 1276 et
322 1213 493 1292 syndicum
513 1213 729 1274 Portuensem
744 1212 881 1287 propter
890 1211 1067 1272 contuma-

275 1311 361 1373 ciam
377 1310 652 1381 excommunicet,
683 1309 735 1370 vel
761 1308 950 1384 suspendat,
972 1309 1069 1384 prout

272 1407 395 1471 viderit
409 1408 571 1484 expediri.
585 1409 726 1468 Domum
738 1405 859 1478 autem,
877 1405 910 1466 et
924 1421 1070 1467 conven-

272 1506 355 1579 tum,
379 1521 440 1567 nec
466 1505 654 1578 interdicto,
679 1520 741 1565 nec
763 1503 985 1580 suspensioni,
1008 1519 1069 1564 neo

271 1601 609 1663 excommunicationi
640 1600 818 1676 supponat,
854 1599 920 1659 nisi
954 1596 1068 1660 forsan

219 1689 224 1698 '
271 1713 388 1760 eorum
404 1699 531 1760 malitia
547 1699 649 1775 prior,
667 1701 699 1758 et
716 1698 873 1774 syndicus
897 1697 933 1758 in
949 1697 1069 1758 contu-

271 1797 389 1858 maciae
405 1813 474 1858 suae
487 1795 672 1857 rebellione
688 1796 879 1872 persistant,
897 1796 929 1856 et
941 1796 1019 1856 tunc
1034 1795 1067 1856 in

272 1909 330 1956 eos
345 1894 585 1966 tantummodo,
603 1909 685 1971 quos
705 1909 806 1971 super
829 1893 892 1954 hoc
911 1893 947 1953 in
970 1893 1067 1969 culpa

270 1993 417 2069 reperiet
433 1991 620 2068 hujusmodi
636 1991 748 2053 valeat
769 2005 927 2052 exercere
943 2006 1067 2051 consu-

271 2105 354 2151 ram.
380 2089 474 2150 Nulli
498 2105 577 2165 ergo
607 2089 743 2150 omnino
769 2087 1068 2150 bominum'liceat

271 2186 359 2248 banc
374 2188 530 2264 paginam
543 2186 668 2248 nostrae
682 2185 944 2248 confirmationis
956 2186 1068 2262 etpro-

270 2285 618 2362 vIsIonisinIringere‚
638 2287 691 2348 vel
714 2287 745 2347 ei
772 2303 857 2347 ausu
886 2285 1067 2347 temerario

271 2381 449 2441 contraire.
464 2382 499 2441 Si
515 2381 589 2457 quis
600 2383 710 2442 autem
723 2380 785 2442 boc
798 2381 962 2442 attentare
975 2395 1066 2456 prae-

271 2478 460 2554 sumpserit,
477 2478 738 2554 indignationem
754 2477 990 2554 omnipotentis
1005 2477 1065 2538 Dei

271 2577 305 2637 et
319 2575 490 2636 beatorum
502 2577 591 2637 Petri
606 2577 639 2637 et
650 2577 745 2636 Pauli
757 2575 982 2652 apostolorum
993 2580 1065 2653 ejus

273 2689 309 2734 se
331 2673 461 2735 noverIt
495 2674 718 2735 incursurum.
750 2675 869 2734 Datum
896 2673 1063 2746 Laterani,

271 2773 302 2831 ΙΙ
317 2771 391 2832 idus
418 2770 589 2844 februarii,
620 2771 830 2848 pontificatus
848 2772 953 2833 nostri
978 2787 1066 2832 anno

273 2870 402 2932 octavo.

590 3113 751 3199 CXXIII

338 3265 389 3322 Ad
401 3264 575 3323 Androam
590 3266 762 3336 quondam
782 3265 999 3324 Lurideosem

567 3362 767 3432 archiepisc.

534 3493 568 3549 lii
578 3489 710 3548 februarii
725 3492 802 3550 itti.
962 3572 967 3580 Ι

360 3615 505 3680 [Liljogrem
517 3616 632 3668 Svtenslrt
643 3616 760 3681 diplom,
771 3618 791 3675 l,
804 3616 859 3676 238,
869 3631 894 3666 n.
908 3616 977 3681 226]

269 3740 405 3800 Concedit
415 3748 583 3814 potestatem
611 3740 775 3800 absolvendi
799 3755 860 3810 eos,
877 3741 924 3814 qui
953 3749 1020 3798 sunt
1031 3739 1066 3798 de

305 3829 368 3903 ejus
386 3831 504 3903 speciali
530 3829 636 3887 familia
658 3837 687 3887 et
712 3831 760 3903 qui
780 3829 883 3888 fundos
907 3829 1067 3887 bundensis

305 3918 433 3976 ecclesia
449 3933 500 3992 pro
526 3918 587 3992 ejus
606 3919 769 3990 provisione
794 3919 958 3992 assignatos
980 3916 1063 3975 inba-

304 4005 395 4065 bitant
409 4008 434 4064 si
452 4006 524 4064 sorte
545 4007 697 4065 inciderint
712 4008 739 4064 in
759 4021 900 4064 canonem
915 4009 1066 4065 sententiaa

306 4096 505 4168 promulgatae.

309 4221 476 4283 Honorius
488 4222 674 4298 episcopus,
685 4222 1063 4294 servusservorumllei,

269 4318 453 4383 venerabili
468 4318 564 4381 tratri
580 4325 631 4392 Α.,
649 4320 815 4396 quondam
827 4319 995 4382 Luniensi
1008 4335 1066 4382 ar·

268 4418 491 4495 cbiepiscop0,
505 4418 658 4490 salutem,
673 4420 735 4480 eto.

308 4516 428 4578 Merita
453 4516 519 4578 tuae
543 4515 718 4592 probitatis
741 4519 772 4578 et
796 4515 982 4578 honestatis
998 4532 1062 4577 ex-

267 4615 418 4690 poscunt,
449 4614 485 4675 ut
513 4615 549 4674 in
583 4613 702 4691 quibus
736 4615 829 4676 salva
859 4613 1064 4676 conscientia

267 4727 443 4788 possumus
458 4710 605 4772 favorem
616 4711 676 4774 tibi
692 4711 919 4789 apostolicum
935 4711 1066 4787 impen-

268 4809 396 4870 damus.
421 4808 506 4868 Hinc
530 4809 680 4887 estquod
694 4810 848 4886 precibus
872 4809 938 4869 iuis
962 4808 1063 4868 beni-

267 4922 368 4982 gnum
395 4905 622 4981 impertientes
652 4922 838 4978 assensum,
869 4905 1064 4968 absolvendi

268 5019 325 5067 eos
341 5003 397 5080 qui
413 5005 489 5064 sunt
505 5002 545 5064 de
560 5005 617 5065 tua
630 5003 767 5080 speciali
788 5003 926 5076 familia,
950 5005 983 5066 et
1009 5004 1065 5081 qui

267 5100 387 5164 fundos
413 5099 599 5162 bundensis
620 5101 769 5162 ecclesiae
785 5117 844 5177 pro
865 5103 924 5163 tua
946 5102 1063 5177 provi-

267 5201 361 5262 sione
375 5199 435 5262 tibi
446 5199 634 5275 assignatos
649 5198 846 5271 inhabitant,
863 5199 891 5260 si
905 5199 989 5260 torte
1005 5199 1065 5260 ali·

267 5299 398 5376 quando
424 5297 604 5360 inciderint
628 5297 663 5357 in
704 5311 864 5358 canonem
892 5298 1064 5359 sententiar

268 5395 497 5474 promulgatae,
510 5395 687 5456 dummodo
702 5410 816 5455 eorum
826 5411 984 5455 excessus
998 5410 1063 5455 non

267 5494 311 5555 sit
323 5492 469 5554 difficilis
486 5495 519 5555 et
533 5493 695 5565 enormis;
712 5493 745 5554 et
763 5492 973 5554 conserendis
989 5509 1066 5570 per-

267 5591 359 5652 sonis
374 5590 503 5651 idoneis
513 5589 676 5652 beneficia
686 5591 723 5651 in
735 5590 833 5652 dictis
851 5590 963 5652 tundis
981 5608 1064 5653 con-

264 5687 418 5751 stetentta
450 5705 550 5766 quum
581 5688 758 5760 vacabunt,
783 5688 845 5751 tibi
866 5690 1065 5752 auctorItate

891 365 1068 427 uouonu
1090 365 1136 426 ru
1156 362 1305 424 ornan.
1647 339 1651 347 '
1851 356 1899 416 sse

1123 519 1337 601 praesentium
1357 515 1569 580 concedimus
1588 516 1793 592 potestatem.
1820 517 1898 578 Nulli

1124 635 1214 696 ergo,
1241 619 1304 680 otc.
1322 617 1357 678 si
1373 616 1447 693 quis
1462 617 1582 686 autem,
1599 615 1662 676 etc.
1677 614 1795 676 Datum
1812 615 1896 676 Late·

1123 718 1209 790 rani,
1226 719 1286 780 XV
1310 715 1471 776 kalendas
1484 713 1576 782 maii,
1593 729 1681 774 anno
1694 713 1818 774 octavo

1249 1145 1300 1205 Ad
1310 1146 1469 1216 priorem
1488 1145 1790 1204 camaldulensem.

1384 1275 1416 1330 lti
1429 1271 1563 1332 februarii
1579 1273 1656 1331 liti.

1201 1397 1353 1462 [blittarelli,
1367 1399 1460 1450 Annal.
1471 1396 1624 1457 Camaldul„
1639 1397 1683 1456 lli,
1700 1411 1758 1462 app.
1772 1395 1835 1460 bid]

1141 1523 1253 1582 Litterae
1265 1524 1351 1596 priori
1365 1523 1575 1583 camaldulensi
1590 1538 1641 1596 pro
1653 1521 1787 1581 llattbaeo
1797 1520 1882 1578 abbate

1395 1612 1644 1685 berardingorum.

1162 1732 1329 1793 Honorius
1341 1731 1527 1812 episcopus,
1539 1746 1656 1792 servus
1666 1729 1893 1798 servorumllei,

1123 1827 1242 1892 dilecto
1259 1827 1364 1888 tilio...
1380 1827 1485 1905 priori
1505 1826 1764 1895 camaldulensi,
1777 1826 1894 1886 salutem

1123 1926 1386 2003 etapostolioam
1401 1925 1681 1988 benedictIonem.

1164 2025 1269 2096 Quum
1294 2039 1401 2101 nuper
1421 2024 1623 2086 monasterio
1646 2023 1801 2084 Albaren.
1825 2020 1893 2097 quod

1122 2120 1162 2180 ad
1176 2123 1360 2182 Romanam
1376 2123 1557 2184 Ecclesiam
1573 2122 1666 2196 nullo
1681 2119 1819 2198 pertinet
1835 2133 1892 2178 ne-

1122 2216 1245 2290 diante,
1261 2221 1404 2295 pastoriS
1418 2219 1537 2281 solatio
1549 2219 1720 2291 destituto,
1732 2217 1835 2279 dilecti
1846 2215 1892 2275 tilii

1122 2317 1303 2378 conventus
1317 2318 1465 2395 ejusdem
1477 2317 1672 2379 monasterii
1683 2313 1890 2378 convenientes

1122 2414 1291 2488 inunum,
1320 2416 1474 2477 invocata
1500 2415 1641 2492 Spiritus
1668 2413 1781 2476 Sancti
1795 2411 1889 2489 gratia,

1122 2511 1278 2573 dilectum
1302 2513 1444 2574 tilium...
1475 2513 1627 2574 abbatem
1658 2511 1842 2574 monasterii
1860 2510 1889 2568 de

1122 2611 1346 2686 Berardingis
1364 2612 1450 2689 quod
1467 2611 1508 2672 ad
1527 2613 1620 2672 tuum
1634 2610 1816 2672 coenobium
1829 2623 1889 2684 per·

1121 2707 1228 2770 tinere
1250 2708 1467 2785 dignoscitur,
1495 2709 1530 2769 in
1544 2709 1698 2770 abbatem
1724 2725 1813 2769 suum
1834 2706 1887 2766 ele·
1951 2765 1952 2770 ,

1121 2807 1230 2882 gerini
1242 2808 1274 2869 ei
1284 2809 1461 2885 pastorem,
1475 2808 1685 2870 devotionem
1696 2809 1784 2868 tuam
1798 2819 1889 2865 mone·

1121 2920 1205 2978 mus,
1223 2921 1281 2982 per
1295 2906 1484 2983 ApostolIca
1495 2906 1554 2969 tibi
1566 2906 1692 2984 scripta
1708 2903 1886 2970 mandantes,

1122 3003 1284 3079 quatenus
1302 3004 1409 3066 eidem
1430 3021 1450 3066 a
1467 3005 1612 3078 vinculo,
1630 3021 1696 3082 quo
1716 2999 1887 3064 monasterio

1121 3101 1161 3161 de
1177 3101 1390 3178 Berardingis
1405 3103 1549 3175 tenetur,
1566 3104 1699 3180 penitus
1710 3100 1847 3163 absoluto
1858 3095 1888 3156 ad

1121 3198 1301 3262 alborense
1314 3203 1551 3263 monasterium
1568 3199 1764 3263 transeundi
1786 3196 1887 3259 tribuas

1122 3294 1888 3370 liberamtacultatem.DatumLaterani,Xlllla·

1121 3395 1236 3458 lendes
1258 3397 1381 3470 martii,
1397 3413 1485 3459 anno
1501 3397 1628 3460 octavo.

1452 3675 1588 3762 CXXV

1269 3829 1320 3888 Ad
1333 3829 1478 3888 Ericum-
1492 3842 1611 3902 regem
1625 3829 1762 3890 Sociice.

1379 3958 1414 4015 20
1428 3957 1561 4017 februarii
1577 3960 1656 4017 1224.

1214 4081 1476 4146 [Liljegremswenskt
1487 4082 1603 4147 diplom,
1612 4083 1696 4142 itas
1714 4097 1739 4132 n.
1752 4079 1813 4144 m]

1121 4209 1156 4266 Ut
1168 4207 1296 4278 quiescat
1308 4207 1489 4284 presbyteros
1502 4217 1531 4267 et
1543 4210 1661 4267 clericos
1673 4209 1755 4283 regni
1769 4206 1808 4264 sui
1816 4215 1883 4274 expe·
1951 4235 1952 4242 κ

1156 4296 1291 4353 ditionem
1306 4299 1434 4370 angariis
1448 4306 1477 4356 et
1491 4299 1544 4356 alis
1556 4297 1739 4356 saecularibus
1753 4289 1883 4355 exactioni·

1155 4385 1208 4444 bus
1223 4401 1384 4458 aggravare
1397 4394 1427 4444 et
1438 4389 1600 4445 molestare.

1160 4515 1338 4587 Honorius,
1350 4515 1425 4588 eto,
1438 4515 1612 4578 carissimo
1624 4510 1884 4577 ianristofilio...

1119 4611 1242 4674 illustri
1253 4613 1348 4688 regni
1363 4613 1495 4681 Svetiae,
1511 4614 1663 4676 salutem.

1160 4711 1340 4772 Remittere
1364 4712 1609 4773 consueverunt
1629 4727 1726 4786 reges
1751 4698 1886 4770 catholici

1120 4807 1281 4880 ecclesiis
1294 4807 1328 4870 et
1342 4809 1473 4870 clericis
1488 4809 1625 4871 obtentu
1648 4809 1768 4870 divinae
1778 4797 1886 4882 pietalis

1120 4907 1288 4980 angarias,
1306 4907 1405 4968 eteos
1419 4922 1438 4966 a
1450 4906 1670 4968 secularibus
1685 4897 1885 4968 exactionibus

1119 5003 1273 5066 liberare.
1289 5004 1384 5066 Unde
1403 5021 1463 5066 nec
1478 5004 1534 5066 tuo
1559 5001 1751 5066 conventret
1775 4991 1882 5060 honori,

1119 5118 1181 5162 nec
1195 5101 1295 5163 saluti
1310 5102 1411 5164 eiiam
1430 5101 1613 5179 expediret,
1631 5102 1667 5163 ut
1692 5095 1884 5178 scattiolico·

1118 5215 1192 5260 rum
1209 5215 1323 5275 regum
1336 5200 1480 5272 tramite,
1498 5217 1638 5278 quorum
1660 5201 1692 5262 te
1708 5197 1796 5260 decet
1811 5185 1884 5265 sequi

1119 5299 1272 5374 vestigia,
1282 5298 1431 5370 devians,
1442 5298 1581 5360 clericos
1595 5310 1790 5376 aggravares
1802 5300 1885 5362 anga-

1119 5395 1192 5462 riis.
1224 5398 1256 5458 et
1280 5399 1394 5458 contra
1420 5397 1682 5458 ecclesiasticam
1711 5392 1884 5470 deprimeres

1120 5493 1317 5557 libertatem.
1346 5494 1617 5570 significantibus
1638 5511 1718 5556 sane
1742 5486 1826 5564 regni
1848 5478 1884 5541 tui
1951 5487 1952 5490 ’

1120 5591 1296 5669 episcopis,
1309 5591 1512 5669 presbyteris
1526 5594 1558 5654 et
1572 5592 1649 5654 aliis
1664 5588 1788 5654 clericis
1805 5576 1885 5643 intel·

1119 5691 1275 5762 leximus,
1301 5690 1385 5766 quod
1412 5691 1449 5751 tu
1479 5689 1612 5752 eosdem
1642 5687 1838 5768 presbyteros
1859 5673 1884 5733 ti
1951 5681 1952 5728 1
