4168 6344
279 382 321 444 75
903 377 1079 450 uortota'tt
1101 389 1147 450 111
1167 389 1315 452 OPERA.
1883 385 1927 455 76

282 561 356 608 eam
374 542 415 606 de
427 559 570 624 persona
584 545 743 620 litterata,
760 547 794 608 et
802 545 922 610 idonea
934 543 1076 610 invene·

282 642 357 704 ritis
382 643 543 704 canonice
566 643 785 718 celebratam,
802 643 909 722 ipsam
929 644 1077 707 auotori-

281 741 352 802 tate
362 740 552 817 Apostolica
565 740 767 803 confirmetis
779 741 813 803 ei
826 741 958 804 faciatis
970 741 1076 804 electo

281 851 403 897 munus
424 836 665 899 benedictionis
684 838 822 915 imponi.
841 839 933 911 Quod
957 839 988 899 si
1009 853 1075 900 non

282 935 1074 1016 omnesetc.DatumLaterani,idibusjanuarii,

281 1032 496 1108 pontificatus
505 1033 611 1095 nostri
625 1048 713 1095 anno
727 1035 835 1096 sexto.

615 1328 745 1416 XCIII

281 1479 335 1540 Ad
361 1478 517 1542 abbatem
539 1478 573 1542 et
596 1479 803 1542 convectum
825 1479 1075 1542 cluniacenses.

542 1609 577 1668 to
592 1608 717 1684 januarii
733 1609 811 1670 1222.

311 1731 432 1796 [liegest.,
445 1731 489 1784 lib.
502 1733 546 1795 lii,
555 1733 628 1798 epist.
642 1733 696 1784 lilss.
711 1733 769 1785 ldss.
782 1735 819 1784 La
832 1733 909 1784 Porta
920 1729 956 1783 du
967 1729 1061 1796 lircil]

278 1857 439 1916 licentiam
452 1856 583 1916 concedit
602 1857 698 1916 Sancti
718 1859 849 1932 llugonis
864 1873 970 1932 cerpus
983 1865 1075 1915 trans·

441 1945 549 2005 terendi
564 1947 592 2004 in
610 1947 705 2005 locum
719 1946 917 2005 celebriorem.

321 2073 501 2142 Honorius,
547 2074 609 2146 tc.,
639 2075 771 2137 dilectis
797 2074 877 2136 tiliis
903 2072 1015 2136 abbati
1044 2072 1078 2135 et

282 2171 461 2234 couventui
476 2171 680 2244 Cluniacen,
696 2173 848 2245 salutern,
863 2173 926 2234 etc.

322 2272 373 2331 Ex
386 2271 482 2347 parte
495 2272 608 2332 restra
622 2268 685 2331 suit
698 2269 794 2331 nobis
809 2269 982 2331 humiliter
997 2283 1078 2346 sup·

280 2365 451 2444 plicatum,
465 2368 502 2429 ut
516 2383 591 2430 oum
603 2383 723 2445 corpus
735 2367 824 2429 beati
834 2367 984 2444 Hugonis
996 2381 1078 2428 cou-

282 2463 432 2538 tessoris,
445 2480 542 2544 quern
558 2465 665 2526 felicis
680 2465 848 2528 memoriae
862 2464 1076 2528 innocentius

280 2577 368 2640 papa
384 2565 425 2636 11,
437 2561 663 2640 praedecessor
676 2564 790 2626 noster
804 2564 997 2624 sanctorum
1014 2577 1076 2622 ca-

280 2659 391 2746 talogo
403 2660 807 2737 aggregavitsitinnimts
816 2659 1017 2722 humililooo
1028 2675 1078 2720 se·

279 2757 892 2836 pultum,illudinlocumoelebriorem
901 2757 1076 2820 transferri

278 2854 320 2916 de
343 2855 458 2917 nostra
477 2855 697 2931 permissione
721 2855 849 2917 liceret.
879 2853 948 2916 Nos
973 2853 1078 2930 igitur

278 2952 345 3030 piis
358 2952 512 3029 precibus
521 2954 642 3016 restris
652 2952 833 3029 benignum
848 2951 1076 3029 impertientes

280 3065 466 3122 assensum,
477 3051 674 3114 auctoritate
684 3051 898 3128 praesentium
907 3049 1076 3111 licentiam

280 3143 375 3206 vobis
385 3145 597 3207 concedimus
612 3145 825 3222 postulatam.
845 3147 964 3206 Datum
978 3145 1078 3206 bate-

281 3241 368 3314 rani,
393 3243 484 3304 xvii
499 3241 661 3305 kalendas
675 3241 849 3316 iebruarii,
865 3240 1078 3320 pontificatus

283 3339 390 3402 nostrl
408 3353 497 3402 auno
519 3338 626 3402 sexto.

616 3599 742 3688 xciv

383 3751 434 3815 Ad
460 3753 743 3816 suessionensem
768 3753 976 3827 episcopum.

545 3885 578 3942 li
591 3881 717 3957 ianuarii
732 3883 812 3940 litt.

315 4007 436 4074 [Regest.
447 4006 493 4060 lib.
507 4005 550 4065 Vl,
562 4006 637 4072 epist.
647 4006 701 4057 til.
713 4006 897 4058 ldss.LsPorte
906 4006 940 4056 du
952 4004 1045 4070 Thali]

284 4135 339 4194 Dat
349 4133 389 4190 illi
405 4131 549 4191 licentiam
561 4130 705 4190 statuendi
719 4130 795 4204 quod
810 4130 970 4189 emendum
984 4133 1075 4188 ileum

319 4221 423 4279 viderit
437 4219 571 4294 expedire
587 4219 672 4276 saluti
693 4220 854 4278 animarum
869 4222 898 4276 in
909 4218 1079 4292 prioratibus

318 4310 485 4369 monialium
508 4308 593 4366 tontis
608 4307 733 4368 Ebraudi
747 4323 812 4382 que
825 4316 940 4382 propter
958 4308 1077 4366 nimiam

319 4405 515 4474 paupertatem
528 4398 745 4456 iulenocinium
759 4395 931 4457 incidebant.

1129 549 1254 623 tuctur,
1266 550 1313 613 ita
1325 549 1480 614 videlicet
1493 552 1530 614 ut
1543 549 1780 615 decedentibus
1796 550 1925 630 aliqui-

1130 645 1192 708 bus
1206 664 1250 709 ex
1272 647 1398 710 eisdem
1419 649 1494 710 aliae
1510 665 1575 712 non
1597 647 1843 712 subsumetur
1862 648 1928 711 ibi-

1130 741 1217 816 dem,
1238 744 1505 824 donecipsarum
1527 746 1705 808 multitudo
1729 746 1926 808 monialium

1130 840 1172 902 ad
1187 843 1344 903 statutum
1359 856 1532 903 nnmerum
1547 843 1727 919 redigatur,
1753 843 1820 904 nisi
1842 842 1926 906 forte
2020 870 2027 882 ¹

1127 939 1166 1000 in
1184 938 1313 1001 tanturn
1329 941 1519 1002 eorumdem
1541 940 1748 1018 prioratuum
1762 955 1927 1003 aserere-

1129 1037 1200 1098 rint
1218 1037 1393 1100 facultates
1412 1038 1499 1116 quod
1513 1037 1627 1118 plures
1640 1039 1676 1100 in
1691 1038 1742 1100 eis
1765 1037 1928 1100 moniales

1129 1135 1264 1197 valeant
1295 1149 1442 1214 congrue
1472 1136 1802 1208 sustentaremus
1830 1135 1927 1197 noffls

1131 1231 1305 1296 humiliter
1324 1234 1531 1312 supplicasti,
1551 1234 1589 1296 ut
1602 1249 1702 1312 super
1715 1233 1771 1295 bis
1783 1234 1929 1311 Aposto-

1131 1330 1205 1392 lieae
1212 1331 1428 1408 dignaremur
1439 1331 1639 1410 provisionis
1654 1331 1770 1393 oeulos
1780 1331 1926 1409 aperire.

1131 1429 1201 1489 Nos
1215 1428 1319 1506 igitur
1331 1429 1464 1506 plenam
1485 1429 1526 1491 de
1539 1429 1742 1491 discretione
1759 1429 1819 1492 tua
1836 1427 1927 1490 tido-

1128 1526 1218 1586 eiam
1239 1526 1437 1600 obtinentes,
1460 1527 1674 1605 praesentium
1696 1525 1758 1588 tibi
1778 1525 1929 1588 auctori-

1129 1623 1201 1686 tata
1219 1624 1425 1698 mandamus,
1444 1625 1607 1702 quatenus
1622 1624 1658 1685 in
1677 1623 1775 1685 dictis
1792 1623 1929 1702 priora-

1129 1721 1219 1784 tibus
1232 1721 1359 1784 statuas
1369 1721 1456 1800 quod
1466 1721 1565 1785 saluti
1576 1721 1763 1783 animarum
1775 1721 1930 1782 servien-

1129 1817 1214 1880 tium
1229 1819 1263 1880 in
1276 1817 1401 1881 eisdem
1413 1820 1604 1897 etipsarurn
1619 1818 1837 1880 ecclesiarum
1859 1816 1930 1878 uti-

1130 1915 1218 1978 litati
1251 1917 1432 1978 secundum
1459 1919 1563 1978 Deum
1593 1916 1720 1978 rideris
1756 1913 1927 1993 expedire.

1131 2013 1249 2075 Datum
1275 2013 1443 2086 Laterani,
1473 2013 1548 2076 XVI
1573 2013 1735 2075 kalendas
1751 2011 1927 2086 februarii,

1132 2127 1218 2173 anno
1234 2111 1340 2173 sexto.

1481 2362 1587 2450 XCV

1130 2515 1183 2576 Ad
1190 2513 1400 2593 mopistrmm
1407 2513 1441 2576 et
1450 2514 1582 2589 fratres
1590 2515 1711 2575 demtis
1723 2511 1929 2575 DeiSonctm

1311 2613 1509 2675 ceruariae
1524 2613 1750 2674 parisiensis,

1399 2745 1431 2802 lt
1441 2742 1566 2818 januarii
1581 2743 1661 2802 1222.

1133 2865 1267 2930 [deliba.
1279 2865 1390 2918 Histoire
1399 2866 1431 2917 ds
1439 2866 1519 2926 Paris,
1534 2867 1573 2926 lll,
1583 2867 1628 2926 67;
1637 2865 1768 2929 idolium,
1778 2860 1929 2928 Antiquitds

1301 2947 1333 2998 de
1345 2945 1427 3007 Paris,
1440 2946 1489 2998 illi
1500 2947 1573 2998 etllu
1587 2945 1671 3004 Breol,
1684 2944 1753 3010 itii]

1164 3060 1222 3120 Sub
1234 3060 1311 3120 beati
1326 3061 1400 3120 Petri
1412 3067 1443 3120 et
1455 3075 1508 3120 aua
1521 3064 1698 3134 protectione
1711 3063 1829 3124 donum
1841 3067 1896 3124 Ilei

1307 3150 1419 3208 Sancto
1438 3148 1599 3210 catharine
1615 3153 1743 3226 suscipit.

1170 3276 1339 3340 Honorius
1350 3275 1535 3354 episcopus,
1546 3293 1663 3341 servus
1671 3295 1844 3342 servorum
1853 3280 1926 3354 Dei,

1132 3372 1261 3435 dilectis
1272 3373 1350 3434 tlliis
1359 3372 1736 3450 magistroetrratrinus
1744 3377 1929 3456 Hospitalis

1132 3471 1249 3534 domus
1274 3470 1333 3533 Dei
1354 3471 1484 3534 Sanctae
1506 3473 1693 3536 catharinae
1709 3475 1924 3549 Parisiensis,

1132 3567 1272 3632 salutern
1287 3571 1319 3632 et
1333 3569 1551 3646 apostolicam
1573 3569 1846 3634 benedictionem.

1171 3667 1252 3727 Corn
1276 3681 1297 3727 a
1321 3666 1417 3728 nobis
1438 3668 1563 3745 petitur
1585 3667 1672 3745 quod
1683 3670 1811 3745 justum
1825 3669 1876 3731 est
1894 3669 1929 3732 et

1132 3763 1318 3837 honesturn,
1335 3766 1403 3827 tam
1424 3765 1522 3842 vigor
1544 3765 1712 3844 squatus
1732 3781 1831 3843 quam
1846 3765 1928 3829 ordo

1132 3862 1237 3938 exigit
1248 3863 1400 3936 rationis
1415 3862 1452 3924 ut
1463 3863 1496 3924 id
1512 3877 1571 3940 per
1583 3862 1841 3925 sollicitudinem
1856 3863 1928 3926 orn-

1133 3959 1177 4021 cii
1198 3959 1303 4021 nostri
1327 3960 1369 4021 ad
1384 3959 1529 4022 debiturn
1544 3959 1745 4036 perducatur
1758 3959 1925 4023 effectum.

1133 4057 1179 4117 Ea
1195 4057 1339 4133 propter,
1360 4057 1472 4120 dilecti
1496 4057 1532 4118 in
1551 4055 1690 4119 Domino
1712 4055 1783 4130 filii,
1802 4058 1925 4119 restris

1129 4153 1231 4232 justis
1259 4152 1538 4232 postulationibus
1565 4155 1661 4231 grato
1688 4156 1927 4216 concurrentes

1133 4266 1284 4324 assensu,
1298 4267 1459 4329 personas
1479 4253 1609 4314 vestras
1633 4253 1666 4314 et
1679 4249 1789 4314 locum
1809 4251 1844 4313 in
1864 4269 1930 4330 quo

1133 4348 1246 4412 divino
1262 4349 1342 4410 estis
1358 4347 1517 4427 obsequio
1532 4348 1723 4426 mancipati,
1741 4364 1815 4410 curn
1826 4350 1932 4410 omni-

1132 4446 1194 4508 bus
1209 4446 1306 4508 bonis
1319 4460 1392 4525 quae
1414 4447 1450 4507 in
1469 4447 1724 4522 presentiarum
1742 4444 1930 4508 rationabi-

324 4545 503 4618 Honorius,
520 4545 594 4617 etc,
612 4541 799 4606 venorabili
813 4541 910 4606 tratri
923 4542 1079 4605 suessio·
1132 4544 1208 4606 liter
1222 4543 1413 4620 possidetis,
1426 4544 1485 4605 aut
1498 4544 1534 4604 in
1546 4543 1693 4605 tutorum
1702 4544 1804 4621 justis
1815 4541 1927 4604 modis

284 4659 362 4707 nen.
379 4643 547 4720 episcopo.
1131 4643 1310 4719 praestante
1339 4640 1479 4702 Domino
1505 4639 1656 4718 poteritis
1683 4640 1838 4718 adipisci,
1865 4639 1927 4701 sub

322 4743 393 4804 Tua
406 4738 699 4802 nobistraternitas
713 4737 1077 4815 intimaritqnodcurn
1131 4738 1220 4801 beati
1244 4739 1334 4800 Petri
1356 4740 1389 4801 et
1408 4739 1520 4800 nostra
1545 4737 1750 4814 protectione
1778 4737 1926 4816 suscipi-

282 4841 318 4902 in
333 4838 467 4900 dioecesi
478 4837 535 4900 tua
549 4834 683 4914 quidam
697 4836 866 4914 prioratus
880 4833 1076 4897 monialium
1131 4853 1216 4906 mus,
1242 4836 1275 4898 et
1298 4836 1474 4913 praesentis
1494 4835 1608 4913 scripti
1629 4835 1817 4913 patrocinio
1832 4849 1927 4896 com·-

283 4936 384 5000 iontis
395 4934 540 4998 Ebraudi
550 4935 744 5006 consistant,
754 4933 915 4995 moniales
928 4934 1076 5011 ipsorum
1131 4934 1308 4995 mimimus.
1333 4932 1427 4994 Nulli
1445 4947 1525 5009 ergo
1540 4932 1675 4996 omuino
1697 4933 1868 4994 hominum
1882 4932 1927 4993 li-

282 5052 326 5098 es
339 5049 379 5097 eo
394 5031 481 5112 quod
497 5049 564 5110 prae
580 5031 683 5093 nimia
708 5030 921 5094 multitudine
938 5029 979 5092 de
994 5046 1076 5108 pro·
1131 5033 1204 5094 oeat
1216 5031 1303 5092 banc
1321 5031 1476 5108 paginam
1491 5032 1613 5093 nostrae
1635 5030 1850 5108 protectionis
1871 5030 1928 5091 in-

282 5133 366 5212 priis
392 5129 605 5195 facultatibus
628 5129 808 5191 sustentari
833 5144 900 5192 nou
925 5129 1073 5206 possunt,
1130 5130 1287 5204 fringere,
1310 5129 1363 5190 vel
1387 5128 1419 5191 ei
1440 5143 1524 5189 ausu
1538 5129 1716 5190 temerario
1744 5128 1923 5191 contraire.

280 5233 319 5294 tn
334 5229 548 5301 lenocinium,
564 5229 597 5290 et
613 5228 680 5289 alia
693 5225 859 5304 impudica
877 5226 911 5289 et
925 5225 1074 5288 enormia
1130 5227 1165 5288 Si
1176 5227 1250 5303 quis
1265 5227 1375 5288 autem
1395 5224 1458 5287 boo
1478 5225 1643 5287 attentare
1661 5226 1923 5303 presumpserit,

283 5323 863 5408 plerumquepropterintolerabilem
870 5325 1074 5402 paupertatis
1128 5324 1391 5402 indignationem
1419 5322 1654 5399 omnipotentis
1669 5324 1740 5396 Dei,
1761 5324 1795 5385 et
1808 5323 1926 5386 beato—

281 5427 428 5504 inopiam
440 5424 674 5486 miserabiliter
686 5422 893 5495 incidunt,in
908 5437 976 5482 suae
988 5421 1076 5483 salu·
1128 5437 1202 5482 rurn
1218 5422 1308 5483 Petri
1328 5421 1361 5483 ot
1375 5419 1471 5482 Pauli
1486 5419 1710 5497 apostolorum
1721 5422 1795 5497 ejus
1808 5435 1845 5481 se
1856 5435 1924 5481 no-

280 5526 325 5589 tis
351 5523 560 5602 dispendium
573 5523 605 5586 et
628 5522 822 5584 scandalum
840 5520 1071 5598 plurimorum.
1128 5520 1214 5580 verit
1228 5519 1450 5580 incursurum.
1465 5520 1583 5581 Datum
1595 5517 1762 5590 Laterani,
1776 5519 1851 5579 xvl
1866 5517 1924 5578 ka-

283 5625 377 5688 Unde
390 5622 451 5685 tibi
462 5621 569 5682 visum
592 5623 642 5684 est
656 5621 825 5698 expedire,
844 5619 929 5680 utin
946 5617 1072 5679 eisdem
1128 5617 1243 5678 landas
1269 5616 1440 5689 februarii,
1467 5615 1677 5694 pontificatus
1700 5615 1808 5677 nostri
1831 5629 1922 5677 anno

281 5721 483 5804 prioratibus
496 5720 606 5783 cortus
621 5717 815 5781 monialium
827 5731 984 5778 numerus
1004 5715 1074 5777 sta-
1129 5716 1234 5776 sexto.
