4018 6320
795 451 799 458 ¹
883 379 1061 440 HONORII
1083 375 1128 439 III
1148 379 1296 440 OPERA.

618 547 711 637 LIII

269 691 320 762 Ad
333 700 470 762 abbates
484 702 525 760 de
539 701 652 760 Horto
673 699 809 760 Sartctoe
829 702 957 760 Murice
971 701 1005 761 et
1019 702 1060 760 dc

319 802 479 868 boccum,
500 801 632 858 ordinis
644 797 1006 858 Proemousiraiensis.

457 936 536 1010 (Sine
559 943 624 992 nota
640 935 868 1010 chronologica.)

423 1057 515 1122 [linge
526 1059 606 1110 Sacrae
617 1059 696 1124 anth.
708 1073 787 1118 mom,
799 1059 819 1118 l,
829 1059 897 1124 tin]

268 1184 317 1242 Eis
329 1181 446 1240 mandat
459 1191 490 1241 ut
510 1183 546 1240 de
566 1183 680 1256 querela
702 1185 820 1242 Emonia
840 1184 983 1256 praepositi
995 1198 1059 1242 con-

302 1279 460 1343 ventusque
470 1272 635 1328 monasterii
646 1271 749 1330 Floridi
763 1272 841 1330 llorti
854 1279 951 1330 contra
965 1271 1056 1330 Theo·

302 1358 441 1429 doricum,
457 1361 711 1417 honestariensem
727 1361 903 1433 episcopum,
918 1375 1057 1418 convoca·

302 1446 338 1504 tis
353 1445 479 1520 partibus
493 1461 610 1504 causam
626 1446 683 1503 tine
698 1446 794 1504 debito
807 1447 968 1504 terminent.

307 1589 476 1650 Honorius
487 1589 1056 1666 episcopus,servusservorumbei,

194 1738 198 1746 ,
267 1685 396 1747 dilectis
414 1687 492 1746 illlis
507 1687 546 1748 de
561 1689 663 1748 Horto
683 1689 811 1748 Sanctae
824 1687 944 1765 {Mariae
964 1690 998 1748 et
1019 1687 1058 1748 de

265 1784 409 1844 Doccum
424 1783 598 1844 abbatibus
618 1785 948 1846 Praemonstralensis
968 1785 1059 1847 ordi-

267 1880 331 1948 nis,
350 1881 491 1952 splutem
515 1881 550 1942 in
567 1881 706 1943 Domino
721 1885 754 1943 et
769 1881 989 1958 Apostolicam
1000 1881 1061 1942 be·

266 1977 499 2039 sedictionem.

306 2077 355 2134 Es
374 2076 468 2150 parte
483 2075 652 2152 praepositi
672 2076 705 2136 et
724 2075 905 2136 convenius
924 2091 1057 2136 monas·

265 2171 342 2231 terii
358 2171 486 2232 Floridi
512 2173 606 2232 Horti
630 2173 958 2233 Prasmonstratensis
973 2171 1059 2233 ordi-

265 2266 317 2326 nis
343 2267 437 2327 nobis
460 2268 569 2330 oblata
585 2269 731 2345 querela,
747 2270 831 2345 quod
858 2269 1057 2330 venerabilis

265 2361 368 2424 irater
392 2366 506 2425 noster
523 2366 795 2428 Monasteriensis
818 2367 991 2443 episcopus
1006 2368 1059 2442 ip-

265 2471 320 2520 sos
340 2459 494 2522 indebitis
510 2463 738 2524 exactionibus
753 2466 916 2539 aggravat
934 2465 967 2526 et
981 2480 1057 2527 mo-

262 2555 372 2628 lestat,
387 2559 471 2618 alias
494 2559 542 2620 eis
561 2558 740 2634 plurimum
762 2561 945 2638 injuriosus
967 2562 1058 2622 exis-

264 2653 349 2715 tens.
376 2655 517 2732 Ideoque
532 2656 724 2718 discretioni
739 2658 857 2718 vestrae
874 2674 933 2734 per
946 2663 1056 2733 Apos-

264 2749 364 2812 tolica
381 2753 504 2829 scripta
530 2754 736 2843 mandamus,
761 2756 935 2832 quatenus,
952 2755 1059 2832 parti-

263 2846 324 2908 bus
347 2851 547 2923 convocatis
569 2852 712 2913 audiatis
727 2867 862 2912 causam
883 2853 925 2924 et,
942 2854 1058 2930 appel-

263 2935 387 3006 latione
421 2951 564 3021 remota,
602 2949 667 3009 line
704 2949 814 3011 debito
849 2949 1053 3022 terminetis,

263 3041 424 3104 iacientes
434 3045 519 3120 quod
533 3045 759 3118 decreveritis
770 3047 966 3109 auctoritate
977 3064 1057 3108 nos-

80 3204 86 3219 (
167 3181 168 3184 ,
262 3140 315 3200 tra
331 3139 469 3202 tirmiter
493 3142 674 3204 observari.
690 3145 805 3205 Testes
822 3160 901 3206 vero
924 3146 979 3222 qui
996 3161 1057 3206 no-

264 3236 393 3308 minati,
410 3239 472 3298 etc.

616 3477 704 3566 LIV

301 3628 353 3686 Ad
368 3629 551 3704 Htcooucm
569 3630 807 3690 Arelatensem
821 3633 1016 3704 episcopum

480 3729 620 3798 cjutscuc
634 3728 834 3801 capitulum.

521 3867 553 3922 et
568 3865 697 3923 decemb.
710 3867 789 3924 liii.

403 3985 497 4052 [Gallia
514 3987 616 4046 cumr..
631 3988 650 4047 l,
667 3989 718 4052 (aa.
734 3989 813 4050 tuo),
826 4004 852 4054 p.
866 3949 924 4054 unp

262 4107 312 4165 Eis
326 4107 434 4166 inbibat
446 4125 482 4166 ne
499 4116 623 4167 castrum
639 4111 750 4168 Salonis
770 4111 865 4182 adjus
883 4120 912 4169 et
926 4114 1052 4185 proprie·

295 4203 383 4254 tatem
402 4198 577 4254 Arelatensis
590 4198 720 4255 ecclesie
733 4200 878 4270 pertinens
886 4199 1053 4269 distrahere,

294 4293 467 4358 permutare,
487 4286 534 4344 vel
556 4287 612 4342 alio
632 4285 718 4344 modo
737 4287 862 4344 alienare
876 4288 1055 4361 anquatenus

295 4375 464 4432 sustineant.

299 4502 466 4562 Honorius
477 4503 664 4578 episcopus,
675 4517 791 4563 servus
803 4504 1053 4575 servorumitei,

258 4598 449 4659 venerando
477 4597 573 4659 tratri
602 4599 853 4675 archiepiscopo
872 4599 904 4660 et
925 4599 1054 4660 dilectis

260 4694 338 4754 tiliis
352 4695 496 4770 capitulo
506 4695 704 4764 Arelatensi,
718 4697 858 4757 salutem
873 4697 906 4756 et
918 4697 1056 4772 Aposto-

260 4788 359 4848 licam
373 4787 647 4851 benedIctionem.

299 4887 379 4946 Cum
392 4901 436 4945 ex
451 4889 614 4962 susceptae
630 4887 801 4948 servitutis
817 4887 939 4958 cilicio,
952 4886 1055 4948 eccle·

260 4983 385 5044 siarum
423 4997 504 5043 cura
534 4982 630 5042 nobis
667 4984 840 5051 immineat
873 4985 1052 5059 generalis,

259 5095 387 5141 summa
396 5079 492 5140 nobis
503 5081 554 5140 esi
568 5077 792 5140 sollicitudine
802 5081 1051 5157 providendum,

259 5193 301 5238 ne
322 5193 381 5253 pro
396 5177 585 5252 aliquorum
602 5176 792 5247 insolentia,
805 5177 889 5254 juris
905 5178 957 5238 sui
975 5194 1053 5238 sus-

258 5273 388 5333 tineant
403 5273 586 5333 laesionem.
604 5272 689 5332 Hinc
702 5274 763 5345 est,
781 5274 866 5350 quod
883 5274 1052 5334 indemni-

258 5369 382 5431 tatibus
408 5369 614 5430 Arelatensis
637 5369 787 5432 ecclesiae
803 5372 940 5447 paterna
956 5371 1052 5432 solli·

259 5466 405 5527 citudiue
421 5467 595 5542 providere
608 5467 767 5539 valeniae,
778 5483 820 5528 ne
831 5470 976 5529 castrum
992 5470 1054 5528 Sa-

259 5564 357 5635 lonis,
373 5563 459 5640 quod
474 5563 514 5624 ad
532 5565 587 5640 Jus
603 5566 636 5625 et
659 5565 891 5641 proprietatem
905 5566 1051 5642 ejusdem

260 5660 423 5733 acclesiae,
449 5676 524 5722 cum
557 5661 766 5738 pertiuentiis
793 5663 862 5724 suis
886 5664 1052 5740 pertinere

1841 378 1896 439 756

1115 537 1332 612 dignoscitur,
1346 535 1543 604 distrahere,
1560 531 1760 613 permutare,
1774 535 1895 599 velalio
1983 571 1984 606 1

1114 634 1211 696 modo
1247 634 1395 695 alienare
1430 633 1641 710 aliquatenus
1673 634 1892 710 praesumatis,
1983 693 1984 716 ἦ

1116 731 1312 792 auctoritate
1342 730 1436 792 vobis
1473 731 1686 807 praesentium
1723 730 1893 792 districtius
1983 725 1984 794 Ῑ

1114 829 1313 889 inhibemus.
1328 827 1420 888 Nulli
1435 843 1514 902 ergo
1527 828 1697 889 hominum
1709 828 1807 890 liceat
1815 830 1892 890 banc
1983 857 1984 892 l

1114 926 1267 1003 paginam
1292 924 1485 1000 intringere,
1509 926 1572 986 etc.
1597 925 1716 986 Datum
1735 925 1888 1000 Laterani,
1983 913 1984 928 ¹

1114 1025 1157 1084 IV
1179 1037 1283 1084 nonas
1295 1023 1455 1100 januarii,
1473 1021 1682 1097 pontificatus
1697 1021 1800 1084 nostri
1814 1040 1891 1086 auno
1983 1013 1984 1020 '

1114 1135 1214 1182 nono.

1476 1349 1543 1438 LV

1174 1513 1226 1570 Ad
1241 1513 1460 1581 Ludootcum,
1477 1515 1693 1572 Francorum
1714 1527 1836 1588 regem.

1339 1648 1435 1721 (Anno
1451 1650 1574 1707 liniret
1585 1650 1677 1723 liat.)

1145 1781 1280 1846 [bouquet
1290 1783 1349 1833 Res.
1362 1781 1406 1831 des
1417 1782 1490 1840 tlist,
1503 1783 1570 1838 thi,
1581 1782 1640 1842 leh
1652 1783 1761 1848 Regest.,
1772 1785 1814 1837 bb.
1824 1785 1862 1844 ix,

1432 1861 1506 1924 epist.
1525 1861 1590 1921 lib]

1114 1973 1262 2032 Prolltetur
1272 1989 1304 2031 se
1314 1975 1392 2048 regis
1402 1974 1537 2031 Ludovici
1545 1976 1608 2047 jura
1622 1977 1744 2034 convelli
1756 1979 1833 2048 nolle,
1845 1979 1887 2037 sed

1148 2064 1186 2120 ita
1207 2063 1316 2119 restitui
1342 2065 1404 2136 regi
1425 2063 1537 2136 Anglira
1565 2065 1734 2121 cismarinas
1749 2073 1840 2136 terras,
1863 2075 1887 2124 ut
1983 2121 1984 2124 ,

1148 2151 1310 2209 Ludovicus
1329 2149 1446 2208 terendo
1461 2153 1555 2208 'terre
1570 2153 1680 2210 Sanctae
1699 2153 1821 2212 subsidio
1839 2170 1886 2212 noa

1148 2239 1265 2308 alliciat,
1281 2247 1309 2296 et
1327 2239 1391 2311 jura
1412 2255 1463 2296 sua
1480 2247 1609 2312 tempore
1624 2245 1794 2314 competenti
1808 2244 1888 2300 valeat
1983 2251 1984 2308 l

1149 2328 1292 2400 persequi.

1152 2462 1887 2540 Honoriusepiscopus..‚carissimoianristo
1983 2469 1984 2490 ³

1113 2559 1181 2620 tilio
1202 2559 1379 2632 Ludovico,
1392 2560 1464 2636 regi
1480 2561 1683 2622 Francorum
1703 2562 1832 2632 illustri,
1846 2579 1888 2623 sa·
1983 2581 1984 2636 l

1113 2655 1224 2727 lutam,
1238 2657 1299 2718 etc.

1152 2753 1296 2824 Utinam,
1313 2751 1362 2812 lili
1386 2753 1569 2825 carissime,
1594 2756 1743 2816 nostrum
1763 2771 1837 2830 erga
1860 2759 1887 2817 te
1983 2763 1984 2824 ῑ

1111 2850 1258 2910 animum
1277 2849 1374 2926 plene
1397 2865 1613 2925 cognosceres
1633 2853 1666 2912 et
1685 2853 1886 2928 cogitationes
1983 2839 1984 2890 ³

1111 2948 1316 3024 perspiceres
1338 2946 1448 3008 cordis
1472 2948 1593 3008 nostrii
1622 2949 1725 3010 scires
1748 2951 1831 3010 enim
1861 2951 1888 3011 et
1983 2937 1984 2998 ἒ

1111 3045 1224 3120 aperte
1234 3043 1365 3104 videres
1378 3043 1464 3119 quod
1476 3058 1651 3120 personam
1665 3045 1756 3106 tuam
1771 3047 1888 3107 sincera
1983 3079 1984 3114 t

1111 3143 1250 3203 caritate
1273 3141 1454 3216 diligimus,
1479 3142 1512 3201 et
1543 3141 1584 3201 ad
1616 3145 1888 3205 conservationem
1983 3119 1984 3138 ¹

1110 3238 1158 3300 lui
1175 3237 1312 3299 lionoris
1325 3239 1358 3298 et
1366 3238 1453 3313 juris
1469 3253 1511 3298 ex
1525 3238 1635 3299 animo
1650 3241 1845 3315 aspiramus,
1856 3255 1889 3300 ac
1983 3251 1984 3270 ¹

1111 3351 1170 3413 per
1186 3334 1249 3396 hoo
1263 3335 1368 3410 magis
1381 3338 1573 3396 reverenter
1584 3335 1617 3398 et
1631 3337 1738 3412 magis
1753 3337 1887 3398 eiilcaci·

1110 3435 1162 3494 ter
1172 3433 1296 3493 monita
1310 3433 1423 3492 nostra
1434 3433 1640 3510 consiliaque
1654 3435 1827 3510 reciperes,
1842 3437 1887 3496 te·
1983 3485 1984 3510 ,

1111 3545 1174 3606 que
1196 3529 1301 3604 magis
1322 3528 1475 3590 devotum
1491 3528 1523 3589 et
1538 3531 1643 3604 magis
1665 3529 1888 3608 obsequentem

1110 3625 1326 3704 proculdubio
1352 3625 1539 3686 exhiberes.
1557 3627 1653 3688 Nunc
1677 3631 1788 3689 autem
1808 3629 1887 3689 tuum
1983 3679 1984 3712 ,

1111 3724 1234 3785 videris
1255 3723 1370 3785 contra
1396 3738 1457 3784 nos
1478 3723 1624 3784 animum
1649 3723 1848 3796 obfirmasse,
1862 3725 1889 3784 et
1983 3779 1984 3792 .

1111 3821 1282 3883 obturasse
1315 3819 1439 3881 nostris
1472 3819 1626 3896 precibus
1654 3836 1755 3882 aures
1779 3822 1887 3891 cordis,
1983 3831 1984 3894 ξ

1053 3967 1059 3974 .
1111 3918 1271 3995 patientta
1309 3919 1431 3978 nostrae
1457 3917 1721 3992 longanimitatis
1749 3919 1886 3988 abutens,
1983 3903 1984 3972 l

1110 4031 1182 4092 quae
1196 4016 1355 4076 cortuum
1371 4014 1557 4075 contrarios
1573 4015 1705 4076 elevare
1716 4032 1782 4076 nou
1792 4015 1885 4086 debet,
1983 4031 1984 4040 ¹

1110 4113 1167 4174 sed
1183 4112 1225 4174 ad
1245 4127 1305 4172 nos
1320 4111 1430 4188 potius
1446 4111 1618 4172 humiliter
1637 4111 1810 4174 inclinare.
1825 4115 1887 4174 Jam
1983 4133 1984 4148 ¹

1110 4211 1273 4286 siquidem
1301 4209 1396 4270 obliti
1423 4224 1536 4268 sumus
1562 4210 1693 4270 numeri
1715 4210 1887 4272 litterarum

1110 4323 1192 4385 quas
1206 4322 1266 4384 pro
1284 4307 1457 4367 carissimo
1472 4305 1540 4367 illio
1555 4309 1669 4368 nostro
1685 4309 1836 4379 Haurico,
1849 4307 1887 4366 il-

1110 4405 1206 4464 lustri
1229 4419 1309 4478 rege
1330 4403 1522 4478 Auglorum,
1547 4402 1609 4464 tibi
1625 4403 1818 4476 direximus,
1842 4419 1889 4464 ro-

1109 4501 1226 4578 gantes
1241 4502 1275 4561 et
1288 4499 1500 4560 obsecrantes
1519 4515 1578 4576 pro
1593 4515 1732 4562 munere
1751 4500 1887 4578 speciali,

1110 4597 1251 4673 primum
1265 4599 1301 4658 ut
1314 4597 1448 4671 treugas
1463 4596 1541 4657 olim
1557 4597 1645 4658 inter
1658 4599 1758 4659 olarae
1774 4611 1887 4659 memo·

1109 4694 1169 4755 riae
1205 4693 1395 4769 Philippum
1431 4709 1543 4768 regem
1580 4695 1743 4768 Franciae,
1775 4697 1886 4772 patrem
1983 4723 1984 4734 .

1108 4793 1219 4862 tuum,
1228 4806 1266 4851 ao
1281 4792 1408 4866 patrem
1421 4789 1568 4866 ejusdem
1579 4792 1670 4867 regis
1681 4793 1817 4866 Angliae,
1828 4791 1887 4850 ini·

1108 4889 1160 4949 tas
1186 4901 1397 4964 prorogares,
1422 4902 1461 4948 ac
1484 4886 1615 4960 deinde,
1643 4888 1711 4949 illis
1731 4891 1764 4951 te
1787 4901 1886 4964 preces

1109 4987 1239 5045 nostras
1251 4983 1449 5044 obaudiente
1465 4984 1578 5056 linitis,
1595 4985 1711 5046 utnon
1726 4985 1886 5046 invaderes
1983 4963 1984 4990 ¹

1109 5083 1233 5143 terram
1249 5083 1332 5154 ejuS,
1348 5095 1432 5142 neve
1447 5081 1591 5158 quietem
1602 5096 1779 5156 regnorum
1794 5084 1887 5142 Fran-

1109 5178 1169 5240 clae
1187 5194 1226 5239 ao
1247 5178 1376 5252 Angliae
1391 5177 1627 5252 perturbando,
1642 5181 1754 5240 Terrae
1773 5179 1886 5240 Sanctae

1108 5275 1293 5336 subsidium
1316 5275 1505 5352 impedires.
1529 5277 1577 5335 Tu
1602 5291 1684 5337 vero
1708 5277 1787 5338 dicti
1810 5275 1885 5349 regis

1107 5374 1232 5434 terram
1260 5371 1478 5433 nihilomiuus
1514 5372 1678 5445 invasisti,
1708 5370 1885 5448 contemptis

1111 5469 1273 5546 precibus,
1303 5468 1588 5530 obsecrationibus
1623 5470 1656 5531 et
1688 5468 1885 5546 petitionibus

1109 5568 1243 5639 nostris,
1261 5567 1447 5643 contempto
1471 5566 1572 5627 etiam
1600 5566 1723 5628 statuto
1747 5567 1786 5628 de
1805 5581 1884 5643 pace,

1108 5666 1161 5727 vel
1182 5665 1298 5727 saltem
1314 5664 1440 5740 treugis
1461 5665 1549 5728 inter
1568 5663 1769 5727 christianos
1787 5678 1884 5726 omnes
