4080 6328
719 337 945 396 EPISI'OLAE.
968 337 1046 396 LIB.
1071 337 1125 396 IX.

418 505 577 590 CLVIII

148 657 199 715 Act
228 658 268 714 Β.
289 655 461 716 rectorem
482 655 515 714 et
540 658 680 716 clericos
706 658 855 716 ecclesie

175 755 208 816 S.
222 753 369 814 sectandi
385 755 638 826 Eripubtnensls
652 754 818 812 dioecesis.

391 891 423 948 lo
443 890 510 948 maii
531 891 608 948 itit.

248 1013 365 1079 [Satius
381 1015 416 1065 lle
432 1014 542 1080 episcop¹
560 1013 668 1078 Eupoli..
682 1013 748 1078 ¹³2]

103 1140 249 1197 senarium
265 1140 430 1197 clericorum
447 1153 596 1196 numerum
617 1153 632 1195 a
652 1139 775 1208 Vitleno,
791 1141 889 1212 Eugu·

134 1226 202 1283 blno
214 1227 349 1299 episcopo
358 1234 484 1284 taxatum
493 1235 521 1284 et
529 1227 698 1296 institutum,
707 1226 789 1284 dicta
797 1228 888 1284 eccle·

134 1315 183 1372 sire
202 1315 362 1373 confirmat.

136 1441 888 1520 Honoriusepiscopus,serrasservorumllei‚

99 1539 226 1600 dilectis
245 1539 322 1600 tiliis
340 1543 377 1601 Β.
394 1539 516 1601 rectori
540 1539 572 1602 et
592 1539 724 1601 clericis
739 1539 890 1601 ecclesiae

99 1639 129 1696 S.
147 1637 292 1698 Secundi
306 1637 550 1714 Eugubinensis
566 1637 729 1711 dioecesis,
749 1637 890 1700 salutem

98 1735 127 1794 et
146 1735 371 1810 apostolicam
391 1734 668 1797 benedictionem.

133 1833 239 1892 iustis
262 1833 444 1909 petentium
476 1833 651 1894 desideriis
678 1833 813 1910 dignum
840 1834 890 1894 est

96 1943 153 1990 nos
179 1929 314 1991 facilem
342 1929 491 2008 praebere
518 1947 726 1998 consensum,
753 1932 786 1992 et
812 1930 889 1992 vota

97 2042 166 2102 quae
196 2043 218 2088 a
246 2029 386 2089 rationis
422 2027 554 2090 tramite
597 2045 664 2090 non
697 2028 890 2091 discordant

95 2124 216 2186 effectu
237 2127 457 2202 prosequente
481 2125 658 2202 complere.
675 2129 721 2187 Ea
741 2126 886 2202 propter,

95 2221 887 2301 dilectiinDominotilii,vestrisjustisprecibus

94 2319 257 2392 inclinati,
272 2321 442 2381 senarium
451 2320 647 2381 clericorum
660 2320 809 2382 ecclesiae
818 2335 889 2380 ves·

94 2417 151 2476 trae
168 2433 356 2490 numerum,
379 2432 475 2494 quem
500 2417 683 2495 proponitis
705 2434 725 2478 a
745 2433 888 2479 venera-

94 2513 149 2573 bili
165 2513 270 2576 iratre
292 2516 404 2575 nostro
408 2559 467 2576 .....
486 2514 712 2590 Eugubinensi
732 2516 888 2593 episcopo

93 2611 263 2684 taxatum,
289 2607 375 2673 sicut
402 2614 452 2674 est
480 2611 721 2674 deliberatione
748 2612 886 2689 provida

93 2708 288 2780 institutus,
315 2708 511 2771 auctoritate
539 2709 729 2786 apostolica
758 2709 885 2770 contir-

93 2821 220 2866 mamus
236 2807 269 2867 et
279 2805 452 2883 praesentis
468 2807 583 2883 scripti
597 2807 781 2883 patrocinio
795 2821 888 2868 com-

92 2903 270 2976 munimus,
295 2905 487 2977 statuentes,
511 2905 547 2964 ut
566 2904 724 2981 preedIcto
740 2904 884 2964 elerico-

91 3015 162 3060 rum
178 3017 319 3062 numero
335 3001 473 3078 praetata
495 3001 637 3062 ecclesia
659 3001 703 3062 sit
716 3003 884 3072 contenta,

91 3097 155 3158 nisi
177 3099 264 3160 adeo
288 3099 497 3160 excreverint
519 3099 625 3176 ipsius
655 3099 805 3160 ecclesiae
834 3099 886 3158 ia-

91 3197 242 3268 91119199,
258 3197 345 3273 quod
363 3196 536 3274 praefatum
553 3213 727 3258 numerum
748 3198 885 3274 exigant

91 3295 311 3368 augmentari,
338 3295 430 3358 salvo
455 3295 490 3354 in
513 3293 665 3355 omnibus
684 3294 883 3371 apostolicae

91 3392 185 3452 Sedis
223 3391 388 3454 mandato.
427 3391 518 3452 Nulli
550 3409 646 3469 ergo,
675 3395 737 3454 ete.
766 3393 884 3453 Datum

89 3489 223 3558 Tibure,
245 3491 335 3550 XVII
353 3489 420 3551 kal.
432 3489 532 3568 junii,
547 3490 758 3566 pontificatus
778 3490 883 3552 nostri

88 3601 174 3647 anno
191 3601 291 3648 nono.

425 3819 542 3906 CLIX

112 3985 163 4043 Ad
179 3986 374 4058 episcopum
393 3985 427 4045 et
441 3985 651 4061 maputrcm
662 3987 857 4045 scholarum

346 4083 617 4144 Plataeensium.

381 4219 413 4276 16
428 4220 495 4276 maii
509 4218 587 4276 1225.

113 4353 233 4416 [begeat.
245 4350 342 4409 libili,
354 4350 427 4415 epist.
440 4351 564 4402 3311199.
579 4353 617 4403 La
630 4352 707 4402 Ponte
716 4351 751 4401 dn
761 4351 854 4412 Tacit]

86 4478 163 4534 Facit
186 4477 229 4532 eis
245 4483 413 4548 potestatem
434 4475 576 4534 statuendi
598 4492 683 4550 super
706 4475 878 4548 juramento,

116 4582 174 4637 quo
185 4565 341 4637 capitulum
357 4567 452 4624 Sancti
476 4565 574 4622 Hilarii
589 4565 624 4622 de
640 4565 715 4623 Cella
732 4563 880 4620 tenebatur

116 4653 152 4712 de
177 4669 235 4710 non
258 4653 428 4725 recipiendis
449 4655 596 4711 canonicis
621 4655 694 4712 ultra
718 4653 877 4725 quinarium

115 4755 281 4811 numerum,
301 4741 393 4800 donec
412 4743 538 4816 ipsorum
554 4743 683 4800 ecclesia
699 4741 805 4800 lubrica
820 4749 876 4798 ter-

116 4833 227 4888 minata
240 4829 321 4888 ieret.

120 4967 875 5048 Honoriusepiseopus,servasservorumllei,

81 5064 267 5125 venerabili
277 5063 584 5143 fratri...episcop0,
597 5068 757 5131 etdilecto
769 5071 875 5144 iilio..,

81 5163 242 5237 magistro
256 5161 445 5224 scholarum
461 5164 718 5240 Pictarensium,
736 5169 876 5231 salutem

81 5259 112 5319 et
127 5258 355 5335 apostolicam
370 5258 643 5321 benedictionem.

119 5357 267 5416 Dilectus
278 5356 403 5428 filius..
420 5357 511 5434 prior
522 5357 672 5420 ecclesiae
689 5363 801 5423 Sancti
817 5365 877 5425 Hi-

80 5453 157 5513 larii
182 5454 221 5514 de
245 5454 335 5514 Cella
366 5455 572 5516 pictavensis
602 5457 729 5518 ordinis
764 5463 876 5524 Sancti

81 5551 257 5626 Augustini
274 5567 421 5629 persnas
439 5551 534 5612 nobis
555 5553 684 5615 litteras
698 5555 872 5632 intimarit,

81 5648 167 5724 quod
191 5665 263 5710 cum
290 5648 413 5711 fabrica
441 5649 545 5727 ipsius
568 5651 730 5726 ecclesiae,
754 5655 786 5714 in
810 5673 874 5732 qua

1686 335 1744 397 854

948 495 1191 559 idem-sanctus
1211 497 1366 574 migravit
1384 497 1426 560 ad
1448 497 1623 560 Dominum
1638 513 1743 576 usque

948 593 1074 656 adsue
1105 594 1253 672 tempora
1278 611 1486 672 nequaquam
1515 596 1556 656 ad
1587 593 1742 657 effectum

938 691 1106 767 ‘perducta
1119 691 1246 765 luisset,
1264 694 1346 770 ipse,
1364 709 1403 754 ac
1428 694 1575 770 ejusdem
1590 692 1741 755 ecclesiae

948 789 1101 850 canonici
1128 789 1364 866 perlectionem
1389 793 1460 866 ejus
1487 791 1618 852 sincera
1647 789 1744 852 devo·

947 885 1037 947 tione
1050 886 1207 960 zelantes,
1233 890 1309 950 roto
1331 887 1483 948 unanimi
1503 888 1689 950 statuerunt
1710 887 1743 950 et

942 985 1133 1060 juramento
1156 985 1341 1054 firmarunt,
1370 985 1406 1047 ut
1429 984 1541 1046 nullus
1555 985 1642 1047 ultra
1662 985 1740 1063 qui-

947 1081 1080 1142 narium
1103 1097 1276 1150 numerum
1292 1083 1327 1142 in
1346 1082 1461 1143 eadem
1485 1083 1667 1159 recipiatur
1690 1098 1741 1144 ec·

946 1177 1059 1250 etesia,
1086 1179 1190 1240 donec
1214 1181 1285 1258 ejus
1313 1179 1527 1260 perficeretur
1544 1180 1679 1240 labrica
1704 1181 1740 1242 in

947 1291 1010 1352 qua
1026 1280 1123 1339 erant
1139 1293 1240 1353 super
1255 1280 1486 1340 excrescentes
1500 1277 1650 1340 redditus
1665 1293 1741 1338 con·

945 1373 1107 1434 vertendi.
1154 1377 1262 1446 Quare
1299 1375 1477 1451 praedictus
1517 1375 1610 1452 prior
1642 1373 1740 1436 nobis

946 1469 1117 1533 humiliter
1143 1459 1353 1549 supplicavit,
1385 1475 1420 1534 ut
1447 1488 1521 1533 cum
1550 1471 1664 1533 eadem
1693 1472 1740 1532 ia-

945 1567 1036 1630 brica
1063 1569 1106 1631 sit
1130 1569 1170 1630 ad
1203 1569 1383 1646 perlectum
1410 1587 1470 1646 pre
1497 1570 1617 1646 majori
1641 1572 1737 1646 parte

944 1665 1114 1743 perducta,
1138 1669 1171 1730 et
1194 1683 1236 1728 ex
1253 1669 1445 1745 juramento
1460 1667 1650 1745 hujusmodi
1665 1667 1739 1728 dic·

944 1764 977 1824 ta
1007 1765 1148 1826 ecclesia
1174 1768 1310 1842 propter
1338 1765 1553 1826 servientium
1573 1765 1737 1828 deiectum

944 1877 1078 1922 enorme
1094 1864 1256 1925 sustineat
1266 1863 1300 1924 in
1316 1863 1546 1940 spiritualibus
1563 1863 1738 1924 detrimen·

943 1959 1024 2028 tum,
1050 1962 1083 2021 et
1106 1959 1280 2022 animabus
1302 1962 1371 2021 suis
1394 1977 1496 2036 grave
1520 1960 1737 2021 nihilominus

944 2058 1128 2132 periculum
1149 2058 1323 2118 imminere
1338 2059 1494 2120 noscatur
1511 2073 1611 2134 super
1628 2056 1738 2118 obser-

943 2155 1076 2216 vatione
1086 2154 1138 2217 vel
1152 2157 1361 2217 relaxatione
1380 2157 1496 2232 ipsius,
1509 2157 1568 2229 eis,
1583 2157 1615 2218 et
1625 2156 1737 2217 eccle·

944 2251 1001 2313 sia
1023 2253 1199 2328 providere
1227 2251 1487 2315 misericorditer
1510 2254 1735 2329 dignaremur.

943 2353 990 2410 De
999 2350 1110 2411 uestra
1121 2333 1234 2428 itaque
1247 2351 1543 2428 circumspectione
1555 2352 1687 2428 plenam
1700 2351 1736 2410 in

942 2447 1082 2508 Domino
1118 2449 1274 2510 fiduciam
1304 2449 1506 2520 obtinentes,
1544 2449 1737 2510 discretioni

941 2544 1061 2606 uestrae
1091 2561 1149 2622 per
1174 2547 1365 2624 Apostolica
1383 2547 1505 2623 scripta
1527 2545 1734 2618 mandamus

942 2643 1104 2718 quatenus
1119 2642 1279 2706 habentes
1296 2660 1362 2720 prae
1383 2644 1493 2705 oculis.
1507 2643 1614 2704 solum
1632 2645 1736 2703 Deum

943 2755 1043 2816 super
1057 2739 1120 2800 boc
1138 2741 1336 2804 auctoritate
1351 2743 1474 2812 nostra,
1492 2743 1589 2818 prout
1600 2739 1737 2802 utilitati

941 2835 1088 2912 eJusdem
1103 2837 1265 2910 ecclesiae,
1281 2855 1319 2900 ac
1333 2854 1448 2900 eorum
1463 2839 1562 2900 saluti
1578 2837 1735 2914 expedire

940 2933 1101 3006 videritis,
1130 2935 1294 2998 statuatis.
1337 2937 1454 2998 Datum
1487 2935 1620 3008 Tibure,
1644 2933 1736 2996 XVII

940 3029 1101 3092 kalendas
1117 3033 1207 3105 maii,
1226 3049 1313 3094 anno
1327 3049 1424 3094 nono.

1292 3303 1387 3388 uix

939 3465 990 3524 Art
1013 3463 1167 3524 abbatem
1188 3463 1221 3523 et
1242 3463 1448 3524 collocatum
1468 3462 1674 3524 moizcsleru
1697 3463 1733 3522 iu

1228 3561 1448 3622 Scironcndal.
1481 3634 1484 3640 ,

1221 3699 1255 3756 18
1273 3698 1341 3756 maii
1366 3699 1446 3757 itit.

1079 3818 1265 3886 [wirtemberg.
1276 3821 1347 3880 Uri..
1361 3820 1471 3882 111171,
1485 3836 1510 3871 n.
1524 3821 1593 3887 692]

1001 3955 1058 4012 Eos
1075 3969 1141 4012 cum
1156 3954 1289 4013 omnibus
1307 3953 1389 4012 bonis
1403 3955 1524 4013 tuendos
1539 3955 1666 4028 suscipit.

977 4099 1144 4160 Honorius
1156 4099 1341 4177 episcopus,
1351 4115 1648 4163 servusservorum
1659 4101 1729 4172 Dei,

936 4194 1067 4255 dilectis
1080 4195 1158 4256 liliis
1174 4195 1285 4258 abbati
1298 4199 1331 4260 et
1346 4197 1523 4259 conventui
1538 4196 1730 4258 monasterii

935 4293 970 4351 in
987 4293 1208 4366 Schonendal,
1227 4295 1368 4356 salutem
1382 4297 1414 4357 et
1425 4294 1647 4372 apostolicam
1667 4293 1730 4354 be-

936 4390 1169 4452 nedictionem.

975 4489 1195 4551 sacrosancta
1211 4491 1360 4550 Romana
1375 4489 1523 4550 Ecclesia
1542 4488 1679 4550 devotos
1698 4489 1732 4550 et

935 4584 1078 4646 humiles
1109 4586 1196 4647 tilios
1224 4603 1266 4646 ex
1294 4589 1435 4648 assuetae
1461 4587 1594 4664 pietatis
1618 4585 1729 4648 oiilcio

934 4682 1132 4759 propensius
1151 4683 1290 4760 diligere
1306 4685 1489 4756 consuevit,
1505 4686 1539 4747 et
1552 4700 1594 4745 ne
1614 4701 1730 4761 pravo·

933 4796 1007 4840 rum
1023 4781 1192 4842 bominum
1210 4783 1370 4844 molestiiS
1384 4784 1562 4859 agitentur,
1579 4797 1636 4844 eos
1653 4783 1730 4844 tan-

934 4893 1032 4954 quam
1056 4879 1111 4954 pia
1138 4881 1244 4940 mater
1270 4896 1339 4940 suae
1371 4879 1587 4957 protectionis
1617 4879 1729 4940 muni-

934 4975 1022 5037 mine
1043 4977 1230 5039 coniovere.
1261 4981 1454 5055 Eapropter,
1477 4977 1590 5039 dilecti
1609 4977 1643 5038 in
1668 4979 1730 5039 Do·

932 5073 1023 5134 mino
1038 5073 1111 5148 tilii,
1137 5075 1257 5137 vestris
1269 5076 1370 5152 Justis
1390 5076 1543 5153 precibus
1562 5073 1726 5146 inclinati,

933 5187 1092 5246 personas
1122 5175 1250 5234 vestras
1279 5172 1311 5234 91
1329 5173 1438 5234 locum
1470 5173 1505 5233 in
1525 5189 1590 5249 quo
1615 5168 1726 5232 divino

931 5268 1058 5328 vacatis
1083 5268 1252 5346 obsequio,
1278 5287 1351 5330 cum
1368 5270 1521 5330 omnibus
1543 5270 1639 5331 bonis
1653 5287 1726 5348 quae

931 5365 965 5425 in
982 5366 1237 5442 praesentiarum
1252 5367 1498 5428 rationabiliter
1510 5369 1656 5444 possidet
1669 5370 1726 5430 aut

930 5462 966 5522 in
983 5461 1130 5524 futurum
1146 5464 1324 5540 praestante
1341 5465 1480 5526 Domino
1496 5466 1597 5541 justis
1619 5465 1725 5527 modis

931 5561 1051 5636 poterit
1077 5561 1228 5638 adipisci,
1257 5562 1317 5623 sub
1335 5561 1422 5624 beati
1443 5563 1534 5624 Petri
1556 5563 1588 5624 et
1611 5564 1725 5623 nostra

930 5658 1134 5734 protectione
1155 5659 1364 5735 suscipimus.
1393 5658 1589 5736 Specialiter
1614 5661 1723 5720 antem
