4080 6328
325 376 386 440 919

943 377 1120 441 nononn
1141 379 1186 440 111
1208 379 1355 464 ornan.
1420 335 1424 346 ’
1906 383 1957 444 en

320 538 431 616 ipsum
445 536 782 600 excommunicationi
796 536 829 599 et
848 535 1040 598 comitatum
1052 537 1118 598 Fo-
1171 538 1251 614 quin
1266 537 1449 600 venerabili
1464 537 1561 600 tratri
1579 537 1731 600 nostro...
1751 538 1957 601 Noriomensi

321 650 454 697 reusam
481 649 585 712 usque
613 634 655 696 ad
684 634 819 710 dignam
855 634 1117 696 satisfactionem
1171 635 1326 712 episcopo
1350 636 1511 697 noveritis
1533 651 1593 697 nos
1613 650 1672 712 per
1693 635 1823 698 litteras
1852 635 1958 712 injun-

324 731 481 809 subjiciat
508 731 695 793 interdicto.
717 733 765 792 Tu
794 719 894 793 etiam
921 731 1118 808 significasti
1172 732 1272 802 nisse,
1288 733 1324 792 ut
1345 731 1428 793 tales
1444 748 1604 794 excessus
1616 734 1746 794 vestros
1768 733 1958 794 auctoritate

299 871 301 876 .
323 829 421 890 nobis
436 845 496 904 per
515 829 645 891 litteras
666 831 753 898 tuas,
778 829 864 905 quod
888 829 1045 906 praetatus
1061 845 1118 890 co·
1171 830 1285 890 nostra
1302 829 1471 905 corrigere
1486 845 1553 890 non
1567 829 1707 900 omittat,
1722 829 1815 890 nullo
1835 843 1878 890 en
1903 829 1958 892 hoc

297 933 394 988 ‘mes
423 925 575 1002 diligenti
601 941 713 986 secum
745 925 890 988 tractatu
925 925 1039 988 habito
1077 926 1117 988 de
1171 925 1333 988 uobisvel
1348 912 1643 988 eidemdecanoin
1657 929 1828 1003 posterum
1843 930 1959 1002 praeju-

322 1024 552 1090 conservanda
569 1022 724 1084 libertate
743 1023 900 1098 praedicta
917 1023 965 1084 sic
986 1022 1117 1084 delendi

211 1149 214 1156 ·
324 1134 398 1182 eam
426 1117 531 1181 voluti
559 1119 607 1180 sic
636 1119 775 1180 servari.
806 1121 973 1198 Praeterea
1001 1119 1117 1180 dicens

317 1231 425 1302 nosse
438 1217 470 1278 te
481 1217 611 1294 plenius
626 1216 748 1279 tactum
758 1215 958 1292 hujusmodi,
974 1231 1013 1276 ac
1027 1217 1117 1276 illius

324 1313 424 1376 terrae
440 1314 572 1382 statum,
589 1313 622 1376 et
640 1313 675 1374 in
694 1313 758 1374 hoc
771 1314 899 1376 versari
919 1313 1119 1375 ecclesiasti·

325 1425 398 1472 cam
419 1410 595 1472 utilitatem
623 1425 689 1470 non
706 1410 880 1482 modicam,
904 1411 937 1470 et
963 1426 1118 1485 magnum

326 1521 408 1583 opus
417 1505 654 1567 misericordiae
663 1507 987 1584 contineri,petivisti
996 1506 1120 1583 suppli·

326 1603 409 1666 citer
425 1603 531 1680 ipsius
552 1605 681 1665 comitis
698 1604 958 1682 supplicationes
976 1605 1115 1667 admitti.

314 1693 487 1772 'Quocirca
522 1700 723 1764 fraternitati
749 1702 828 1765 tuae¹
843 1717 903 1779 per
928 1702 1118 1778 Apostolica

325 1798 448 1874 scripta
464 1797 671 1870 mandamus,
688 1792 851 1875 quatenus
866 1797 1054 1861 libertatem
1068 1799 1120 1874 ip-

325 1909 409 1965 sam,
424 1895 457 1954 et
470 1894 713 1956 immunitatem
726 1911 785 1972 per
797 1895 1118 1957 excommunicatio-

324 2005 399 2052 nem
415 1989 450 2050 in
465 2007 624 2067 personas
637 1993 773 2053 Forens.
791 1993 959 2077 comitum,
973 1992 1007 2054 et
1020 1977 1121 2054 inter-

325 2086 448 2156 dictum
470 2087 505 2148 in
520 2087 693 2164 praelatum
709 2090 900 2154 comitatum
923 2089 1120 2150 auctoritate

327 2183 517 2260 apostolica
541 2185 677 2256 tuearis,
697 2202 795 2263 qulam
819 2185 1052 2256 auctoritatem
1078 2186 1119 2247 ad

285 2279 295 2286 ’
325 2281 401 2342 tuos
428 2282 528 2342 etiam
555 2283 690 2362 extendi
716 2282 868 2344 volumus
896 2298 1117 2344 successores.

326 2377 446 2452 Datum
457 2378 795 2452 acatalukalendas
806 2379 1014 2457 septembris,
1032 2395 1119 2442 anno

328 2472 467 2537 decimo.

576 2677 579 2684 ’
657 2717 788 2805 xxm

425 2860 477 2920 Ast
497 2859 684 2932 capitulum
707 2860 826 2922 Sancti
852 2859 1017 2926 Qninttnt.

589 2987 625 3045 30
644 2990 757 3062 augusti
773 2990 851 3047 lust.

354 3107 474 3172 magnast,
485 3107 530 3159 tib.
544 3109 576 3169 X,
593 3109 666 3176 epist.
682 3111 721 3162 38.
735 3111 791 3161 tiss.
809 3111 845 3162 La
854 3111 931 3161 Poris
941 3111 975 3161 du
988 3099 1081 3172 ibreii]

343 3231 472 3305 injungit
486 3233 528 3290 eis
542 3241 574 3290 ut
588 3235 712 3306 ipsorum
735 3234 845 3291 decano
860 3234 939 3308 ipsos
957 3236 1101 3308 corrigere

484 3321 589 3378 volenti
608 3321 799 3379 obedientiam
815 3329 957 3395 praestent.

365 3446 532 3508 Honorius
542 3448 728 3524 episcopus,
739 3463 855 3509 servus
864 3464 1035 3510 servorum
1047 3449 1116 3520 Dei,

223 3529 226 3536 ’
326 3541 456 3606 dilectis
480 3543 559 3604 titiis
581 3545 725 3620 capitulo
742 3547 856 3608 Sancti
872 3547 1032 3618 Quintini,
1048 3548 1120 3608 No-

324 3640 506 3702 vicmensis
531 3641 695 3714 dioecesis,
717 3641 859 3704 salutem
885 3645 918 3705 et
946 3644 1118 3719 Apostoli-

325 3751 398 3798 cam
413 3736 687 3800 benedictionem.

366 3835 530 3905 Quoniam
552 3836 649 3911 proni
671 3837 749 3899 sunt
771 3837 917 3899 hominis
936 3853 1055 3898 sensus
1077 3837 1118 3898 ad

325 3931 462 4002 malum,
477 3934 510 3994 et
530 3933 633 3994 multa
657 3950 700 3996 ex
719 3933 850 3997 delectu
869 3935 1016 4011 proprie,
1035 3949 1120 3995 non-

326 4027 418 4088 nulla
432 4043 512 4089 vero
525 4045 567 4090 en
580 4029 689 4090 aliena
704 4031 842 4102 malitia,
860 4047 933 4106 quae
949 4047 1015 4092 non
1033 4029 1118 4107 cotr-

325 4124 475 4196 veniunt,
488 4127 747 4199 committuntur,
764 4129 924 4203 extirpari
941 4127 1061 4188 debent
1074 4128 1120 4188 vi·

323 4219 382 4292 tia,
416 4222 561 4284 resecari
588 4223 717 4294 nociva,
752 4225 899 4286 salubria
936 4224 1050 4304 inseri,
1087 4225 1120 4286 et

324 4319 469 4398 plantari
494 4320 644 4383 virtutes.
667 4321 894 4382 intelleximus
923 4337 1014 4392 sane,
1032 4321 1119 4397 quod

322 4431 397 4476 cum
412 4416 515 4492 aliqui
531 4419 677 4478 vestrum
692 4418 821 4494 aliquos
840 4419 1048 4480 committunt
1063 4435 1120 4480 ex·

323 4527 447 4584 cessus,
472 4514 710 4576 correctionem
737 4515 789 4576 sui
818 4515 937 4577 decani
967 4517 1118 4591 recipere

323 4611 579 4673 contradicunt:
606 4611 684 4672 licet
698 4613 784 4675 sicut
799 4613 870 4689 ipse
892 4613 1038 4676 decanus
1058 4629 1118 4674 as-

325 4707 606 4770 seritvestrarum
632 4725 745 4771 curam
768 4709 889 4772 babeat
916 4711 1116 4782 animarum,

201 4829 203 4834 ·
324 4807 357 4866 et
371 4805 494 4880 singuli
509 4811 655 4867 vestrum
678 4806 898 4868 obedientiam
926 4807 957 4868 ei
979 4806 1120 4868 iecerint

322 4903 523 4964 manualem.
545 4904 703 4966 Notentes
717 4905 829 4979 igitur,
850 4905 935 4982 quod
961 4921 1118 4968 excessus

322 5001 427 5076 uestri
449 5002 644 5062 remaneant
669 5001 705 5061 in
728 5003 914 5062 vestrarum
930 4995 1118 5062 animarum

259 5087 281 5136 ·'
321 5099 508 5176 periculum
532 5099 721 5169 incorrecti,
739 5099 772 5159 et
800 5114 841 5160 ex
867 5099 977 5160 cilicio
1002 5099 1119 5160 nostro

323 5185 423 5271 super
443 5193 645 5270 hujusmodi,
660 5193 737 5252 dum
753 5193 795 5254 lis
809 5195 895 5256 inter
909 5210 980 5266 vos,
996 5195 1030 5256 et
1043 5209 1118 5258 eum

253 5347 255 5352 .
322 5291 476 5363 uertitur,
492 5291 715 5366 providentes,
737 5305 797 5366 per
810 5291 1001 5367 apostolica
1025 5289 1119 5352 vobis

322 5387 445 5463 scripta
469 5387 675 5460 mandamur,
695 5389 857 5464 quatenus
882 5405 983 5465 super
1003 5389 1121 5464 singu-

322 5485 430 5547 lorum
463 5485 612 5546 uestrum
642 5485 833 5546 excessibus
859 5486 966 5562 ipsius
1000 5485 1119 5546 decani

322 5582 563 5646 correctionem
579 5583 653 5644 sine
672 5583 844 5660 utriusque
866 5584 971 5660 partis
990 5586 1119 5661 praeju-

230 5697 232 5708 ·
324 5680 411 5748 dicio
448 5680 598 5756 recipere
626 5680 762 5744 minime
794 5682 996 5755 detractetis.
1027 5681 1120 5744 lilio·

1172 1019 1258 1090 dicio
1270 1021 1470 1095 generando.
1483 1022 1601 1082 Datum
1614 1021 1728 1093 Reate,
1741 1023 1787 1082 ΙΙΙ
1802 1020 1957 1084 kalendas

1172 1116 1380 1194 septembris,
1392 1133 1481 1179 anno
1496 1117 1635 1178 decimo.

1211 1261 1254 1319 In
1278 1261 1435 1320 cnmdcm
1454 1261 1594 1319 modum
1608 1257 1778 1332 scriptum
1793 1241 1882 1320 est...
1898 1259 1960 1317 No-

1172 1355 1335 1416 viomeusi
1359 1355 1576 1432 episcopani
1601 1355 1629 1414 si
1645 1353 1769 1414 dictum
1786 1353 1959 1431 capitulum

1173 1452 1235 1513 hoc
1251 1467 1316 1512 non
1340 1452 1510 1512 curaverit
1529 1451 1722 1527 adimplere,
1737 1451 1825 1512 idem
1841 1453 1961 1528 episco-

1174 1565 1235 1624 pus
1249 1547 1333 1612 tales
1350 1564 1506 1610 excessus
1522 1563 1636 1609 eorum
1650 1547 1851 1610 auctoritate
1865 1550 1961 1624 Apos-

1172 1645 1271 1707 tolica
1312 1645 1481 1722 corrigere
1508 1661 1575 1707 nou
1617 1645 1757 1707 omittat.
1789 1648 1906 1706 Datum
1928 1647 1959 1706 nt

1172 1757 1291 1817 snpra.
1405 1767 1407 1770 ·

1509 2001 1635 2087 XXIV

1173 2151 1225 2210 Ad
1244 2149 1530 2223 corisopitensem
1554 2151 1587 2211 et
1608 2153 1854 2212 Trccorcnrcm
1868 2148 1959 2222 'epis-

1213 2260 1313 2319 copos
1325 2247 1358 2307 et
1372 2248 1526 2308 abbatem
1541 2249 1576 2308 S.
1593 2249 1715 2310 crucis
1730 2249 1956 2322 Comparatio,

1215 2345 1476 2450 corisopitensis
1489 2347 1655 2406 dioeceris.

1441 2483 1454 2538 l
1469 2482 1607 2555 septemb.
1621 2483 1699 2541 laid.

1204 2561 1208 2572 υ
1325 2605 1475 2670 [Maurique
1489 2603 1679 2664 nundinare,
1694 2605 1737 2664 lv,
1751 2605 1822 2670 ala]

1332 2705 1373 2794 ne
1387 2737 1506 2795 nstbus
1520 2745 1549 2795 et
1568 2737 1807 2796 asceteriorum.
1870 2795 1876 2810 ,

1215 2833 1311 2939 (Vide
1323 2863 1482 2927 (laciniam
1494 2863 1788 2938 compilationem,
1802 2865 1827 2926 t
1840 2863 1924 2936 l,lib.
1935 2877 1954 2932 r,

1174 2959 1237 3020 col.
1252 2957 1418 3036 227-228.)

1173 3413 1224 3472 aa
1238 3413 1483 3473 Varenianscm
1497 3411 1531 3471 ct
1544 3413 1770 3472 Getcrtcnsem
1781 3415 1953 3485 episcopos.

1347 3624 1350 3630 ,
1390 3539 1394 3550 '
1419 3547 1604 3621 'lsepremb
1621 3550 1700 3607 1225.

1320 3674 1408 3737 [Fejcn
1420 3671 1481 3723 Cod.
1490 3673 1552 3738 dipl.
1562 3672 1712 3736 Hupg.,·ili,
1728 3685 1757 3730 rr,
1767 3673 1821 3734 aa]
1850 3697 1853 3702 v

1174 3799 1222 3856 Eis
1235 3797 1352 3854 mandat
1369 3805 1399 3854 ut
1423 3813 1508 3870 super
1527 3796 1691 3856 excessibus
1713 3797 1954 3870 Hospitalariorun

1199 3888 1227 3943 S.
1244 3885 1341 3944 biariae
1355 3885 1604 3954 Theutonicorurn,
1618 3885 1768 3944 veritatem
1781 3886 1931 3942 inveniant.

1213 4029 1391 4100 Honorius
1417 4030 1493 4101 eto,
1518 4029 1717 4090 Varadiensi
1740 4031 1772 4091 et
1793 4028 1954 4091 Geuriensi

1174 4127 1348 4203 episcopis,
1367 4127 1430 4188 etc.

1213 4222 1414 4285 Detestabile
1427 4236 1558 4310 semper
1576 4223 1627 4284 est
1648 4221 1896 4297 ingratitudinis
1912 4220 1955 4280 ri-

1173 4321 1268 4391 tium,
1284 4335 1347 4396 quo
1358 4319 1432 4396 quis
1448 4319 1575 4395 accepti
1594 4317 1745 4380 beneficii
1761 4323 1795 4382 et
1806 4319 1953 4380 benefac-

1174 4418 1255 4477 toris
1271 4417 1321 4476 sui
1343 4416 1469 4492 pariter
1483 4416 1700 4488 obliviscitur,
1720 4417 1854 4477 eumad
1878 4413 1954 4476 auti-

1175 4515 1248 4576 dota
1266 4512 1407 4590 quilibet
1430 4513 1628 4574 naturaliter
1649 4513 1825 4589 obligetur.
1844 4516 1953 4574 Verum
2018 4537 2019 4592 3

1174 4626 1214 4671 ea
1249 4609 1453 4686 ingratitudo
1489 4599 1716 4672 detestabilior
1747 4611 1952 4686 dignoscitur,

1175 4708 1346 4785 numquis,
1364 4723 1430 4768 non
1450 4707 1556 4768 solum
1571 4723 1636 4770 non
1656 4709 1707 4769 est
1719 4723 1846 4769 memor
1861 4707 1951 4773 illius,

1172 4821 1192 4866 a
1221 4821 1285 4883 quo
1310 4821 1346 4866 se
1372 4805 1464 4866 novit
1485 4805 1682 4866 beneficium
1705 4805 1880 4882 recepisse,
1905 4801 1952 4863 sed

1173 4903 1297 4964 matum
1312 4903 1343 4963 ei
1359 4918 1418 4978 pro
1441 4899 1531 4962 bono
1544 4901 1708 4973 retribuit,
1726 4904 1759 4963 et
1774 4903 1882 4963 odium
1903 4913 1953 4976 pro
2017 4927 2018 4970 3

1174 5016 1298 5061 amore.
1336 5001 1567 5076 conquerente
1602 5015 1682 5060 sane
1719 4999 1890 5060 carissimo
1923 4995 1951 5055 in

1174 5097 1304 5159 Christo
1324 5097 1393 5157 iilic
1419 5097 1534 5157 nostro
1562 5093 1720 5175 Aindrea]
1741 5096 1863 5157 illustri
1885 5106 1951 5167 rege

1173 5195 1364 5270 Hungariae,
1377 5209 1438 5270 per
1452 5193 1606 5254 dilectum
1626 5193 1729 5252 lilium
1744 5195 1808 5253 Ma.
1825 5193 1951 5254 Floren-

1173 5291 1948 5362 tium,custodemOrodIensemmunciumsuum,

1174 5390 1269 5450 nobis
1284 5389 1429 5450 innotuit
1449 5409 1456 5446 :
1473 5387 1649 5464 quodcum
1669 5388 1703 5448 in
1715 5387 1854 5465 quadam
1871 5386 1950 5462 parte

1174 5487 1270 5562 regni
1286 5485 1338 5546 sui
1353 5486 1582 5562 hospitalariis
1605 5487 1637 5546 S.
1654 5485 1770 5546 Mariae
1785 5480 1951 5545 Theutoui-

1174 5599 1301 5654 corum,
1315 5587 1439 5644 terram
1455 5583 1496 5644 ad
1510 5583 1647 5657 triginta
1660 5582 1831 5644 dumtaxat
1840 5581 1948 5645 aratra,
2015 5599 2016 5628 r

1174 5681 1324 5744 caritatis
1364 5680 1497 5753 intuitu,
1538 5679 1723 5742 liberaliter
1759 5673 1947 5742 contulisset.
