4036 6330
241 345 303 408 eco
857 340 1032 402 nononn
1054 343 1099 402 111
1121 342 1269 404 orum.
1823 345 1881 406 roo
2001 331 2002 358 ³

281 504 344 577 Qut
357 502 487 564 nostres
501 513 561 577 per
575 497 922 575 suppressionemreri
937 500 1030 562 11113-
1087 501 1159 578 ipso
1169 502 1258 562 metu
1271 500 1384 562 omnia
1398 499 1472 562 fieri
1487 500 1603 562 ordine
1623 503 1658 564 at
1679 500 1770 564 131131
1785 503 1879 564 1333-

240 617 297 664 ras
323 599 548 678 impetrantes,
570 597 703 658 illarum
725 597 896 658 commodo
919 601 1033 660 carent
1087 597 1251 674 quillitate
1266 598 1386 660 laetari.
1414 598 1499 658 ilinc
1516 612 1597 659 sane
1611 600 1690 660 sunt
1710 599 1799 662 inter
1824 617 1879 662 vos

241 715 316 762 oum
329 697 452 758 veritas
467 695 647 765 reseratur,
662 694 696 754 id
711 694 775 754 sibi
787 694 911 756 debent
920 696 1032 772 impu·
1087 694 1277 772 frequentes
1304 695 1528 756 dissensiones
1554 697 1587 758 et
1610 696 1780 768 scandala,
1803 698 1879 759 binc

239 799 313 858 tare
328 811 394 856 non
407 793 514 864 nobis,
527 793 586 869 qui
607 793 753 852 omnium
769 793 892 853 babere
905 808 1033 854 rrrarno-v
1087 792 1194 854 caedas
1208 794 1242 854 et
1256 792 1410 854 incendia
1430 793 1672 868 perpetrantur,
1698 793 1784 872 quod
1797 793 1879 854 abu-

241 893 327 954 riam
344 907 412 952 non
428 891 587 960 valemus,
616 889 736 950 numid
750 889 899 952 divinum
914 891 957 951 sit
973 906 1034 966 po·
1086 889 1192 952 tentes
1206 889 1409 964 benignitate
1418 897 1463 950 'ao
1490 890 1650 966 patientia
1665 893 1792 961 nostra,
1812 893 1879 952 Ro·

240 989 308 1052 tius
323 1003 421 1065 quarn
439 987 630 1048 humanum.
654 989 691 1048 ln
713 987 832 1046 litteris
857 987 1030 1064 siquidem,
1087 1001 1219 1048 menam
1234 986 1414 1048 Ecclesiam
1425 989 1565 1048 matrem
1578 988 1610 1048 et
1624 987 1793 1048 dominam
1804 1004 1879 1048 ves-

241 1084 489 1164 perquasolim
513 1084 572 1145 tibi
597 1083 837 1156 mandavimus
859 1085 895 1145 ut
914 1085 1032 1146 dilecto
1086 1085 1172 1144 tram
1201 1099 1263 1144 nec
1291 1084 1376 1146 sicut
1400 1085 1540 1146 matrem
1569 1084 1785 1162 reveremini,
1817 1100 1879 1146 neo
2001 1109 2002 1114 ¹

242 1183 311 1244 filio
327 1182 497 1254 Clementi,
508 1181 564 1258 qui
577 1183 611 1242 iu
628 1197 685 1257 spe
695 1181 896 1258 provisionis
911 1183 1032 1242 nostrae
1087 1180 1210 1241 timetis
1229 1181 1265 1241 ut
1278 1181 1457 1252 dominare,
1474 1181 1531 1242 sod
1545 1181 1587 1242 de
1613 1181 1812 1257 impunitate
1828 1197 1881 1242 so-
2001 1227 2002 1234 ,

240 1280 364 1342 frustra
378 1279 503 1340 diutius
520 1279 691 1340 laborarat
703 1279 737 1338 in
752 1277 962 1339 atrebatensi
974 1293 1034 1338 eo·

240 1377 343 1438 oleata
359 1377 562 1453 provideres,
578 1375 770 1452 hujusmodi
786 1375 935 1442 clausula
949 1391 1033 1436 cou-

241 1475 389 1536 tinetur:
417 1476 562 1534 Securus
592 1473 678 1550 quod
700 1489 760 1549 pro
774 1473 898 1532 nullius
919 1473 1033 1549 provi·

240 1571 335 1634 sione
355 1569 416 1632 tibi
438 1585 618 1646 gravamen
639 1569 815 1632 decaetero
836 1569 1029 1632 inferemus.

241 1669 357 1744 Nuper
368 1667 479 1730 331333
496 1667 591 1728 nobis
605 1666 777 1728 insinuare
790 1668 926 1738 curasti,
946 1667 1031 1744 quod

239 1765 409 1828 Jobanoes
435 1765 544 1826 dictus
571 1765 682 1826 audax
703 1765 912 1840 postmodum
930 1765 976 1830 ad
1001 1767 1032 1826 te

239 1863 487 1938 nostrassuper
500 1862 691 1938 provisione
707 1878 766 1922 sun
786 1863 821 1922 in
844 1862 962 1924 *eadem
971 1878 1033 1924 eo-

119 2021 122 2031 ,
241 1958 343 2020 313313
360 1959 489 2020 litteras
508 1959 714 2030 monitorias,
743 1959 776 2020 et
796 1959 1032 2035 praeceptorias

241 2056 439 2138 impetravit,
457 2055 497 2116 de
512 2055 662 2116 clausula
681 2055 873 2131 supradicta
886 2071 953 2116 nou
968 2056 1031 2116 ba·

239 2151 308 2214 bita
324 2152 503 2212 mentione.
518 2155 627 2224 Quare
644 2151 738 2210 nobis
764 2151 934 2212 humiliter
948 2167 1030 2228 sup-

240 2249 384 2326 plicasti,
397 2249 433 2310 ut
446 2250 479 2310 te
487 2264 587 2325 super
599 2249 662 2308 boc
672 2247 805 2324 fatigari
816 2247 857 2308 ab
868 2265 908 2310 eo
917 2251 1032 2312 contra

239 2347 389 2408 tenorem
405 2345 603 2421 supradictae
618 2345 776 2406 clausu-lae
789 2362 855 2407 non
870 2347 1029 2408 sinamus,

239 2443 398 2504 Nolentes
413 2443 515 2518 igitur
525 2458 569 2504 ea
584 2442 681 2504 irrita
707 2443 828 2516 facere,
846 2461 919 2520 quae
945 2445 1032 2506 sicut

240 2540 432 2602 solemniter
445 2541 486 2601 de
507 2540 630 2601 nostris
658 2539 757 2600 labiis
785 2543 1028 2616 processerunt,

239 2639 276 2698 ut
290 2638 390 2700 etiam
414 2637 594 2699 munimine
615 2637 803 2713 Apostolioa
817 2637 908 2698 bulla
923 2655 1029 2715 appa-

238 2737 336 2796 reant
349 2733 514 2806 roborata,
531 2735 598 2796 tea
620 2735 800 2795 monitione
820 2736 852 2796 et
866 2736 1030 2812 praecepto

238 2831 429 2909 hujusmodi
440 2834 597 2907 tanquam
609 2847 669 2908 per
678 2832 749 2892 veri
762 2835 1030 2908 suppressionem

238 2929 379 2992 obtentis
399 2929 567 2990 reddimus
591 2928 788 3001 absolutum,
807 2931 852 2990 ita
879 2930 965 3016 quod
988 2929 1030 2990 ab

237 3027 352 3087 eodem
373 3029 402 3088 J.
429 3029 544 3088 contra
568 3028 717 3088 tenorem
744 3028 910 3104 praedictae
932 3029 1028 3088 clau-

237 3123 318 3184 sulse
335 3123 473 3186 ulterius
498 3139 568 3184 non
591 3125 735 3196 vexeris,
763 3124 824 3184 tibi
848 3128 1029 3200 praesentes

236 3219 365 3280 litteras
392 3221 428 3280 in
454 3220 554 3297 hujus
578 3221 628 3281 rei
650 3221 876 3282 testimonium
903 3238 1027 3283 conce-

238 3316 364 3377 dentes.
377 3316 494 3377 Datum
507 3317 674 3388 Laterani,
690 3319 717 3378 V
730 3317 804 3376 idus
821 3319 1026 3394 septembris,

237 3413 449 3490 pontificatus
463 3413 569 3474 nostri
582 3429 671 3474 anno
683 3429 781 3474 nono.

614 3641 648 3729 X

335 3799 386 3857 Ad
398 3798 579 3856 uniuersos
596 3796 725 3856 aaran
739 3796 853 3866 fideles
864 3810 930 3870 por

256 3896 483 3966 ,campaniam
504 3893 538 3954 ct
555 3894 774 3954 Maritimam
786 3892 1005 3954 contemtos.

484 4022 520 4078 20
534 4019 672 4094 septemb.
695 4021 772 4079 last.

284 4143 410 4204 [11331333.
422 4143 477 4193 cod.
488 4142 551 4206 dipl.
563 4143 671 4192 dominii
681 4149 771 4208 temp,
784 4143 805 4202 1,
819 4143 861 4203 80,
870 4155 901 4192 ·n.
915 4138 980 4207 raa]

262 4269 311 4326 Eis
323 4266 439 4326 mandat
453 4274 484 4326 ut
498 4267 633 4324 Ecclesiae
647 4274 676 4323 et
691 4267 845 4324 rectoribus
859 4267 912 4324 sibi
927 4243 1000 4326 datis

504 4355 600 4413 stricte
612 4343 755 4413 obediant.

273 4474 440 4537 Honorius
449 4473 634 4550 episcopus,
644 4487 759 4534 servus
772 4487 944 4533 sorvorum
954 4473 1023 4545 Dei,

233 4572 362 4634 dilectis
387 4571 465 4632 tiliis
481 4570 646 4632 universis
662 4568 814 4630 fidelibus
828 4571 952 4630 nostris
967 4585 1027 4646 per

132 4719 134 4726 ,
235 4669 447 4745 Campaniam
473 4668 506 4729 et
532 4667 733 4728 Maritimam
755 4667 954 4735 constitutis,
970 4683 1026 4728 aa·

186 4818 190 4824 .
234 4767 336 4826 lutem
350 4765 382 4825 et
394 4765 616 4841 apostolicam
629 4765 916 4842 benedictionem.-

275 4863 438 4934 Quantum
450 4860 589 4936 publicae
599 4861 752 4923 utilitatis
763 4860 906 4932 intersit,
917 4860 953 4921 ut
962 4860 1026 4921 ter-

148 4991 151 4996 ·
234 4975 348 5021 rarum
363 4957 487 5020 domini
501 4957 817 5028 31333133333131313,
831 4973 930 5034 super
942 4973 1024 5034 quos

233 5055 357 5121 babent
378 5053 560 5116 dominium
580 5057 612 5114 et
635 5055 799 5129 regimen,
832 5054 1023 5127 timeantur,

234 5157 319 5232 ipsa,
341 5154 370 5214 si
384 5150 555 5215 reminisci
575 5150 666 5222 libet,
683 5163 796 5212 rerum
818 5151 1024 5227 experientia

232 5251 407 5313 didicistis.
427 5251 489 5322 Qui
510 5249 599 5310 enim
620 5249 766 5309 vestrum
782 5263 848 5308 non
871 5248 1025 5312 viderunt

233 5347 293 5414 suh
318 5351 448 5408 rectore
470 5347 656 5422 contempto
682 5343 867 5406 exuberare
882 5357 1025 5421 perver-

233 5459 345 5507 sorum
361 5457 528 5516 excessus,
539 5441 668 5504 turbari
693 5443 817 5510 omnia,
846 5442 878 5502 et
899 5441 948 5502 fas
964 5458 1024 5504 ne-

232 5542 348 5619 fasque
359 5540 526 5612 confundi,
544 5539 604 5601 sub
619 5537 796 5600 formidato
819 5540 927 5600 autem
944 5555 1024 5601 con-

205 5649 208 5658 *
234 5641 415 5717 quiescere,
441 5636 604 5699 malorum
630 5635 803 5698 audaciam
830 5635 1021 5709 cohibitam,

1087 1277 1159 1338 curi
1168 1293 1245 1338 eam
1264 1278 1436 1340 audaciter
1454 1278 1624 1339 offenditis
1650 1280 1683 1340 et
1701 1279 1879 1354 preceptis
2001 1293 2002 1362 j

1087 1389 1126 1434 ao
1141 1375 1394 1437 inhibitionibus
1409 1378 1481 1450 ojus
1500 1375 1596 1438 factis
1611 1375 1704 1437 vobis
1720 1391 1781 1450 pro
1804 1392 1880 1436 ves·
2001 1411 2002 1420 2

1086 1471 1137 1534 tra
1151 1473 1392 1550 tranquillitate
1406 1487 1446 1534 33
1459 1489 1540 1548 pace
1552 1489 1619 1534 non
1632 1473 1738 1548 magis
1755 1473 1790 1533 in
1808 1476 1880 1549 ejus
2001 1533 2002 1536 ,

1086 1569 1255 1644 isauriam,
1279 1585 1379 1646 quam
1412 1570 1447 1630 in
1468 1571 1614 1631 vestrum
1641 1569 1879 1631 detrimentum
2001 1633 2002 1636 ,

1087 1665 1255 1742 proprium
1269 1667 1461 1728 contractis.
1477 1667 1634 1728 Veientes
1645 1667 1748 1742 igitur
1760 1666 1881 1727 131333-
2001 1693 2002 1716 t

1087 1777 1222 1824 currere
1253 1764 1400 1826 remedio
1435 1765 1643 1840 competenti,
1672 1779 1732 1840 pro
1769 1765 1879 1824 vestra

1086 1861 1277 1936 specialiter
1294 1875 1376 1938 pace
1392 1877 1436 1922 ac
1458 1860 1702 1938 tranquillitate
1722 1860 1880 1920 duximus

1087 1957 1881 2035 metuendumutqueecumquecivitassivecas-
2001 1951 2002 1962 ’

1086 2057 1184 2126 trum,
1196 2057 1254 2116 aut
1264 2053 1345 2116 baro
1359 2056 1535 2131 praeceptis
1547 2069 1606 2116 seu
1623 2053 1880 2116 inhibitionibus

1086 2153 1228 2214 Romani
1243 2152 1430 2230 >pontilicis
1457 2167 1517 2212 seu
1546 2155 1631 2228 ejus,
1657 2167 1758 2229 quern
1786 2151 1879 2213 vobis
2001 2205 2002 2210 ,

1086 2250 1268 2326 providerit
1294 2250 1330 2312 in
1355 2250 1528 2318 rectorem,
1554 2251 1677 2310 minere
1711 2251 1879 2311 contraire
2001 2265 2002 2322 g

1086 2361 1302 2424 proesmrens,
1319 2348 1446 2410 tamdiu
1460 2349 1495 2408 in
1516 2363 1584 2408 suae
1600 2348 1800 2409 temeritatis
1819 2365 1880 2408 au·
2001 2339 2002 2428 ᾗ

1086 2445 1880 2524 13313313313311133333331113311,3333113333-
2001 2457 2002 2488 1

1085 2555 1163 2602 nam
1182 2543 1316 2614 incidat,
1335 2543 1395 2604 sub
1419 2559 1484 2620 qua
1508 2543 1586 2620 quid
1609 2542 1790 2604 inhibitum
1816 2542 1879 2603 sibi
2001 2571 2002 2614 ι

1085 2639 1185 2702 133311
1204 2641 1263 2702 ‘vel
1284 2641 1485 2712 mandatum,
1503 2640 1630 2718 quodve
1654 2641 1743 2701 circe
1769 2641 1878 2716 ipsam
2001 2673 2002 2724 t

1086 2738 1255 2812 contingat
1271 2739 1456 2800 exercitum
1482 2737 1692 2814 congregari,
1717 2737 1753 2798 in
1773 2741 1880 2814 Apos-
2001 2731 2002 2786 Ϊ

1085 2835 1194 2896 tolicae
1206 2836 1300 2896 Sedis
1311 2837 1452 2911 gratiam
1468 2836 1658 2898 nullatenus
1670 2835 1877 2908 admittatur,
2001 2823 2002 2850 ³

1086 2932 1189 2993 donec
1209 2949 1340 3008 poenam
1365 2933 1557 3005 exsolverit,
1575 2949 1673 3010 quam
1695 2934 1879 2996 incurrisse

1085 3029 1289 3107 probabitur,
1303 3033 1336 3091 et
1351 3046 1516 3106 expensas
1531 3031 1722 3092 resarcierit
1736 3031 1878 3092 univer-

1086 3142 1151 3198 sas,
1167 3143 1248 3204 quas
1264 3127 1336 3204 ipse
1350 3130 1520 3189 Romanus
1531 3127 1689 3204 pontifex,
1703 3129 1756 3190 vel
1774 3129 1805 3190 13
1824 3130 1879 3206 qui

1084 3224 1229 3284 vestrum
1246 3224 1394 3299 regimen
1411 3223 1581 3294 obtinebit,
1596 3223 1715 3286 fecisse
1728 3241 1790 3301 pro
1806 3242 1880 3288 cas·
2001 3221 2002 3280 l

1084 3317 1219 3392 tiganda
1236 3321 1309 3395 ejus
1325 3318 1465 3378 audacia
1481 3319 1683 3380 ostendetur.
1704 3321 1878 3381 Monemus
2001 3335 2002 3370 t

1083 3430 1163 3490 ergo
1182 3414 1416 3478 discretionem
1435 3415 1581 3476 vestram
1606 3417 1639 3478 et
1658 3416 1878 3478 sollicitamus
2001 3423 2002 3478 ff

1084 3512 1253 3584 attentius,
1279 3529 1318 3572 ac
1340 3528 1400 3589 per
1419 3513 1609 3592 Apostolica
1633 3514 1728 3574 vobis
1753 3517 1877 3592 scripta
2001 3543 2002 3578 t

1083 3609 1304 3686 praecipiendo
1319 3609 1526 3681 mandamus,
1537 3613 1699 3688 quatenus
1714 3611 1876 3674 statutum
2001 3619 2002 3624 ’

1082 3705 1270 3782 hujusmodi
1301 3708 1493 3769 memoriter
1524 3709 1706 3770 retinentes
1749 3711 1877 3770 curetis

1083 3803 1229 3865 studiose
1245 3819 1373 3874 cavere,
1399 3819 1441 3864 ne
1465 3803 1546 3865 illud
1558 3808 1687 3866 temere
1702 3805 1873 3868 incidatis.
2001 3815 2002 3866 1

1082 3895 1200 3961 Datum
1214 3901 1382 3974 Laterani,
1397 3903 1457 3961 XII
1474 3900 1541 3962 lral.
1558 3902 1714 3974 octobris,
1743 3903 1878 3980 pontifi-
2001 3969 2002 3980 ,

1084 3999 1177 4058 catus
1191 3997 1297 4059 nostri
1308 4011 1395 4058 anno
1406 4011 1504 4059 nono.

1081 4389 1133 4448 Ad
1147 4389 1342 4462 episcopum
1365 4387 1399 4448 'ot
1419 4389 1608 4462 capitatum
1627 4389 1874 4452 Massilienses.

1336 4517 1371 4574 21
1383 4516 1522 4590 septemb.
1536 4517 1615 4575 tiit.

1127 4639 1245 4702 [Regest.,
1258 4639 1303 4688 lib.
1316 4639 1359 4697 lX,
1373 4653 1412 4703 ep.
1423 4639 1463 4689 29.
1477 4641 1534 4690 1133.
1545 4641 1581 4690 La
1591 4641 1667 4690 Porto
1684 4641 1719 4692 du
1733 4642 1829 4707 1113311]

1080 4761 1196 4820 Mandat
1208 4771 1249 4830 ut,
1263 4763 1342 4837 juxte
1357 4763 1575 4836 requisitionem
1586 4765 1697 4822 ‘civium
1713 4764 1872 4824 1133311133-

1115 4853 1199 4920 sium,
1215 4854 1257 4909 eia
1276 4851 1448 4909 concedatur
1462 4851 1609 4909 medietas
1632 4853 1756 4911 civitatis
1771 4855 1872 4912 113331·

1114 4941 1222 5007 1133313,
1238 4939 1365 5012 subjecte
1378 4940 1567 5013 epmooputut,
1578 4939 1674 4998 habita
1686 4952 1872 5016 recompensa

1111 5035 1143 5085 et
1156 5032 1293 5101 praeterea
1306 5039 1337 5085 ut
1349 5043 1381 5086 sa
1390 5027 1561 5086 favorabiles
1569 5029 1653 5086 salvo
1664 5029 1730 5102 ¹iure
1737 5031 1875 5089 Eccles's

1112 5115 1364 5176 exbibeautdictis
1378 5117 1498 5176 civibus.

1119 5248 1286 5312 Honorius
1299 5252 1484 5328 episcopus,
1495 5267 1610 5314 servus
1620 5267 1793 5313 servornm
1801 5255 1869 5325 Dei,

1078 5348 1263 5410 venerabili
1279 5349 1411 5410 tratri...
1422 5348 1577 5426 episcopo
1593 5350 1625 5410 et
1640 5347 1771 5410 dilectis
1793 5339 1871 5410 filiis

1079 5443 1871 5523 capitoloMassiliensi,salutemetrtpostolicam

1078 5543 1353 5603 benedictionem.

1119 5640 1236 5701 bilecti
1251 5639 1311 5700 tilii
1327 5639 1417 5702 cives
1430 5639 1656 5701 Massilienses
1678 5639 1773 5703 nobis
1788 5641 1871 5702 insi-
