4036 6330
209 305 268 371 711

560 473 650 562 XXI

128 597 132 606 ¹
164 617 175 653 ³'
210 628 263 688 Act
276 627 514 690 liberitarctam
528 629 823 702 archiepiscopum
842 629 1003 690 salzbur-

246 737 398 800 peasem,
423 721 635 802 (Gerelttanc)
652 727 847 798 episcopam
865 727 1003 786 Frisia-

243 836 386 898 qensem
404 823 438 883 et
456 824 685 898 praepositam
703 825 1001 900 salzbarpcasem.

475 953 493 1010 i
507 952 640 1011 novemb.
656 953 735 1012 lili.

449 1076 568 1140 [timber.
581 1075 692 1134 Austris,
713 1077 765 1142 le]

208 1193 258 1251 Eis
272 1191 390 1249 mandat
405 1199 446 1261 ut,
462 1193 661 1264 passessiones
676 1199 705 1250 et
721 1191 806 1262 bona,
828 1192 1002 1250 monasterie

243 1282 400 1340 ilellicensi
413 1281 509 1338 illicite
519 1281 652 1349 alienata,
662 1281 753 1355 adjus
763 1289 792 1340 et
801 1281 1002 1354 proprietatem

244 1367 373 1444 ejusdem
385 1370 514 1442 legitime
527 1376 673 1428 revocent.

248 1503 1000 1582 Honorinsepiseopus,servasserverumDei,

136 1613 139 1621 “
208 1601 456 1666 venerabilibus
472 1603 629 1665 iratribus
644 1603 895 1681 archiepiscopo
910 1604 1003 1664 Sala-

208 1701 379 1778 burgensi,
403 1701 558 1778 episcopo
580 1693 732 1762 Ktmensi
755 1699 1000 1781 [Frisingensip

208 1800 241 1860 et
255 1799 375 1861 dilecto
398 1799 467 1859 illie
487 1799 665 1875 praeposite
682 1798 927 1875 salzburgensi,
941 1815 1001 1860 sa·

206 1895 309 1957 lutern
323 1894 356 1957 et
369 1895 594 1972 apostolicam
608 1895 886 1957 benedictionem.

247 1992 365 2055 Dilecti
380 1992 440 2053 lilii
450 1992 579 2054 abbatis
590 1993 786 2055 monasterii
799 1992 1002 2054 Mellicensis

205 2090 361 2168 precibus
386 2089 551 2162 inclinati,
577 2089 770 2152 discretioni
797 2093 916 2152 vestrae
943 2105 1003 2167 per

206 2187 396 2264 Apostoliea
411 2188 534 2263 scripta
549 2188 756 2255 mandamus,
768 2189 931 2264 quatenus
948 2203 1000 2260 ea,

208 2300 282 2361 quae
308 2284 348 2346 de
375 2284 471 2346 bonis
499 2285 605 2360 ipsius
632 2285 825 2348 monasterii
854 2285 1002 2348 alienata

205 2381 324 2444 illicite
345 2381 552 2454 inveneritis,
569 2398 609 2444 ac
631 2383 802 2452 distracta,
826 2383 868 2444 ad
889 2385 945 2460 jus
969 2383 1003 2444 et

208 2467 443 2556 pr'oprietatem
458 2480 564 2556 ipsius
576 2480 725 2556 legitime
737 2481 911 2552 revocetis,
927 2495 1004 2542 een·

207 2577 404 2638 tradietores
438 2593 696 2654 percensuram
727 2577 999 2650 ecclesiasticam,

208 2674 431 2752 appellatione
444 2675 636 2752 postposita,
652 2675 903 2751 compescendo.
918 2677 1001 2736 Tes-

208 2773 259 2835 tes
270 2773 392 2845 autem,
404 2773 460 2848 qui
471 2771 596 2834 fuerint
605 2771 776 2844 nominati,
791 2772 820 2832 si
833 2787 870 2832 se
880 2773 1000 2847 gratia,

207 2870 284 2932 odio
304 2869 358 2931 vel
381 2870 500 2931 timore
521 2869 760 2940 subtraxerint,
784 2883 927 2930 censura
949 2868 1001 2930 si-

207 2968 291 3039 mili,
304 2967 529 3044 appellatione
543 2966 708 3038 eessante,
725 2967 853 3041 cogatis
868 2965 1001 3028 veritati

206 3065 432 3128 testimenium
445 3064 633 3142 perhibere.
650 3064 742 3136 Quod
757 3063 787 3124 si
802 3079 870 3126 nen
885 3079 1001 3125 omnes

206 3161 259 3222 his
287 3161 507 3239 exsequendis
531 3161 706 3236 potueritis
735 3159 909 3231 interesse,
936 3161 1000 3222 due

205 3259 415 3321 vestrumea
438 3257 656 3318 nibilominus
681 3258 917 3334 exsequantur.
935 3259 1002 3318 Da-

206 3358 276 3419 tum
299 3356 467 3428 Laterani,
490 3357 519 3416 ll
541 3371 619 3416 non.
640 3352 843 3426 novembris,
865 3355 1002 3434 pontili-

206 3456 300 3518 eatus
315 3453 419 3516 nostri
431 3469 519 3514 anne
532 3467 631 3514 nono.

549 3721 661 3809 XXII

204 3875 257 3936 Ad
290 3877 579 3948 archiepiscopos,
614 3875 806 3948 episcopos,
842 3873 998 3945 abbates,

241 3973 391 4046 priores,
408 3971 566 4042 demnas,
582 3969 745 4042 officiales
758 3969 792 4030 et
805 3969 896 4032 citos
906 3983 1001 4044 prae·

243 4066 331 4128 batos
349 4067 394 4126 aa
412 4079 496 4140 quos
515 4065 643 4127 lttteroe
661 4066 739 4127 tstoe
759 4066 999 4141 pervenerint.

439 4209 440 4212 ¹
468 4195 486 4251 a
505 4192 639 4252 novemb.
657 4192 736 4252 last.

375 4317 527 4384 [bullarium
541 4318 694 4376 Romanum,
709 4317 751 4377 ΙΙΙ,
762 4316 830 4383 aas]

205 4443 356 4517 Exemptio
383 4443 491 4501 ordinis
516 4442 713 4502 Cistereiensis
740 4442 946 4502 monachorum
970 4445 998 4503 S.

338 4533 510 4592 benedicite
526 4533 667 4590 solutione
682 4529 868 4590 decimarum.

244 4659 917 4736 Honoriusepiscepus,servasserverum
925 4657 998 4729 Dei,

205 4755 453 4820 venerabilibus
484 4756 643 4819 tratribus
674 4756 936 4833 archiepiscopis
967 4757 1001 4818 et

205 4853 382 4932 episcopis,
400 4869 439 4914 ae
454 4853 684 4920 dilectistiliis
705 4853 891 4927 abbatibus
908 4853 1000 4930 prio-

204 4951 308 5023 ribus,
334 4949 481 5021 deeanis,
507 4950 772 5022 archidiaconis,
801 4950 999 5014 olficmlibus

206 5053 239 5114 et
260 5049 338 5110 aliis
357 5047 574 5128 ecclesiarum
595 5047 753 5124 praelatis,
771 5048 812 5110 ad
828 5063 910 5126 ques
925 5050 999 5112 tstae

202 5147 323 5210 litterae
336 5145 560 5223 pervenerint,
576 5145 716 5208 salutern
729 5151 762 5208 et
775 5147 998 5223 apostolicam

203 5243 478 5308 benedictionem.

834 307 1009 372 aenean
1032 310 1077 370 111
1098 310 1246 384 erana.

1794 314 1856 374 712

1097 465 1695 534 Gnmabbatestllsterciansisordinis
1703 471 1855 549 tempere

1058 566 1198 628 concilii
1206 567 1385 642 generalis,
1395 565 1437 628 ad
1446 567 1736 630 commonitionem
1745 568 1856 630 felicis

1058 665 1227 726 memoriae
1252 663 1437 726 innocentii
1463 679 1568 740 papae,
1594 665 1855 742 praedecessoris

1057 761 1175 833 nostri,
1199 761 1388 834 statuerint,
1405 761 1441 822 ut
1462 761 1503 822 de
1520 763 1642 824 caetero
1662 761 1783 826 iratres
1799 765 1857 841 ip-

1057 858 1129 920 sius
1158 859 1302 929 ordinis,
1327 874 1369 922 ne
1393 859 1568 921 occasione
1598 859 1855 936 privilegiorum

1057 971 1204 1028 suerum,
1225 956 1375 1018 ecclesiae
1400 955 1541 1018 ulterius
1562 957 1794 1034 gravarentur,
1811 958 1856 1020 de

1057 1052 1178 1117 alienis
1190 1053 1302 1124 terris,
1315 1055 1347 1116 et
1355 1053 1397 1114 ab
1408 1067 1449 1116 ee
1460 1053 1610 1130 tempere
1623 1055 1852 1132 acquirendis,

1057 1150 1086 1211 si
1101 1167 1158 1212 eas
1175 1150 1319 1228 propriis
1342 1149 1507 1222 manibus,
1522 1152 1580 1212 aut
1593 1151 1780 1228 sumptibus
1795 1168 1856 1216 eo-

1056 1248 1173 1320 lerent,
1188 1248 1333 1310 decimas
1350 1241 1579 1324 persolverent
1593 1249 1758 1321 eeclesiis,
1776 1250 1857 1327 qui·

1056 1346 1118 1407 bus
1137 1346 1267 1408 ratione
1278 1343 1487 1425 lpraedierum
1507 1347 1604 1408 antea
1624 1346 1852 1420 solvenanerr,

1056 1443 1122 1504 nisi
1144 1459 1219 1505 cum
1240 1444 1365 1505 eisdem
1389 1443 1551 1514 ecclesiis,
1572 1443 1674 1506 aliter
1690 1444 1856 1508 ducerent

1057 1541 1335 1617 componendum,
1360 1539 1447 1602 idem
1472 1540 1697 1616 praedecessor
1722 1543 1852 1614 nester,

1057 1638 1134 1714 quia
1158 1636 1322 1715 sperabat,
1343 1639 1379 1700 ut
1394 1638 1610 1700 eeclesiarum
1625 1638 1757 1720 praelati
1772 1655 1857 1717 prc-

1057 1735 1180 1806 nieres,
1206 1737 1239 1797 et
1259 1733 1465 1796 elfleaciores
1487 1733 1670 1798 existerent
1690 1735 1731 1796 ad
1753 1735 1856 1796 exbi-

1055 1831 1199 1894 bendnm
1218 1832 1268 1894 eis
1286 1831 1327 1895 de
1344 1832 1414 1892 suis
1429 1829 1698 1894 malefactoribus
1708 1833 1853 1910 justitiae

1057 1930 1331 2008 complementum
1353 1927 1553 2006 hujusmodi,
1575 1930 1684 1990 ratum
1709 1929 1852 2002 habeus,

1057 2027 1089 2090 et
1108 2028 1249 2102 gratum,
1275 2027 1339 2090 hee
1360 2026 1469 2103 ipsum
1494 2027 1536 2088 ad
1560 2026 1646 2088 alies
1663 2027 1851 2104 regulares,

1057 2124 1113 2201 qui
1135 2125 1282 2200 gattdent
1301 2123 1471 2192 ,similibus
1502 2123 1685 2200 privilegiis
1715 2124 1855 2188 extendi

1056 2221 1162 2283 voluit
1174 2222 1208 2284 et
1222 2221 1403 2284 mandavit.

1097 2319 1161 2380 Sed
1186 2319 1272 2397 quod
1294 2319 1442 2382 delemes
1458 2318 1645 2391 referimus,
1661 2320 1696 2380 in
1710 2321 1853 2382 contra-

1056 2416 1143 2478 rium
1164 2432 1218 2478 res
1242 2417 1294 2478 est
1313 2432 1428 2489 versa,
1454 2416 1544 2493 quia,
1569 2417 1655 2478 sicut
1679 2433 1722 2478 ex
1747 2417 1854 2478 allata

1056 2515 1193 2590 querela
1217 2513 1372 2576 abbatum
1388 2513 1494 2590 ipsius
1509 2513 1637 2574 ordinis
1658 2514 1856 2592 frequenter

1056 2611 1255 2684 audivimus,
1282 2611 1433 2672 nonnulli
1464 2611 1682 2674 ecelesiarum
1706 2610 1852 2688 praelati,

1056 2708 1162 2772 etalii
1177 2705 1302 2779 elerici,
1318 2723 1434 2770 eorum
1450 2708 1623 2784 privilegia
1637 2709 1764 2772 temere
1776 2725 1857 2770 een·

1055 2807 1240 2867 temnentes
1260 2807 1294 2866 et
1315 2805 1550 2869 contendentes
1571 2804 1736 2868 malitiose
1752 2806 1853 2882 ipse-

1055 2917 1129 2966 rum
1153 2903 1343 2980 pervertere
1365 2903 1579 2974 intellectum,
1605 2918 1663 2964 ees
1687 2902 1856 2980 multipli-

1055 2999 1139 3066 citer
1159 3000 1354 3077 inquietant.
1380 3001 1465 3062 Nam
1484 3015 1560 3064 cum
1575 3001 1619 3062 sit
1633 2999 1715 3076 ipsis
1737 2999 1857 3062 indul-

1054 3098 1135 3168 tum,
1149 3097 1234 3158 utde
1245 3097 1430 3170 novalibus,
1443 3113 1515 3175 quae
1527 3097 1671 3174 propriis
1681 3097 1851 3170 manibus,

1056 3197 1114 3257 aut
1140 3194 1325 3272 sumptibus
1351 3195 1518 3267 excolunt,
1549 3195 1619 3257 sive
1654 3196 1694 3257 de
1729 3195 1850 3268 hortis,

1054 3293 1220 3369 virgultis,
1231 3295 1263 3354 el
1272 3291 1853 3370 piscationibussuis,voldesuorum

1056 3391 1251 3452 animalium
1266 3390 1489 3462 nutrimentis,
1502 3389 1614 3452 nullus
1629 3389 1671 3452 ab
1687 3391 1737 3452 eis
1755 3391 1854 3452 deci·
1916 3379 1920 3388 ’

1056 3504 1127 3552 mas
1160 3489 1312 3564 exigere,
1339 3488 1393 3550 vel
1419 3489 1618 3565 extorquere
1645 3489 1851 3565 praesumam

1055 3587 1189 3664 quidam
1197 3601 1355 3664 perverso
1369 3585 1541 3646 intellectu
1552 3585 1691 3648 conficte
1701 3584 1854 3648 dieentes

1056 3684 1142 3761 qued
1156 3699 1222 3746 non
1238 3683 1376 3761 possunt
1389 3681 1543 3759 intelligi,
1558 3683 1624 3746 nisi
1639 3683 1679 3746 de
1693 3683 1759 3754 bis,
1773 3698 1852 3760 qum

1056 3782 1133 3844 sunt
1144 3781 1222 3844 ante
1236 3781 1361 3842 dietum
1371 3780 1555 3842 Concilium
1569 3779 1744 3858 aequisita,
1757 3781 1855 3857 ipsos

1056 3895 1155 3956 super
1171 3879 1223 3940 bis
1239 3878 1415 3954 multiplici
1429 3879 1604 3940 exactione
1615 3877 1767 3954 fatigant

1094 3978 1165 4038 Nes
1188 3976 1291 4053 igitur
1319 3991 1433 4038 eorum
1459 3975 1562 4053 quieti
1593 3975 1731 4052 paterna
1754 3975 1856 4038 solli-

1055 4073 1203 4138 eitudine
1233 4073 1409 4151 providere
1442 4073 1607 4146 volentes,
1638 4073 1854 4137 universitati

1053 4171 1175 4233 vestrae
1199 4184 1258 4247 per
1276 4170 1466 4246 apostolica
1492 4170 1615 4247 scripta
1639 4171 1850 4244 mandamus,

1055 4271 1218 4346 qnatenus
1228 4267 1364 4332 abbates
1374 4269 1406 4330 et
1417 4267 1537 4330 tratres
1549 4268 1697 4345 ejusdem
1708 4269 1849 4340 ordinis,

1054 4382 1074 4427 a
1088 4365 1302 4442 praestatione
1314 4365 1528 4438 decimarum,
1540 4367 1608 4428 tam
1619 4367 1659 4428 de
1670 4366 1854 4444 possessio·

1054 4464 1152 4526 nibus
1174 4462 1296 4526 habitis
1314 4464 1391 4527 ante
1413 4463 1598 4526 Concilium
1616 4467 1848 4539 memoratum,

1054 4563 1087 4624 et
1110 4562 1151 4622 de
1174 4560 1360 4634 novalibus,
1382 4562 1453 4624 sive
1474 4562 1563 4634 ante,
1580 4563 1650 4625 sive
1664 4565 1740 4638 pest
1760 4565 1849 4626 idem

1055 4657 1237 4720 Concilium
1278 4659 1467 4734 acquisitis,
1498 4674 1573 4737 quar
1601 4659 1745 4736 propriis
1775 4675 1852 4722 ma-

1053 4757 1162 4828 nibus,
1190 4755 1249 4818 aut
1274 4755 1457 4832 sumptibus
1484 4756 1652 4829 excolunt,
1680 4773 1779 4834 quam
1807 4757 1850 4820 de

1054 4853 1171 4925 hortis,
1194 4853 1360 4930 virgultis,
1382 4853 1622 4930 piseationibus
1647 4853 1728 4926 suis,
1747 4870 1787 4916 ae
1807 4855 1849 4916 de

1054 4967 1189 5014 suorum
1227 4951 1422 5014 animalium
1457 4937 1684 5024 nutrimentis,
1721 4951 1850 5028 singuli

1052 5052 1200 5112 vestrum
1210 5048 1344 5112 omnino
1355 5051 1530 5112 serventur
1542 5049 1848 5114 immunesbatum

1054 5147 1221 5218 Laterani,
1246 5149 1276 5206 -V
1301 5147 1376 5208 idus
1405 5147 1607 5220 novembris,
1634 5147 1849 5224 pontificatus

1053 5245 1159 5309 nestri
1174 5259 1261 5305 anno
1276 5258 1374 5305 nono.
