4002 6326
105 289 161 364 331

101 462 174 540 gula
184 461 267 538 ipsa,
280 461 364 524 sicut
375 460 499 538 scripta
512 461 572 535 est,
584 460 686 524 fuerit
695 461 881 525 observata.

102 559 212 620 dasteri
227 574 356 636 quoque
377 559 433 635 qui
455 559 586 634 plenius
607 563 770 621 noverant
794 563 885 638 ejus-

101 657 168 718 dam
183 656 308 717 ordinis
319 657 440 718 statum
452 657 609 718 concordi
620 673 700 718 voce
715 658 882 730 dixerunt,

100 754 179 832 quod
194 769 260 814 non
275 753 413 815 credunt
438 755 588 816 ordinem
612 755 805 832 predictum
820 757 886 816 011-

100 868 159 928 quo
178 851 273 912 modo
287 867 384 930 posse
407 851 590 914 subsistere
611 853 684 914 sine
698 853 795 914 bonis
811 869 884 930 quae

100 948 219 1010 obtinet
232 950 327 1010 extra
339 949 444 1010 metas
461 971 468 1008 :
483 966 558 1011 cum
578 965 698 1028 magna
720 966 797 1026 pars
824 951 886 1011 do-

99 1062 223 1108 morum
235 1045 341 1122 ipsius
355 1047 419 1108 sita
434 1047 478 1108 sit
498 1047 533 1108 in
548 1047 631 1108 locis
651 1045 754 1108 aridis
770 1047 802 1109 et
816 1047 885 1110 sta-

98 1143 221 1216 rilibus,
245 1144 278 1205 et
298 1144 538 1221 multiplicatus
563 1144 607 1206 sit
630 1161 788 1206 numerus
808 1145 882 1207 fra-

101 1243 179 1302 trum
192 1241 319 1302 ordinis
334 1241 515 1320 saepedicti,
538 1242 686 1319 adeoque
714 1243 882 1319 refrigue-

97 1338 139 1400 rit
152 1339 276 1413 caritas
295 1339 328 1400 et
348 1337 568 1402 abundaverit
590 1340 729 1414 malitia,
752 1341 790 1402 ut
812 1356 885 1401 mo-

99 1436 187 1496 derni
201 1424 314 1512 potius
337 1436 494 1499 auferant
517 1436 643 1498 eisdem
659 1437 818 1499 fratribus
844 1454 884 1499 ea

99 1549 165 1610 quaa
179 1533 231 1594 sui
244 1536 386 1610 majores
399 1534 482 1610 ipsis
496 1534 532 1595 in
547 1535 794 1612 eleemosynam
809 1552 884 1598 cou-

98 1629 250 1702 tularant,
273 1646 370 1707 quam
399 1631 535 1708 propria
564 1631 760 1708 largiantur.
789 1635 885 1694 Asse·

97 1729 230 1790 ruerunt
254 1727 392 1804 insuper
413 1728 589 1805 episcopus
616 1730 648 1791 et
674 1727 883 1792 subdecanus

96 1823 240 1900 praedicti
255 1824 320 1885 sibi
336 1841 395 1902 par
410 1825 540 1886 litteras
551 1825 669 1887 decani
686 1825 717 1889 et
730 1825 883 1888 officialis

96 1921 309 1983 Bituricensis
323 1923 550 1998 delegatorum
565 1939 584 1984 a
597 1923 680 1986 Sede
694 1924 884 2000 Apostolica

97 2018 291 2091 constitisse,
322 2020 407 2098 quod
433 2020 628 2081 Guillelmus
665 2022 826 2098 Lespinas
852 2022 885 2084 et

96 2115 207 2176 Petrus
223 2117 409 2178 Bruscbars
437 2118 589 2179 conversi
605 2116 884 2181 Grandimonten-

97 2213 137 2271 sis
152 2214 260 2289 jurati
275 2213 419 2276 confessi
438 2215 516 2276 sunt
532 2231 644 2276 coram
660 2216 709 2277 eis
723 2216 807 2294 quod
822 2217 882 2278 lit-

96 2308 177 2369 teras
191 2326 254 2386 per
269 2311 359 2388 ipsos
375 2313 407 2373 et
421 2311 507 2373 alios
522 2328 703 2374 conversos
718 2312 882 2390 impetra-

96 2404 140 2465 tas
171 2421 192 2467 a
221 2407 318 2468 nobis
352 2424 451 2486 super
489 2409 768 2485 possessionibus
802 2427 883 2487 quas

97 2501 238 2566 obtinent
264 2507 360 2566 extra
384 2506 501 2576 metas,
526 2507 562 2567 in
584 2506 695 2568 odium
715 2507 836 2585 prioris
852 2508 885 2570 et

97 2600 291 2663 clericorum
322 2603 581 2680 impetraverant
606 2605 694 2666 malo
720 2607 832 2667 animo
851 2606 884 2668 et

97 2696 215 2774 iniquo,
233 2699 495 2762 destructionem
506 2702 608 2763 totius
618 2701 745 2763 ordinis
756 2704 788 2764 et
803 2720 884 2780 praa·

98 2797 203 2856 sertim
219 2797 345 2874 prioris
361 2800 393 2860 et
412 2798 610 2861 clericorum
631 2800 710 2862 tunc
724 2801 883 2876 temporis

97 2891 306 2969 affectantas3
323 2911 363 2956 ac
377 2895 596 2957 nihilominus
614 2897 674 2957 sub
692 2898 883 2974 juramento

96 2988 247 3054 dixerunt
260 2991 409 3053 ordinem
425 2994 497 3054 siue
513 2993 680 3070 praedictis
696 2996 883 3072 possessio-

96 3086 185 3147 nibus
199 3105 272 3149 non
286 3105 383 3165 posse
399 3090 611 3167 aliquatenus
627 3092 821 3154 sustentari.

130 3185 306 3264 Saepedicti
335 3202 415 3263 ergo
440 3188 586 3265 episcopi
613 3190 645 3251 et
666 3189 883 3252 subdecanus

96 3297 148 3356 pro
159 3281 239 3358 ipsis
253 3284 365 3360 priore
378 3300 417 3346 ac
428 3285 585 3347 fratribus
597 3288 629 3349 et
640 3303 713 3347 cum
728 3289 777 3348 eis
788 3287 884 3349 nobis

96 3377 258 3442 humiliter
291 3383 522 3459 supplicarunt
550 3383 586 3446 ut
612 3400 713 3461 super
741 3385 794 3445 his
823 3401 883 3446 ar-

95 3475 212 3550 ticulis,
244 3476 403 3541 videlicet
433 3496 534 3556 super
557 3481 719 3552 habendis
751 3498 885 3559 posses-

96 3573 237 3636 sionibus
253 3577 350 3638 extra
363 3578 478 3650 metas,
496 3578 529 3640 01
546 3578 662 3641 bestiis
684 3581 884 3642 necessariis

96 3670 132 3730 ad
156 3671 317 3745 laborem,
331 3675 432 3736 certis
449 3675 633 3737 redditibus
648 3676 681 3738 et
695 3677 884 3754 repetendis

96 3767 224 3842 ablatis,
251 3770 446 3847 dispensare
471 3773 732 3835 misericorditer
753 3775 788 3835 in
813 3777 884 3852 jam

96 3863 175 3926 dicta
193 3867 312 3944 regula
334 3867 559 3944 dignaremur.
576 3870 616 3930 nt
636 3869 669 3929 id
687 3870 795 3946 ipsum
815 3873 883 3932 tam

95 3964 291 4025 venerabilis
301 3963 405 4027 frater
417 3967 530 4027 noster
540 3967 735 4028 portuensis
750 3967 883 4044 episco-

96 4074 151 4134 pus
168 4061 367 4138 spostolicae
389 4063 485 4124 Sedis
504 4063 646 4139 legatus,
660 4081 758 4141 quam
773 4081 832 4127 vos
852 4065 886 4127 et

96 4158 292 4218 venerabilis
306 4158 410 4221 frater
423 4163 537 4222 noster
553 4161 809 4238 Burdegalansis
825 4178 884 4223 ar-

97 4252 335 4332 chiepiscopus,
365 4256 490 4334 aliique
519 4259 673 4320 nonnulli
697 4261 765 4321 tam
794 4259 885 4337 epis-

97 4351 163 4426 copi
185 4369 286 4429 quam
313 4353 449 4415 abbates
484 4354 609 4431 aliique
633 4357 763 4432 praelati
788 4357 884 4418 nobis

98 4449 230 4510 suadere
244 4465 395 4526 persnas
410 4450 540 4512 litteras
562 4453 885 4526 curaverunt-asse-

97 4546 199 4606 rentes
210 4546 363 4608 ordinem
379 4547 488 4624 ipsum
502 4551 683 4611 sustentari
695 4565 761 4612 non
772 4568 881 4627 posse,

98 4640 157 4702 nisi
192 4660 254 4720 per
281 4644 574 4720 dispensationem,
600 4649 637 4708 ut
663 4646 785 4709 dictum
821 4651 881 4722 est,

98 4740 305 4810 provideatur
318 4741 437 4802 eidem.
461 4745 541 4804 Cum
556 4744 660 4818 igitur
674 4759 735 4806 nos
755 4746 789 4807 et
809 4745 883 4807 fra-

98 4834 158 4894 tres
174 4837 280 4898 nostri
295 4840 483 4914 satagentes
499 4840 636 4901 obviare
656 4842 763 4903 ruinae
778 4843 883 4919 ipsius

99 4931 226 5007 ordinis,
250 4949 310 5012 pro
334 4939 429 5014 cujus
456 4938 543 4998 statu
569 4939 757 5015 apostolica
783 4941 883 5002 Sedes

99 5025 144 5088 bis
159 5032 190 5092 et
201 5033 279 5093 01110
294 5033 498 5110 temporibus
513 5035 692 5111 plurimum
706 5036 883 5107 laboravit,

100 5129 361 5191 convenissemus
380 5131 416 5191 in
434 5147 536 5192 unum
552 5148 651 5209 super
665 5134 738 5211 ipso
751 5136 884 5210 negotio

98 5221 274 5298 tractaturi,
291 5228 359 5288 tres
378 5228 580 5304 provisionis
594 5231 658 5291 viae
680 5231 776 5292 nobis
796 5233 885 5294 inter

100 5321 229 5383 caeteras
241 5324 468 5386 occurrerunt.
482 5327 595 5388 Prima
608 5326 681 5400 fuit,
694 5332 730 5389 nt
742 5329 885 5390 distrac-

99 5416 137 5476 tis
158 5417 251 5480 bonis
274 5435 347 5497 quae
372 5423 550 5498 saepedicta
575 5425 884 5487 Grandimontensis

100 5512 207 5576 domus
221 5520 252 5578 et
268 5521 340 5595 ejus
353 5520 447 5580 cellae
460 5519 612 5583 obtinent
627 5523 742 5585 contra
758 5524 884 5600 regulae

101 5624 162 5672 suaa
176 5612 394 5686 1110111010,οκ
406 5631 519 5678 eorum
534 5619 640 5694 pretio
655 5619 775 5682 darent
789 5635 883 5684 novae

703 303 932 364 EPISTOLAE.
958 303 1036 364 LIB.
1059 303 1130 364 vn.

1675 293 1737 360 338

940 462 1045 534 oellae,
1064 463 1096 525 et
1110 462 1146 524 in
1162 475 1278 524 aarum
1299 457 1441 538 singulis
1459 458 1509 524 tot
1528 457 1737 524 collocaren-

939 561 994 621 tur
1017 559 1057 620 de
1079 559 1249 630 fratribus,
1266 558 1352 636 quod
1367 558 1562 620 viderentur
1575 558 1616 620 de
1638 557 1740 620 bonis

939 657 1029 718 intra
1044 671 1159 718 aarum
1174 657 1279 718 metas
1291 656 1407 733 positis
1426 656 1608 718 sustentari
1624 677 1631 714 ε
1648 671 1740 732 ‹pra-¹

940 754 1037 814 tenus
1059 768 1198 814 nnmero
1222 752 1360 814 fratrum
1380 752 1415 812 in
1442 752 1536 814 cellis
1565 752 1734 814 veteribus

941 850 1195 912 consistentium
1221 865 1282 926 per
1311 850 1374 910 hoc
1409 849 1544 910 redacto
1573 849 1615 910 ad
1648 865 1733 911 con-

939 963 1057 1024 gruam
1071 948 1282 1025 paucitatem,
1304 948 1337 1009 et
1361 947 1427 1023 ipsi
1448 947 1629 1009 sustentari
1643 962 1733 1024 pos-

940 1045 1013 1106 sent
1023 1045 1064 1106 de
1075 1045 1171 1106 bonis
1185 1061 1259 1122 quaa
1273 1045 1366 1106 cellae
1377 1046 1459 1121 ipsae
1474 1044 1624 1106 obtinent
1642 1043 1733 1106 intra

939 1143 1056 1204 metas.
1070 1143 1221 1204 Secunda
1249 1143 1321 1214 fuit,
1345 1143 1381 1204 ut
1402 1142 1730 1219 tam'pcssessicnes,
1795 1163 1801 1173 ’

939 1253 1037 1315 quarn
1050 1239 1118 1300 alia
1138 1255 1211 1317 quaa
1236 1242 1352 1301 contra
1374 1233 1497 1301 statuta
1518 1239 1642 1314 regulae
1662 1254 1733 1300 snae

939 1335 1065 1398 obtinet
1079 1335 1187 1397 dictus
1206 1336 1298 1408 ordo,
1313 1335 1464 1412 personis
1483 1335 1735 1396 ‘committeren-

938 1433 1054 1494 rentur
1075 1432 1307 1510 idoneisque
1328 1433 1386 1494 illa
1413 1433 1548 1495 nomine
1575 1431 1733 1494 Ecclesiae

939 1531 1099 1590 Romanae
1120 1530 1281 1602 tenentes,
1299 1531 1340 1591 de
1359 1530 1493 1592 illorum
1519 1529 1741 1606 proventibus·

939 1627 1130 1703 supplerent
1140 1627 1302 1690 defectum
1316 1628 1534 1704 proventuum
1547 1627 1734 1704 possessio-

939 1740 1017 1784 num
1043 1725 1294 1787 consistentium
1318 1725 1406 1787 intra
1430 1727 1546 1798 metas,
1577 1739 1616 1786 ac
1643 1724 1731 1785 resi-

939 1821 1050 1894 duum,
1064 1823 1182 1900 siquid
1198 1823 1343 1896 assatio
1358 1824 1597 1900 eleemosymas
1607 1829 1732 1896 eroga-

938 1919 1177 1991 rent,inbibito
1203 1920 1307 1996 ipsius
1332 1919 1459 1981 ordinis
1482 1919 1586 1996 priori
1606 1920 1638 1980 et
1661 1917 1734 1978 fra-

938 2015 1056 2089 tribus,
1072 2033 1115 2078 ne
1136 2018 1267 2095 aliquos
1290 2017 1477 2094 reciperent
1497 2016 1531 2076 in
1555 2016 1664 2092 capite
1677 2013 1731 2076 vel

939 2113 974 2174 in
1003 2114 1171 2186 membris,
1187 2130 1357 2192 quousque
1384 2114 1423 2175 ad
1454 2129 1528 2175 aum
1557 2127 1732 2174 numerum

939 2211 1161 2284 devenissent,
1173 2213 1229 2290 qui
1240 2213 1348 2288 potest
1362 2210 1628 2289 possessionibus
1644 2208 1733 2270 intra

932 2311 1044 2372 “metas
1065 2309 1181 2386 positis
1197 2325 1342 2385 congrue
1357 2308 1556 2371 sustentari:
1578 2323 1617 2368 ac
1637 2305 1733 2367 dein-

917 2413 1016 2482 ·ceps
1043 2407 1079 2468 in
1104 2408 1178 2484 ipso
1203 2423 1342 2468 numero
1363 2407 1597 2484 permanentes
1620 2403 1735 2474 essent

938 2503 1034 2564 bonis
1070 2504 1158 2567 intra
1184 2506 1290 2567 metas
1314 2505 1433 2582 positis
1461 2502 1607 2566 contenti
1634 2500 1733 2578 p'uxta

939 2601 1044 2678 ipsius
1060 2602 1223 2674 instituta,
1241 2603 1274 2665 et
1291 2606 1371 2664 tunc
1390 2603 1521 2664 demum
1543 2599 1733 2678 possessio·

939 2715 998 2760 nes
1027 2699 1122 2760 extra
1153 2701 1257 2761 metas
1286 2699 1519 2770 venderentur,
1549 2697 1734 2773 flarentque

939 2812 1033 2858 novae
1057 2797 1150 2858 cellae
1166 2797 1271 2874 ipsius
1286 2797 1414 2859 ordinis
1428 2797 1468 2858 de
1483 2796 1589 2873 pretio
1603 2809 1734 2856 aarum·

939 2893 1023 2954 dem.
1038 2894 1150 2955 Tertia
1167 2909 1247 2956 vero
1262 2894 1342 2965 fuit,¹
1362 2897 1397 2957 ut
1416 2892 1576 2955 fratribus
1585 2895 1656 2970 jam
1672 2906 1732 2952 re-

939 2990 1053 3067 ceptis,
1071 2991 1225 3067 -regnlam
1247 2991 1354 3069 ipsam
1378 2992 1476 3068 juxta
1501 3006 1571 3052 suaa
1597 2987 1732 3068 profes·
1765 3009 1767 3012 ·

939 3087 1044 3149 sionis
1063 3088 1210 3150 debitum
1226 3088 1490 3160 observantibus,
1507 3087 1623 3162 eadem
1642 3086 1734 3150 circa

938 3185 1148 3262 recipiendos
1186 3185 1226 3246 de
1263 3187 1383 3248 caetero
1422 3185 1625 3262 temperetur
1669 3183 1735 3244 hoc

938 3282 1047 3355 modo,
1068 3284 1105 3346 ut
1129 3282 1286 3346 videlicet
1311 3283 1461 3360 praedicti
1485 3281 1628 3359 quatuor
1650 3279 1735 3342 arti-

939 3380 1006 3442 culi
1033 3381 1074 3442 de
1097 3383 1214 3457 regula
1243 3381 1518 3443 subtraherentur
1541 3380 1668 3451 eadem,
1700 3377 1735 3440 et

938 3478 1121 3556 recipiendi
1146 3479 1185 3540 de
1201 3482 1320 3542 caetero
1335 3479 1569 3556 profiterentur
1583 3474 1734 3552 regulam

939 3590 998 3651 per
1013 3574 1288 3637 substractionem
1311 3574 1527 3636 articulorum
1543 3569 1733 3649 huJusmodi

938 3673 1167 3750 temperatam,
1183 3673 1285 3750 hique
1304 3671 1439 3733 illorum
1464 3687 1536 3749 quae
1558 3683 1648 3730 nunc
1674 3667 1734 3729 ob-

942 3769 1023 3831 linet
1038 3770 1144 3830 dictus
1160 3770 1241 3832 ordo
1261 3770 1376 3831 contra
1394 3769 1520 3844 regulae
1544 3765 1733 3828 000010011-

938 3866 1009 3928 tuta
1021 3869 1091 3942 jam
1110 3865 1196 3928 liciti
1210 3881 1431 3942 possessores,
1444 3880 1558 3927 curam
1578 3863 1733 3939 gerentes
1781 3893 1784 3908 «

939 3963 1236 4039 earumipsarum
1265 3963 1481 4040 proventibus
1508 3961 1571 4022 sibi
1598 3961 1630 4021 et
1656 3957 1734 4019 aliis
1816 3973 1817 3976 ¹

939 4060 1097 4123 fratribus
1111 4060 1268 4122 fraternae
1290 4061 1440 4122 caritatis
1461 4057 1648 4120 ministeria
1668 4071 1733 4116 ne-

939 4157 1086 4219 cessaria
1107 4158 1349 4231 ministrarent,
1378 4158 1492 4235 totque
1514 4169 1731 4217 assumeren-

937 4259 993 4317 tur
1012 4257 1052 4317 de
1076 4271 1162 4319 novo
1182 4255 1231 4317 010
1249 4257 1466 4332 temperatam
1483 4255 1633 4330 regulam
1655 4266 1736 4329 pro-

939 4352 1072 4426 fessuri,
1093 4352 1179 4430 quod
1202 4353 1243 4414 ad
1267 4369 1381 4414 curam
1403 4351 1594 4413 sufficerent
1615 4363 1736 4425 supra·
1839 4341 1840 4348 '

939 4450 1071 4523 dictam,
1094 4449 1222 4512 duobus
1247 4450 1454 4526 singularum
1469 4449 1641 4509 domorum
1663 4445 1733 4506 mi·

938 4549 1078 4610 nisterio
1102 4548 1310 4624 deputandis
1333 4563 1399 4608 uno
1420 4545 1576 4608 videlicet
1597 4543 1731 4616 clerico,

939 4646 1071 4723 alioque
1086 4660 1259 4706 converso.
1274 4647 1419 4716 Quorum
1441 4644 1527 4704 alter
1542 4655 1733 4706 ‘conversus

939 4743 1067 4805 scilicet
1093 4742 1227 4814 curiosi,
1258 4742 1401 4803 clericus
1426 4758 1506 4804 vero
1536 4739 1735 4802 correctoris

939 4840 1084 4901 officium
1113 4841 1255 4916 gereret,
1294 4837 1474 4901 secundum
1510 4839 1596 4918 quod
1633 4839 1734 4900 etiam

939 4954 1027 5000 nunc
1049 4937 1245 5000 observatur
1263 4938 1298 4998 in
1319 4938 1436 4998 ordine
1457 4938 1672 5015 supradicto:
1697 4935 1735 4997 ut

939 5037 986 5098 sic
1014 5035 1174 5113 professis
1202 5035 1352 5112 regulam
1384 5036 1498 5097 taliter
1529 5035 1735 5096 moderatam

938 5133 1099 5211 paulatim
1132 5133 1386 5195 succedentibus
1415 5132 1483 5193 illis
1512 5133 1568 5209 qui
1602 5129 1736 5191 fuerunt

938 5231 1157 5292 austeriorem
1171 5229 1325 5306 professi,
1338 5231 1469 5292 tandem
1486 5244 1643 5306 processu
1655 5229 1735 5289 tarn·

939 5329 1029 5405 poris
1045 5343 1160 5390 omnes
1176 5325 1280 5403 ipsius
1300 5327 1427 5388 ordinis
1450 5325 1570 5387 fratres
1584 5324 1733 5386 eamdem

939 5426 987 5487 sic
1011 5425 1214 5486 moderatam
1237 5425 1473 5502 profiterentur
1492 5425 1525 5485 et
1548 5424 1732 5485 servarent.

940 5526 1027 5584 Sane
1057 5523 1130 5584 vias
1171 5522 1386 5584 discutientes
1425 5521 1570 5593 easdem,
1607 5520 1732 5581 nullam

939 5637 1054 5682 earum
1070 5619 1258 5682 invenimus
1270 5619 1358 5680 omui
1375 5633 1511 5695 prorsus
1523 5613 1732 5695 scrupulosi-
