4002 6326
198 361 258 422 ate

522 532 642 619 CXXI

200 679 253 740 Ad
266 681 472 754 episcopam,
489 685 769 746 archidiaconum
789 687 823 747 ei
832 690 992 762 priorem

238 777 374 840 Sanctio
396 781 524 840 Marica
542 783 706 857 desupra
723 785 826 858 porta
846 789 992 848 Florea-

239 873 324 935 tina.
500 955 694 1014 amatistes.

308 1073 461 1138 mittarelli,
471 1077 564 1127 Annal.
575 1078 729 1140 camaldul„
741 1094 799 1146 app.
815 1080 882 1146 tan]

199 1195 317 1256 Mandat
330 1206 362 1256 ut
386 1215 505 1258 causam
529 1203 602 1261 inter
617 1205 741 1277 priorem
768 1212 797 1263 et
819 1214 991 1265 conventum

235 1286 495 1347 Camaldulensium
509 1297 593 1364 atque
606 1292 742 1366 plebanos
750 1293 786 1352 de
812 1294 939 1364 Btblena,
955 1293 992 1354 de

200 1444 203 1452 .
235 1375 387 1447 Bup'anoei
412 1377 449 1436 de
473 1379 597 1450 Paetina,
618 1388 684 1454 etc,
710 1397 797 1456 super
821 1383 991 1456 quibusdam

234 1461 354 1522 decimis
369 1463 496 1526 audiani.

182 1573 188 1594 ‘
239 1589 407 1652 Honorius
417 1592 604 1670 episcopus,
615 1609 730 1658 servus
741 1598 989 1672 servorumnen

199 1686 383 1748 venerabili
397 1687 494 1751 tratri
509 1691 664 1769 episcopo
678 1695 712 1755 et
725 1694 856 1756 dilectis
873 1695 990 1757 filiis...

200 1782 448 1855 archidiacono,
465 1787 534 1848 et...
557 1789 663 1865 priori
679 1791 807 1852 Sanctae
822 1792 938 1854 Mariae
951 1793 992 1855 de

200 1895 301 1956 supra
318 1883 412 1958 porta
427 1883 634 1958 Florentiae,
649 1885 790 1949 salutem
805 1889 838 1952 et
851 1889 993 1968 Aposto-

199 1975 298 2038 licam
313 1977 589 2043 benedictionem.

240 2073 359 2137 Dilecti
372 2077 433 2138 tilii
457 2079 550 2155 prior
562 2080 595 2142 et
621 2082 803 2145 conventus
816 2084 993 2146 camaldu-

200 2167 311 2233 lenses
326 2189 386 2234 sua
397 2175 493 2236 nobis
504 2179 741 2254 conquestione
752 2182 989 2254 monstrarunt,

200 2267 324 2344 quod...
348 2270 389 2330 de
419 2271 594 2335 Bibiena...
620 2274 661 2336 de
689 2279 829 2353 Bujano,
855 2279 925 2340 et...
950 2280 992 2340 de

200 2365 337 2426 Partina
360 2367 504 2445 plebani,
519 2373 705 2449 acquidam
736 2375 796 2437 alii
821 2376 934 2437 clerIci
959 2381 992 2439 et

200 2459 280 2523 laici
293 2465 438 2527 aretinae
451 2467 604 2530 dioeoesis
619 2486 718 2548 super
731 2471 928 2550 quibusdam
938 2473 993 2536 de·

201 2558 296 2620 cimis
326 2562 359 2622 et
386 2562 484 2625 rebus
511 2566 588 2628 aliis
617 2567 820 2646 injuriantur
847 2571 989 2648 eisdem3

199 2654 341 2733 ideoque
364 2659 555 2723 discretioni
574 2667 694 2728 vestrae
720 2683 780 2745 per
801 2669 992 2745 Apostolica

200 2753 324 2829 scripta
339 2757 545 2831 mandamus,
564 2763 737 2838 quatenus
752 2765 902 2843 partibus
917 2782 993 2828 oon·

200 2850 339 2922 voeatis,
365 2853 510 2918 audiatis
537 2873 684 2933 causam,
711 2863 744 2923 et
769 2863 992 2940 appellatione

200 2947 991 3038 remotatlnedebitoterminetis,lacientesquod

200 3041 416 3108 decreveritis
445 3065 704 3126 percensuram
733 3057 992 3119 ecclesiastIcam

200 3137 341 3202 tirmiter
353 3142 534 3208 observari.
562 3151 676 3212 Testes
702 3155 993 3225 autem,etc.1)a-

200 3235 270 3318 tum
285 3238 451 3314 Laterani,
471 3245 514 3305 1v
541 3261 646 3308 nonas
673 3249 764 3322 maii,
782 3251 991 3326 pontificatus

201 3335 307 3394 nostri
322 3351 410 3399 anno
422 3341 573 3417 septimo.

525 3655 666 3744 CXXII

200 3807 253 3868 Ad
280 3813 464 3876 uniuersos
490 3817 642 3890 comites,
680 3819 825 3882 barones
848 3819 882 3882 et
906 3822 991 3883 aiios

238 3909 364 3970 nobues
401 3925 466 3984 per
494 3915 737 3991 anantiaaro
773 3920 992 3993 provinciam

237 4005 453 4070 constitutos.

498 4121 516 4180 l
530 4123 599 4180 maii
611 4125 690 4183 titi.

299 4247 465 4316 [Sudendorl,
474 4255 627 4318 lleqistrum,
639 4263 659 4308 t.
670 4258 690 4316 l,
705 4273 731 4324 p.
742 4259 782 4321 85,
793 4273 819 4311 n.
830 4259 882 4326 aa]
979 4211 981 4216 ⁷

197 4373 249 4432 liis
269 4375 386 4436 mandat
411 4386 442 4438 ut
465 4396 480 4438 a
500 4383 706 4455 crucesignatis
720 4384 749 4441 in
764 4385 859 4442 Terre
879 4387 991 4446 sancte

233 4464 391 4525 subsidium
406 4468 574 4542 proiecturis
599 4471 628 4528 in
643 4471 771 4530 districtu
793 4489 846 4532 suo
868 4475 989 4549 pedagia

234 4567 292 4610 non
307 4564 540 4629 extorqueantur.

237 4689 405 4753 Honorius
414 4694 599 4773 episcopus
610 4711 726 4758 servus
737 4711 908 4760 servorum
918 4699 988 4773 Dei,

198 4783 328 4848 dilectIs
342 4789 507 4854 nobilibus
517 4793 610 4865 viris,
624 4795 791 4858 universis
800 4797 988 4871 comitibus,

817 367 992 430 HONORII
1014 367 1060 429 111
1081 364 1230 426 OPERA.

1783 339 1846 423 ers

1047 525 1134 598 dam,
1163 525 1312 604 cognatis
1340 523 1373 588 si
1396 523 1485 586 notis
1509 539 1548 586 ac
1574 520 1845 601 possessionibus

1047 622 1214 685 derelictis
1238 621 1451 684 laudabiliter
1476 621 1682 696 accingimur
1705 617 1846 698 (accin-
1960 613 1961 618 ’

1047 718 1196 798 guntur),
1213 719 1420 782 nobilitatem
1446 718 1592 780 vestram
1621 732 1780 794 rogamus
1813 717 1846 778 st

1047 817 1265 878 exhortamur
1282 817 1318 879 in
1342 817 1494 885 Domino,
1510 815 1673 892 quatenus
1692 813 1847 876 crucesi-

1046 915 1167 991 gnatis,
1179 915 1216 975 in
1228 918 1338 976 Terrae
1356 913 1485 976 Sanctae
1508 912 1691 974 subsidium
1708 909 1847 990 proiec-

1046 1012 1131 1073 turis
1160 1013 1231 1074 sive
1246 1012 1287 1073 ab
1310 1012 1390 1084 illis,
1405 1011 1462 1088 qui
1487 1010 1678 1072 necessaria
1691 1008 1846 1070 deserent

1046 1109 1248 1180 eorumdem,
1265 1111 1300 1169 in
1316 1109 1468 1170 districtu
1480 1109 1591 1170 vestro
1612 1106 1755 1184 pedagia
1779 1120 1846 1168 nec

1046 1207 1271 1284 extorqueatis
1282 1222 1343 1268 nec
1353 1206 1543 1284 extorqueri
1555 1205 1597 1266 ab
1611 1205 1687 1266 aliis
1706 1203 1847 1282 permit·

1046 1305 1135 1376 tatis,
1164 1303 1205 1365 ab
1228 1303 1417 1365 extorsione
1445 1302 1634 1380 hujusmodi
1656 1317 1847 1380 preasump-

1045 1402 1135 1464 tores
1154 1402 1318 1480 potestate
1335 1401 1427 1463 vobis
1448 1400 1569 1462 tradita
1588 1399 1843 1477 compescendo.

1046 1498 1207 1561 caeterum
1224 1499 1301 1576 quia
1323 1497 1474 1575 generali
1502 1497 1641 1560 Domino
1669 1497 1845 1573 generalis

1047 1597 1142 1659 debet
1174 1595 1327 1658 exbiberi
1348 1595 1533 1668 sumentia,
1559 1595 1721 1672 eoquod,
1752 1594 1846 1656 sicut

1046 1695 1158 1756 nullus
1179 1693 1376 1755 beneficium
1400 1695 1474 1770 ejus
1500 1694 1550 1754 est
1577 1707 1710 1770 expers,
1736 1692 1787 1753 sic
1808 1693 1843 1754 et

1046 1791 1158 1852 nullus
1173 1807 1209 1853 se
1224 1791 1331 1868 potest
1345 1790 1386 1852 ab
1396 1793 1469 1868 ejus
1479 1789 1647 1867 exsequiis
1662 1805 1842 1858 excusare,

1046 1887 1134 1950 inter
1147 1887 1231 1948 alios
1253 1887 1481 1949 subventionis
1496 1886 1611 1948 modos
1626 1885 1661 1946 in
1686 1885 1845 1948 districtu

1046 1987 1156 2047 vestro
1181 2001 1240 2062 pro
1263 1985 1371 2046 crucis
1397 1983 1585 2046 reverentia
1614 1983 1780 2055 statuatis,
1807 1983 1845 2044 ut

1047 2081 1202 2160 quaelibet
1216 2082 1331 2144 domus
1347 2081 1488 2156 singulis
1501 2079 1670 2142 mensibus
1683 2079 1844 2158 usquead

1045 2179 1227 2241 triennium
1251 2179 1367 2240 saltem
1392 2195 1495 2240 unum
1525 2181 1752 2240 Turonensem
1787 2177 1846 2238 vel

1046 2277 1299 2355 aequivalentem
1322 2277 1488 2339 monetam
1510 2275 1671 2349 exsolvat,
1683 2275 1846 2353 quoniam

1046 2389 1089 2436 ex
1109 2374 1245 2437 collecta
1270 2373 1513 2436 contributione
1541 2373 1741 2452 hujusmodi,
1767 2371 1845 2433 sine

1047 2477 1206 2552 cujusque
1234 2474 1427 2550 gravamine
1452 2472 1594 2534 fideliter
1622 2471 1844 2546 congregata,

1046 2571 1215 2648 provideri
1233 2570 1354 2646 poterit
1367 2572 1479 2631 Terrae
1504 2569 1635 2630 Sanctae
1654 2567 1844 2628 subsidium

1047 2671 1278 2745 opportunum.
1295 2670 1373 2728 Haec
1392 2668 1492 2729 etiam
1507 2682 1527 2727 a
1544 2665 1678 2742 regibus
1694 2665 1726 2726 et
1739 2663 1842 2742 prin-

1047 2765 1174 2842 cipibus
1190 2765 1223 2826 et
1235 2764 1311 2824 aliis
1326 2763 1493 2826 nobilibus
1506 2763 1700 2825 christianis
1715 2777 1845 2838 expos-

1047 2865 1152 2924 cimus
1164 2878 1230 2924 non
1252 2862 1496 2934 erubescentes
1514 2877 1573 2938 pro
1588 2860 1645 2921 illo
1656 2860 1742 2936 apud
1755 2858 1845 2920 alios

1047 2960 1120 3021 fleri
1149 2959 1319 3038 petitores,
1346 2960 1401 3036 qui
1424 2959 1532 3036 parati
1556 2973 1670 3018 sumus
1696 2958 1737 3018 de
1761 2955 1844 3028 biis,

1047 3074 1120 3136 qum
1134 3057 1235 3118 babet
1262 3056 1421 3128 Ecclesia,
1447 3058 1481 3119 et
1501 3055 1588 3127 aliis,
1616 3069 1691 3132 quaa
1711 3054 1751 3116 ad
1765 3069 1846 3115 suo-

1047 3171 1179 3216 oursum
1194 3155 1292 3216 terrae
1312 3152 1478 3231 praedictae
1493 3151 1717 3231 provenerint,
1739 3150 1846 3212 liben-

1046 3255 1097 3315 ter
1115 3255 1149 3314 et
1173 3251 1359 3313 liberaliter
1384 3251 1572 3312 subvenire.
1599 3252 1717 3312 Datum
1742 3251 1846 3311 Late-

1047 3349 1132 3422 rani,
1168 3351 1213 3410 lv
1239 3364 1344 3410 nonas
1378 3347 1470 3417 maii,
1497 3347 1708 3425 pontificatus
1735 3337 1843 3408 nostri

1048 3463 1134 3509 anno
1150 3446 1301 3524 septimo.
1649 3439 1670 3459 ’·

1363 3740 1525 3828 CXXIII

1073 3917 1288 3980 Adabbotem
1303 3915 1337 3978 ct
1348 3918 1551 3980 concentum
1565 3919 1606 3980 de
1619 3920 1804 3994 Peperisse.

1346 4045 1364 4104 i
1378 4048 1445 4104 maii
1458 4047 1537 4105 itia.

1238 4169 1413 4236 [Monumenta
1423 4169 1508 4229 boica,
1521 4169 1564 4228 Vl,
1581 4169 1649 4234 aas]

1081 4293 1221 4354 abbatim
1232 4302 1261 4354 et
1275 4302 1447 4354 conventum
1467 4293 1503 4352 de
1517 4295 1663 4368 regernse
1684 4293 1805 4352 tuendos

1377 4383 1506 4456 suscipit.

1085 4500 1251 4563 Honorius
1260 4499 1445 4577 episcopus,
1456 4514 1572 4562 servus
1580 4515 1751 4560 servorum
1766 4499 1836 4572 Dei,

1045 4599 1175 4661 dilectis
1199 4597 1277 4658 liliis
1305 4594 1417 4658 abbati
1449 4596 1483 4658 et
1510 4597 1689 4660 conventui
1708 4597 1748 4658 de
1773 4600 1837 4658 Te-

1044 4711 1175 4773 gernse,
1195 4695 1335 4756 salutem
1361 4693 1394 4755 et
1421 4693 1645 4769 Apostolicam
1678 4693 1837 4756 benedic-

1046 4794 1181 4857 tionem.

196 4879 377 4944 baronibus
401 4888 434 4948 et
455 4888 531 4949 aliis
555 4889 721 4952 nobilibus
741 4907 803 4968 per
822 4895 991 4969 Maganti—
1085 4893 1190 4963 Quum
1205 4905 1224 4950 a
1240 4887 1335 4950 ¹10bi8
1362 4887 1486 4965 11θῦ1111
1506 4887 1592 4965 (1110(1
1605 4889 1734 4965 Iustum
1748 4891 1840 4953 93191

197 4993 274 5040 nam
308 4984 517 5057 provinciam
548 4987 755 5061 constitutis,
784 4991 927 5053 salutem
958 4993 990 5053 et
1044 4989 1232 5057 honestum,
1254 4987 1322 5048 tam
1343 4985 1439 5060 vigor
1462 4986 1627 5061 equitans
1645 5003 1743 5062 quam
1759 4988 1839 5050 ordo

197 5078 421 5153 apostolicam
435 5081 709 5146 benedictionem.
1045 5086 1148 5160 exigit
1162 5084 1315 5156 ratloniS,
1329 5084 1364 5143 ut
1379 5082 1411 5144 id
1433 5097 1494 5159 per
1512 5082 1769 5145 sollicitudinem
1786 5085 1838 5148 oi-

237 5177 344 5246 Quum
357 5178 401 5240 sit
420 5195 486 5240 non
501 5181 608 5241 solum
635 5181 784 5258 impium,
806 5183 864 5244 sed
888 5185 989 5246 etiam
1045 5183 1112 5244 ficii
1124 5182 1230 5244 nostri
1243 5181 1283 5242 ad
1300 5179 1446 5242 debitum
1456 5179 1656 5256 perducatur
1673 5181 1838 5244 effectum.

196 5271 381 5347 abusivum,
398 5277 467 5338 11113
485 5277 610 5340 auferri
623 5279 774 5355 pedagia,
800 5281 855 5358 qui
870 5281 913 5355 ei,
926 5298 989 5344 cu·
1045 5281 1236 5356 Eapropter,
1264 5278 1376 5339 dilecti
1403 5277 1439 5336 in
1461 5278 1601 5338 Domino
1628 5278 1701 5349 tilii,
1718 5281 1839 5341 vestris

192 5371 399 5446 juspedibus
419 5376 530 5436 omnia
555 5377 632 5436 sunt
660 5376 820 5453 subjecta,
848 5379 991 5440 fideliter
1040 5379 1141 5454 justis
1165 5374 1441 5452 postulationibus
1477 5374 1572 5450 grato
1603 5379 1839 5439 concurrentes

196 5465 334 5544 obsequi
358 5469 562 5545 affectantes,
590 5472 631 5534 ad
647 5473 881 5535 vindicandam
899 5475 991 5553 inju-
1045 5489 1193 5544 assensu,
1212 5487 1371 5549 personas
1386 5472 1514 5533 vestras
1536 5473 1569 5533 et
1591 5470 1712 5544 locum,
1724 5474 1760 5533 in
1775 5491 1840 5552 quo

194 5563 280 5624 riam
296 5567 404 5628 crucis
429 5570 502 5645 ejus
517 5570 550 5631 et
571 5570 707 5639 terram,
724 5587 798 5648 quae
821 5571 989 5634 funiculus
1044 5572 1157 5634 divino
1168 5571 1247 5632 estis
1260 5567 1418 5646 obsequi0
1434 5569 1626 5646 mancipati,
1641 5585 1717 5631 cum
1732 5573 1842 5632 omni-

196 5663 246 5724 est
256 5662 459 5726 haereditatis
472 5665 588 5742 ipsius,
601 5667 642 5729 ab
653 5667 805 5732 hostibus
816 5668 990 5732 vindican-
1043 5670 1104 5730 bus
1117 5667 1212 5730 bonis
1228 5683 1300 5745 quae
1313 5667 1348 5729 in
1362 5667 1617 5743 praesentiarum
1628 5667 1841 5730 rationabili-
