4036 6330
130 333 189 394 τοι
323 317 326 324 ’
746 323 973 394 musaeum.
998 327 1076 396 ms.
1100 336 1155 396 rx.
1711 341 1772 404 voa

130 505 237 572 unare
247 489 416 562 curarunt,
436 487 531 566 quod
541 503 655 551 eoram
670 489 789 553 civitas
809 493 923 553 multi·
978 493 1140 569 qttatenus
1154 493 1195 554 ad
1209 493 1450 556 monasterium
1465 496 1574 572 ipsum
1587 498 1773 572 personali·

129 586 454 666 plexdetrimentum
471 587 614 647 incurrit
632 603 674 648 ex
692 604 730 649 eo
755 589 840 666 quod
857 604 923 649 una
978 591 1029 652 ler
1053 591 1260 659 accedentes,
1287 591 1487 668 impendatis
1511 593 1542 654 ei
1568 593 1770 656 visitationis

128 691 209 763 pars
225 687 297 762 ejus
312 686 362 745 est
375 685 494 745 vestrae
515 684 743 760 jurisdictioni
763 686 921 764 subjecta.
979 688 1123 750 osticium
1138 689 1211 750 vice
1231 689 1355 760 nostra,
1382 689 1415 750 et
1429 689 1589 751 habentes
1601 705 1669 767 prae
1685 707 1770 752 ocu-

129 783 225 844 Unde
240 781 334 842 nobis
348 781 518 842 humiliter
534 782 773 860 supplicarunt,
792 785 828 846 ut
849 800 923 844 cum
978 785 1021 846 lis
1051 786 1159 846 solum
1185 789 1300 858 Deum,
1327 786 1503 862 corrigatis
1530 787 1562 848 et
1582 787 1771 849 reformetis

127 879 256 942 utilitas
270 878 401 954 publica
413 880 560 954 graviter
570 895 613 940 ex
627 879 817 956 huJusmodi
837 880 924 942 divi·
978 883 1101 944 ibidem
1113 883 1181 944 tam
1195 884 1230 943 in
1246 884 1353 959 capite
1365 899 1462 960 quam
1478 885 1513 944 in
1526 883 1682 945 membris
1698 900 1771 961 quae

127 975 384 1048 sionelaedatur,
393 979 425 1037 et
433 976 496 1052 ipsi
506 993 565 1053 pro
570 977 815 1054 jnrisdictione‚
824 993 923 1054 quam
979 981 1193 1042 correctionis
1209 981 1242 1042 et
1255 980 1501 1042 reformationis
1515 980 1624 1042 olllcio
1646 981 1773 1042 videri-

127 1071 285 1135 ohtinetis
303 1074 337 1134 in
353 1075 446 1150 parte
466 1065 624 1150 praedicta
643 1075 737 1135 vobis
752 1077 785 1137 et
804 1075 922 1134 Eccle-
977 1077 1020 1138 tis
1035 1078 1197 1153 indigere,
1215 1093 1254 1139 ao
1275 1091 1313 1138 ea
1331 1093 1404 1154 quae
1427 1081 1486 1154 pro
1508 1077 1615 1154 ipsius
1632 1077 1697 1138 loci
1713 1092 1771 1138 re-

126 1171 187 1232 siae
203 1169 323 1236 vestrae
356 1171 461 1232 velint
477 1172 820 1248 recompensationem
842 1187 924 1232 con·
978 1174 1175 1236 formatione
1191 1174 1353 1235 duxeritis
1377 1175 1551 1235 statuenda
1567 1173 1698 1236 faciatis
1713 1161 1773 1236 tir-

124 1283 246 1344 gruam
268 1267 437 1337 exhibere,
463 1283 522 1328 nos
547 1268 589 1328 ad
611 1269 683 1344 ejus
699 1268 923 1344 receptionem
978 1273 1076 1332 miter
1095 1272 1275 1333 observari.
1306 1270 1581 1343 Contradictores,
1599 1273 1660 1332 etc.
1680 1271 1771 1344 Quod

124 1365 286 1426 inducere
297 1364 521 1440 dignaremur.
536 1364 678 1442 Ideoque
688 1364 923 1426 discretionem
978 1369 1007 1429 si
1022 1381 1088 1429 non
1108 1383 1257 1429 omncs...
1276 1369 1400 1430 Datum
1419 1368 1587 1442 Laterani,
1604 1365 1648 1430 Vl
1662 1380 1788 1430 nonas«

124 1463 272 1524 vestram
286 1461 485 1523 monendam
506 1461 708 1534 induximus,
725 1463 759 1523 et
784 1462 923 1524 hortan—
978 1467 1134 1539 octobris,
1150 1479 1239 1528 anno
1260 1479 1360 1528 nono.

126 1560 205 1620 dam
220 1575 280 1636 per
296 1559 486 1635 Apostoltca
501 1558 594 1620 vobis
615 1559 741 1636 scripta
762 1558 924 1620 mandan-

127 1657 189 1728 tes,
207 1657 370 1732 quatenus
394 1656 518 1716 eisdem
532 1655 660 1717 civibus
675 1671 734 1716 vos
755 1656 791 1717 in
819 1655 871 1716 his
891 1656 924 1718 et

127 1741 377 1830 aliis'quantum
393 1753 485 1814 salvo
494 1755 582 1830 jnre,
608 1769 646 1814 ac
666 1753 793 1814 honore
809 1753 921 1814 ecole—
1327 1768 1427 1855 Xffl

126 1852 187 1911 siae
200 1851 319 1912 vestrae
333 1851 496 1926 poteritis,
510 1849 695 1912 exhibeatis
719 1850 923 1912 favorabiles
1213 1915 1217 1924 Δ

125 1949 158 2009 et
171 1947 345 2024 benignos.
362 1949 480 2009 Datum
500 1949 667 2020 Laterani,
684 1949 746 2009 XII
759 1947 923 2009 kalendas
978 1931 1029 1989 Ad
1043 1928 1180 1990 abbates
1200 1930 1242 1990 de
1264 1931 1463 2002 Nepomccu
1486 1931 1620 1990 mutate
1639 1928 1773 1990 Cltter-
1811 1945 1812 1948 ’

129 2044 288 2116 octobris,
303 2060 392 2106 anno
405 2061 504 2106 nono.
1018 2029 1154 2097 elensis,
1169 2027 1202 2087 ct
1216 2029 1256 2086 de
1274 2026 1408 2098 Ostrea,
1435 2029 1626 2102 propensas
1646 2029 1773 2087 dtceec-

1017 2127 1068 2186 sts
1081 2124 1115 2186 et
1126 2123 1355 2198 praepositum
1368 2125 1632 2185 Olontuccnsem.

487 2287 564 2380 ΧΠ
1264 2254 1387 2311 lecton.
1400 2242 1479 2312 itan.

534 2385 537 2390 '
1096 2357 1216 2442 [Bocaelr,
1230 2365 1290 2427 Co'd.
1304 2377 1367 2442 dipl.
1384 2375 1512 2438 llorevia,
1530 2366 1563 2437 il,
1581 2372 1649 2442 lbi]

125 2448 177 2506 Ad
187 2446 399 2506 Mauritium
411 2447 617 2520 episcopum,
629 2448 796 2507 moenum
808 2446 843 2506 ei
851 2461 924 2508 mo·

164 2545 318 2620 Umquam
332 2548 525 2606 scholarum
538 2546 859 2606 cenomanensium·
978 2503 1227 2573 Nepomucensam
1249 2510 1277 2560 ct
1295 2497 1509 2560 'Ostrowcnsem
1523 2502 1641 2560 abbates
1653 2510 1682 2560 et
1700 2518 1774 2576 prae·

1015 2593 1137 2664 positum
1163 2590 1381 2650 olomucensem
1406 2590 1441 2648 ad
1468 2591 1632 2668 'eligendum
1667 2607 1774 2650 novum

418 2670 539 2728 toctob.
553 2669 632 2729 trid.
1015 2680 1180 2753 episcopum
1191 2675 1366 2752 Pragcnsem
1382 2680 1560 2738 consiliarios
1579 2675 1718 2753 providet.

128 2893 130 2900 Ι
283 2785 377 2850 [mum
388 2786 535 2844 ‘mmm’
548 2783 615 2848 ω’
628 2785 690 2836 ³⁰⁵⁸·
703 2785 770 2850 ²¹⁰¹]
1019 2814 1186 2876 Honorius
1196 2815 1381 2890 episcopus,
1390 2822 1505 2874 servus
1517 2819 1688 2874 servorum
1697 2813 1768 2885 Dei,

127 2902 176 2960 Eis
190 2899 309 2959 mandet
323 2909 354 2958 ut
377 2896 532 2958 ilotonensi
557 2901 730 2959 monasterio
753 2899 925 2958 visitationis
980 2911 1108 2972 dilectis
1124 2911 1202 2970 filiis
1215 2911 1292 2972 dem
1320 2910 1524 2986 Nepomuch‚
1541 2909 1774 2973 Gistppciengig

382 2989 507 3047 ΟΜΝΗ
519 2990 694 3063 impendam·
859 3079 866 3094 ι
980 3008 1106 3070 ordinis
1120 3009 1189 3069 et...
1202 3009 1242 3070 de
1257 3007 1377 3068 ostrov
1390 3006 1574 3078 abbatibus
1592 3008 1773 3083 Pragensis

167 3108 532 3185 Honoriusepiscopus
544 3124 660 3169 servus
671 3107 923 3178 servorumDei,
981 3104 1144 3175 dioecesis,
1160 3104 1242 3164 et...
1268 3103 1482 3180 praepositum
1509 3104 1773 3175 olomucensem,
1832 3093 1835 3100 '

127 3204 315 3266 venerabili
344 3205 440 3267 tratri
464 3206 621 3282 episcopo
636 3206 670 3266 et
696 3205 825 3266 dilectis
847 3203 925 3264 liliis
980 3203 1119 3264 salutern
1141 3203 1174 3263 et
1188 3202 1411 3278 Apostolicam
1426 3201 1702 3263 benedictionem.

129 3289 257 3364 decano
270 3305 302 3363 et
315 3303 474 3378 magistro
490 3303 679 3363 scholarum
695 3303 926 3362 Cenomanen—
1018 3299 1232 3361 Attendentes
1259 3299 1397 3360 multum
1425 3299 1581 3375 expedire
1611 3297 1775 3375 Pragenst

130 3399 230 3470 sium,
263 3399 403 3461 salutem
440 3401 474 3461 et
504 3399 727 3476 Apostolicam
764 3398 924 3460 benedic·
980 3397 1140 3467 ecclesiae,
1168 3397 1205 3458 ut
1232 3396 1326 3457 bonae
1355 3396 1561 3457 memoriae...
1593 3397 1775 3472 Pragensis

129 3497 266 3558 tionem.
980 3495 1167 3570 episcopus,
1189 3493 1245 3569 qui
1267 3502 1374 3569 usque
1398 3493 1439 3552 ad
1459 3491 1598 3554 mortem
1626 3506 1687 3569 pro
1703 3496 1775 3570 eJ'us

168 3594 309 3654 Auditos
333 3593 538 3654 subditorum
563 3609 682 3669 graves
709 3593 742 3654 θῖ
773 3607 925 3653 enormes
979 3590 1130 3652 libertate
1143 3590 1293 3661 certavit,
1310 3590 1418 3650 virum
1430 3591 1574 3664 expertae
1590 3589 1774 3666 probitatis

129 3705 289 3751 excessus
313 3706 380 3750 non
409 3705 583 3766 possumus
605 3690 700 3750 salva
722 3689 925 3750 conscientia
979 3687 1100 3748 haheat
1125 3701 1362 3754 successorem,
1393 3687 1553 3761 Pragensi
1572 3686 1721 3762 capitulo
1737 3686 1773 3748 in

129 3787 322 3862 relinquere
336 3787 552 3858 indiscussos,
576 3786 762 3862 praesertim
778 3801 851 3845 cum
866 3801 926 3861 per
980 3783 1178 3846 celebranda
1195 3783 1357 3843 electione
1369 3783 1536 3861 pontilicis
1547 3798 1617 3854 vos
1634 3783 1675 3843 de
1690 3798 1775 3859 quo·

129 3897 251 3958 graves
269 3883 490 3960 honestasque
518 3897 678 3958 personas
708 3881 749 3942 ad
777 3884 924 3943 nostram
979 3895 1052 3942 rum
1063 3881 1271 3957 providentia
1295 3871 1443 3954 gerimus
1465 3879 1621 3940 fiduciam
1643 3880 1775 3956 speciae

130 3979 336 4040 audientiam
363 3980 586 4056 perferuntur.
613 3982 699 4040 Sane
717 3977 925 4039 venerabiles
979 3978 1054 4050 lem,
1069 3977 1279 4038 consiliarios
1293 3975 1448 4036 duximus
1462 3975 1693 4052 providendos,
1706 3978 1775 4038 eis-

130 4075 252 4138 lratres
267 4077 371 4137 nostri
384 4076 601 4148 RedonensiS,
616 4074 778 4146 Dolensis,
795 4075 923 4135 Maelo·
979 4091 1042 4152 que
1057 4091 1115 4152 per
1125 4075 1251 4150 scripta
1261 4076 1375 4135 nostra
1390 4073 1630 4144 mandavimus,
1644 4075 1680 4135 ut
1696 4089 1771 4134 cum

132 4169 269 4245 viensis,
285 4173 473 4234 Briocensis
489 4174 521 4234 et
540 4173 760 4234 Tricoriensis
778 4172 924 4248 episcopi
979 4172 1118 4234 consilio
1133 4174 1245 4233 vestro
1264 4183 1452 4247 personam,
1470 4185 1543 4247 quae
1567 4171 1660 4233 tanto
1688 4187 1773 4232 con-

128 4272 198 4346 jam
215 4269 359 4330 secundo
377 4269 447 4329 suis
472 4269 567 4329 nobis
591 4268 711 4330 litteris
728 4269 925 4329 intimarunt
979 4271 1077 4346 gruat
1092 4269 1186 4336 oneri
1205 4269 1237 4330 et
1251 4268 1382 4339 honori,
1404 4267 1468 4328 sibi
1483 4267 1658 4342 eligantia
1683 4269 1774 4344 epis-

133 4367 219 4443 quod
235 4367 472 4428 monasterium
487 4368 675 4427 Rotonense
691 4365 773 4426 adeo
789 4367 839 4426 est
853 4365 925 4426 dis·
979 4384 1096 4444 copum
1112 4367 1144 4427 et
1154 4367 1331 4442 pastorem,
1349 4381 1478 4426 acaum
1494 4380 1568 4424 cnm
1584 4365 1712 4440 aliquot
1731 4379 1775 4425 ex

133 4464 278 4525 solutum
291 4463 327 4524 in
349 4463 456 4539 capite
471 4478 511 4524 ao
536 4463 572 4522 iu
591 4461 758 4533 membris,
776 4464 812 4523 ut
833 4461 938 4528 nulla.
979 4463 1176 4526 electoribus
1206 4465 1278 4540 ejus
1312 4460 1568 4522 examinandum
1593 4461 1625 4520 et
1652 4459 1776 4520 contir-

132 4559 179 4622 ibi
194 4561 249 4622 vel
273 4560 404 4621 modica
430 4562 583 4622 servetur
609 4559 775 4635 regularis
799 4559 925 4620 ordinis
979 4561 1134 4622 mendum
1163 4559 1204 4620 ad
1233 4560 1379 4620 nostram
1410 4557 1527 4618 curent
1561 4557 1773 4633 praesentiam

133 4657 321 4734 disciplina,
337 4657 417 4734 quin
437 4657 503 4717 imo
519 4657 670 4732 personis
691 4657 926 4718 commoranti·
980 4658 1158 4719 destinare.
1177 4655 1319 4744 Idepque
1336 4653 1531 4714 discretioni
1545 4655 1664 4714 vestrae
1686 4669 1775 4730 prae-

133 4753 240 4816 busin
253 4755 367 4816 eodem
380 4753 501 4816 deditis
515 4753 765 4815 incontinentia
780 4753 874 4827 vitiu,
886 4769 925 4814 ac
980 4755 1123 4816 sentium
1147 4752 1344 4814 auctoritate
1373 4750 1580 4823 mandamus,
1609 4752 1774 4828 quatenus

134 4850 375 4928 negotiationes
391 4851 708 4912 eta-liemonasticae
726 4849 926 4926 professioni
979 4852 1021 4912 ad
1045 4851 1152 4927 ipsam
1178 4849 1354 4910 ecclesiam
1382 4848 1588 4920 accedentes,
1612 4848 1773 4909 studeatis

133 4964 270 5026 prorsus
285 4947 453 5010 contraria
481 4947 724 5014 exercentibus,
753 4947 836 5008 odor
848 4946 925 5008 vitae
980 4949 1086 5010 solnm
1102 4948 1205 5006 Deum
1221 4945 1343 5007 babere
1359 4961 1427 5021 prae
1452 4945 1570 5017 oculis,
1595 4946 1630 5005 ut
1645 4945 1721 5005 talis
1736 4945 1773 5004 iu

134 5045 169 5105 in
181 5045 294 5114 vitam,
312 5045 368 5121 qui
382 5044 421 5104 de
435 5043 508 5105 loco
521 5044 593 5120 ipso
609 5044 791 5120 antiquitus
806 5059 925 5120 proce·
980 5049 1051 5122 ejus
1063 5044 1206 5120 eligatur
1220 5043 1422 5119 episcopum,
1440 5042 1525 5119 quod
1541 5057 1616 5102 eum
1631 5041 1774 5118 Aposto-
1841 5101 1843 5106 .

134 5141 242 5213 debat,
259 5141 294 5201 in
307 5141 441 5202 odorem
456 5128 582 5214 mortis,
599 5140 635 5200 in
655 5141 793 5202 mortem
812 5142 926 5203 muta·
980 5144 1044 5204 lica
1061 5141 1161 5202 Sedes
1185 5137 1303 5201 debeat
1325 5141 1443 5200 merito
1468 5137 1663 5216 approbare.
1681 5137 1774 5209 Quod

134 5239 225 5301 tione
240 5237 419 5299 damnabili
434 5239 484 5299 est
512 5252 706 5299 conversus.
729 5239 808 5297 Cum
825 5238 927 5314 igitur
980 5240 1009 5301 si
1022 5255 1087 5300 non
1101 5252 1215 5300 omnes
1228 5237 1281 5297 his
1294 5237 1515 5313 exsequendis
1531 5235 1704 5312 potueritis
1719 5235 1774 5295 in-

134 5334 293 5397 iustantia
308 5335 422 5396 nostra
437 5334 629 5412 quotidiana
649 5335 694 5396 sit
706 5335 924 5396 ecclesiarum
979 5338 1115 5407 teresse,
1133 5335 1198 5397 duo
1219 5337 1366 5396 vestrum
1381 5346 1421 5394 ea
1434 5332 1655 5393 'nihilominus
1669 5347 1772 5393 exse-

136 5432 282 5492 omnium
310 5431 497 5494 sollicitudo
526 5431 695 5500 continua,
730 5431 923 5493 discretioni
980 5434 1133 5512 quantur.
1161 5432 1279 5494 Datum
1306 5430 1472 5501 Laterani,
1491 5432 1536 5491 ΙΙΙ
1560 5443 1665 5491 nonas
1681 5431 1774 5492 octo-

135 5530 253 5591 vestrae
279 5543 338 5606 per
364 5529 555 5606 apostolica
576 5529 699 5606 scripta
714 5530 922 5602 mandamus,
979 5531 1059 5603 bris,
1075 5529 1287 5607 pontificatus
1303 5523 1408 5590 nostri
1425 5529 1512 5593 a'nno
1527 5529 1626 5588 non'o.
