4108 6328
286 401 346 463 888
895 399 1071 462 888888
1094 397 1138 462 111
1160 399 1309 462 88888..
1441 387 1448 398 ‘
1868 403 1928 462 888

287 557 418 640 sigiliis,
443 558 539 623 uobis
561 555 721 624 exhibitae
744 559 974 624 interemtam
998 573 1080 624 con·
1170 557 1380 620 Transmissa
1393 557 1490 620 nobis
1500 555 1614 622 dilecti
1624 558 1685 620 lilii
1689 600 1750 620 .....
1764 557 1877 632 abhas,
1892 561 1929 621 81

285 655 447 730 tinebant,
461 657 558 735 quod,
573 674 647 720 cum
663 658 763 720 iidem
774 653 901 720 nobiles
916 657 1078 720 decimam
1132 657 1313 717 conventus
1357 656 1550 718 monasterii
1600 655 1712 718 Sancti
1759 657 1955 720 deramati'

286 755 321 817 iu
337 757 550 832 Mergentem,
565 756 751 833 quamtuno
765 757 800 818 18
816 755 947 817 laudum
963 755 1003 816 ab
1018 771 1078 816 ec·
1132 751 1375 823 Flaviacensis,
1401 751 1614 814 Belvacensis
1645 752 1813 824 dioeoesis,
1838 753 1930 828 peti-

288 852 392 914 clesia
419 852 651 930 Herhipoleusi
676 853 847 926 tenebant,
875 853 969 916 robis
999 853 1079 914 dare
1131 849 1222 909 tione
1244 850 1480 920 monstrarunt,
1497 849 1582 927 quod
1599 865 1673 911 cum
1697 848 1862 911 Robertus
1884 850 1928 911 de

288 950 352 1012 ride
364 951 560 1026 interposita
576 949 816 1028 promisissent,
834 951 981 1028 praelatis
996 951 1080 1028 epis·
1133 946 1248 1018 Gbarz,
1263 945 1452 1008 Willelmus
1467 946 1508 1007 de
1522 947 1628 1017 Maru,
1644 945 1833 1008 willelmus
1853 947 1929 1008 dic-

289 1064 370 1125 8888
384 1049 416 1109 81
430 1048 575 1124 88811818
589 1047 827 1124 supplicarunt,
840 1050 875 1110 ut
888 1048 983 1110 vobis
999 1063 1079 1108 con·
1132 1045 1185 1104 tus
1210 1044 1458 1121 carpentarius,
1484 1045 1516 1105 et
1542 1058 1657 1105 eorum
1679 1043 1825 1106 lautores
1846 1043 1929 1106 dicti

288 1144 585 1207 lerrentdeoimam
598 1147 823 1219 memoratam,
838 1146 1076 1223 promittentem,
1133 1142 1327 1203 monasterii
1360 1141 1516 1202 monachi
1550 1141 1698 1218 ejusdem
1731 1140 1929 1202 monasterii

289 1243 375 1321 quod
392 1259 453 1319 pro
471 1241 530 1304 illa
550 1245 738 1320 competens
758 1243 852 1304 robis
872 1243 1078 1305 excambium
1133 1237 1234 1301 188811
1258 1237 1420 1314 sigillum,
1446 1253 1510 1315 quo
1538 1238 1668 1300 litteras
1696 1238 1856 1315 quasdam
1883 1239 1929 1299 de
2052 1263 2053 1266 ¹

288 1340 510 1414 assignarent.
531 1339 674 1402 Praelata
699 1341 802 1417 igitur
825 1341 952 1402 decima
972 1342 1079 1403 tama
1133 1335 1358 1398 contrahendo
1378 1351 1492 1398 eorum
1507 1336 1641 1397 nomine
1663 1337 1777 1398 mutuo
1791 1335 1929 1411 sigilla-

289 1436 372 1500 viris
413 1437 630 1513 prudentibus
663 1437 703 1500 de
737 1438 895 1515 praedicto
934 1439 1078 1516 capitulo
1132 1433 1227 1506 runt,
1255 1447 1322 1495 non
1349 1433 1513 1496 modicam
1546 1433 1745 1511 recipientes
1777 1433 1930 1510 ipsorum

289 1549 387 1612 quam
403 1549 422 1594 a
441 1533 637 1611 quibusdam
666 1535 817 1597 odelinus
846 1537 992 1613 ejusdem
1018 1552 1078 1598 ec·
1132 1530 1266 1592 nomine
1290 1531 1440 1608 pecunie
1455 1531 1683 1607 quantitatem,
1699 1530 1928 1608 inquisitionis

287 1631 399 1698 clasiae
414 1631 552 1708 triginta
562 1637 662 1694 etsex
676 1633 876 1695 talentorum
891 1635 997 1710 pretio
1009 1649 1077 1696 aes-
1133 1627 1168 1688 in
1193 1628 1309 1689 eodem
1337 1628 1539 1690 monasterio
1569 1625 1730 1689 iaciendas
1757 1626 1799 1688 88
1827 1626 1928 1688 bonae

287 1727 414 1800 timata‚
436 1729 585 1806 praedicti
607 1729 734 1792 nobiles
757 1732 977 1809 proprietates
1001 1747 1078 1792 suas
1132 1723 1575 1788 memoriae...Parisiensem
1590 1725 1791 1802 episcopum,
1804 1726 1837 1787 et
1852 1727 1929 1802 cJus

286 1825 425 1900 triginta
438 1825 471 1888 et
482 1828 623 1903 quatuor
637 1828 762 1890 talenta
777 1829 810 1890 ct
824 1829 1078 1906 ampliusannis
1133 1823 1277 1899 collegas
1292 1824 1424 1889 nostras
1445 1823 1573 1885 litteras
1589 1822 1832 1899 impetrassent,
1859 1821 1927 1899 ipsi

288 1922 429 2000 siugulis
444 1925 652 1988 exsolventes
669 1926 733 2003 ipsi
753 1927 904 1988 88818818
925 1926 1077 1990 8881818-
1132 1921 1323 1982 eorumdem
1344 1920 1582 1984 monachorum
1602 1920 1780 1982 salsitatem
1793 1919 1928 1996 plenius

286 2021 376 2092 runt,
394 2019 435 2081 ab
456 2037 496 2082 88
517 2021 553 2082 18
568 2021 702 2084 lendum
718 2022 917 2100 recipientes
932 2023 1076 2096 easdem,
1133 2021 1361 2095 agnoscentes,
1383 2017 1648 2090 8181188888188,
1670 2017 1755 2094 quod
1778 2017 1927 2080 nondum

286 2119 598 2195 rosquequamdam
613 2121 848 2197 proprietatem
863 2121 1080 2183 vestraman-
1133 2117 1228 2178 eraut
1251 2116 1315 2178 duo
1339 2131 1469 2178 menses
1494 2116 1611 2194 elapsi,
1633 2117 1719 2192 quod
1746 2114 1782 2176 18
1809 2115 1928 2176 eodem

288 2215 416 2275 unatim
437 2215 617 2278 solventem
633 2217 697 2278 duo
710 2217 845 2291 talanta,
860 2235 933 2295 (888
943 2219 1080 2282 deerant
1133 2214 1333 2276 monasterio
1356 2229 1416 2290 per
1435 2213 1661 2274 venerabilem
1686 2213 1822 2274 fratrem
1846 2228 1930 2272 uos-

289 2312 502 2374 aestimationi
516 2313 694 2391 praedictae,
715 2315 776 2392 ipsi
796 2316 946 2378 ecclesiae
962 2318 1079 2380 coutu—
1133 2315 1219 2372 trum
1241 2311 1476 2374 Belvacensem
1499 2311 1700 2388 episcopum,
1715 2310 1781 2372 1881
1801 2309 1931 2370 dioece-

288 2408 386 2472 listis.
403 2409 492 2471 Idem
514 2427 592 2486 ergo
621 2413 795 2490 episcopus
822 2415 1000 2477 securitate
1024 2431 1072 2476 re·
1133 2407 1932 2483 sanum,babentemnibilominusanobisgene-

288 2508 382 2584 cepte
402 2507 442 2568 de
458 2509 701 2572 restauratione
716 2509 869 2572 iacienda
884 2512 949 2589 ipsi
966 2512 1077 2574 eccle·
1132 2508 1236 2568 ralem
1245 2506 1475 2569 auctoritatem
1483 2506 1643 2568 18818888
1654 2505 1880 2583 inquisitionis
1890 2505 1931 2565 in

288 2603 411 2676 eisaei
437 2605 581 2683 aliquam
605 2611 732 2684 partem
759 2609 889 2685 praelati
914 2609 1079 2671 excambii
1133 2603 1285 2666 omuibus
1306 2603 1519 2665 monasteriis
1538 2619 1608 2664 888
1630 2602 1792 2674 dioecesis,
1814 2602 1931 2680 iuqui-

288 2702 489 2779 contingerit
502 2703 610 2766 evinci
623 2705 780 2781 legitime,
799 2707 841 2768 ab
861 2707 976 2768 eadem
992 2724 1080 2784 praa·
1133 2702 1210 2762 sitio
1225 2701 1312 2766 lacta
1327 2702 1410 2773 erat,
1422 2701 1457 2761 18
1473 2715 1512 2762 88
1530 2700 1710 2778 procedere
1733 2699 1930 2760 noluerunt.

287 2798 389 2862 latam
415 2800 576 2862 decimam
599 2801 693 2864 vobis
722 2802 762 2865 de
788 2821 953 2866 consensu
976 2803 1079 2867 totius
1133 2798 1269 2860 Interim
1284 2799 1394 2860 autem
1409 2798 1559 2875 praedicti
1581 2797 1683 2860 abbas
1698 2798 1930 2860 etcouventus

287 2896 424 2974 capituli
447 2898 500 2959 sui
524 2899 663 2963 contulit
688 2903 845 2979 perpetuo
870 2902 974 2964 libere
994 2902 1081 2964 81811-
1133 2913 1228 2958 suam
1262 2896 1304 2958 ad
1337 2912 1399 2958 nos
1432 2897 1674 2974 querimoniam
1708 2895 1927 2966 destinantes,

287 2994 441 3057 nendam.
464 2997 534 3058 Nos
556 2997 659 3074 igitur
672 2999 793 3060 restris
810 3001 910 3078 justis
925 3000 1079 3077 precibus
1133 2993 1219 3070 (1¹10d
1231 2992 1412 3069 111111811ῑῦῑὶ
1425 2992 1581 3054 monachi
1590 2992 1672 3055 talia
1681 2993 1928 3070 Pflllletrffl'ant.

287 3093 439 3156 inclinati
464 3093 673 3156 collationem
699 3098 817 3175 ipsam,
839 3097 925 3160 siout
942 3097 1079 3175 provide
1134 3091 1175 3152 ad
1199 3090 1392 3168 8888181888
1414 3090 1650 3152 selvaceusem
1677 3089 1880 3166 episcopum,
1895 3091 1933 3152 et
2052 3101 2053 3120 ³

287 3188 376 3250 lacta
391 3191 442 3252 est
456 3192 536 3253 etin
552 3193 698 3269 praelatis
712 3193 835 3255 litteris
850 3195 980 3272 plenius
996 3211 1078 3256 con·
1132 3205 1203 3261 uos,
1225 3189 1287 3249 lilii
1306 3187 1451 3260 abbates,
1469 3189 1602 3250 nostras
1621 3187 1749 3250 litteras
1764 3188 1930 3263 impetra-

286 3285 423 3360 tinetur,
438 3289 634 3351 auctoritate
645 3292 834 3367 Apostolica
845 3291 1078 3354 confirmamus
1132 3288 1219 3358 runt,
1236 3288 1274 3348 81
1286 3286 1429 3359 vocatis,
1448 3301 1531 3363 quos
1545 3287 1680 3363 propter
1694 3285 1757 3347 boc
1771 3284 1929 3347 videritis

287 3382 321 3445 81
345 3385 519 3460 praesentis
544 3385 658 3464 scripti
684 3388 869 3465 patrocinio
891 3390 1078 3451 communi·
1131 3383 1308 3452 vocandos,
1325 3383 1530 3460 atinquisita
1549 3399 1650 3461 super
1665 3383 1717 3444 bis
1732 3382 1929 3459 diligentius

287 3497 371 3541 mus.
397 3468 489 3543 Nulli
515 3499 606 3560 ergo,
626 3485 688 3547 818.
711 3486 746 3546 Si
768 3485 842 3563 quis
868 3487 988 3556 autem,
1014 3488 1076 3549 etc.
1131 3481 1283 3550 veritate,
1293 3481 1377 3558 quod
1389 3481 1585 3543 canonicum
1596 3480 1691 3553 leret,
1703 3479 1931 3557 appellatione

285 3580 405 3641 natum
431 3582 544 3654 neate,
574 3585 621 3644 888
643 3582 718 3645 idus
742 3585 837 3661 jum,
867 3585 1078 3664 pontificatus
1132 3579 1430 3651 repraesumere
1453 3579 1626 3649 curaretis,
1652 3577 1814 3640 iacientes
1840 3577 1930 3654 quau

285 3678 392 3739 nostri
408 3695 497 3742 anno
510 3695 608 3742 nono.
1133 3676 1315 3740 statueritis
1330 3691 1576 3754 percensuram
1589 3675 1853 3738 ecclesiasticam
1868 3674 1932 3736 lir-

1132 3777 1230 3838 miter
1249 3774 1431 3837 observari.
1453 3775 1615 3836 Caeterum
1632 3774 1711 3836 licet
1724 3773 1929 3836 uenerabilis

1132 3871 1237 3936 188188
1250 3873 1365 3936 888188
1367 3915 1427 3934 .....
1446 3873 1622 3950 episcopus
1638 3871 1842 3934 parisiensis
1853 3887 1930 3932 cum

560 3975 804 4067 CLXXXVII
1134 3971 1270 4047 collegis
1299 3970 1553 4047 predecessoris
1582 3969 1702 4031 suiad
1733 3969 1930 4032 instantiam

1134 4068 1367 4145 predictorum
1382 4067 1621 4129 monachorum
1631 4066 1673 4128 ad
1688 4067 1931 4128 monasterium

289 4144 340 4204 Ad
354 4142 489 4204 abactas
504 4147 545 4205 dc
558 4145 670 4206 Proto
691 4147 725 4207 ct
745 4150 786 4208 de
806 4151 988 4220 Baltoteco,
1011 4151 1081 4210 Ro-
1134 4165 1242 4242 ipsum
1250 4163 1422 4237 accedens,
1437 4167 1470 4227 et
1481 4162 1605 4245 [quum]
1617 4163 1833 4241 inquisitione
1848 4179 1932 4241 pro-
2052 4175 2053 4184 ¹

327 4239 557 4317 1888888818
580 4241 615 4302 et
637 4246 857 4307 Betvacensis
883 4249 1077 4319 dioecesum,
1134 4262 1252 4326 cauere
1267 4262 1535 4331 volusenum
1551 4263 1683 4338 cognito
1699 4261 1930 4339 88888888-

326 4338 360 4399 61
382 4339 594 4415 malititam
615 4341 853 4415 caperratum,
877 4346 1080 4404 canonicum
1133 4359 1489 4422 8811888888181888888
1503 4360 1934 4438 8888888888888888888-

326 4439 580 4499 381888888681·
1134 4459 1319 4533 gnouerant
1330 4459 1461 4534 culpam
1475 4473 1581 4531 suam,
1591 4457 1782 4534 hujusmodi
1794 4459 1932 4534 negotio

582 4569 616 4627 83
630 4569 689 4644 julii
705 4567 785 4626 8888,
1134 4555 1329 4632 supersedit.
1370 4557 1601 4618 committente
1629 4557 1741 4618 autem
1770 4557 1932 4634 praedicto

319 4699 435 4762 quaqua,
445 4699 546 4760 libbi,
559 4700 698 4765 spissata.
707 4702 763 4752 uss.
775 4701 812 4751 ta
823 4701 897 4752 Pone
908 4699 943 4752 du
954 4701 1047 4764 rheti]
1134 4652 1816 4764 belvacensiepiscopotibi,lllicanonice,
1827 4669 1935 4764 super

1134 4763 1310 4810 8888888888
1324 4765 1368 4822 88,
1384 4751 1418 4812 81
1432 4749 1537 4822 vobis,
1554 4749 1616 4810 lilrl
1628 4749 1775 4823 abbates,
1795 4753 1932 4827 negotio

286 4829 341 4887 Det
354 4807 396 4887 818
411 4832 587 4902 provinciam
602 4847 719 4891 causam
737 4835 903 4892 monasterii
915 4834 1010 4892 Sancti
1023 4833 1078 4892 Ge·
1133 4846 1223 4908 vices
1238 4861 1396 4917 suavos
1408 4847 1450 4908 ad
1463 4847 1701 4910 monasterium
1710 4848 1932 4916 ppavjaoenso

323 4917 425 5020 11111111
444 4919 625 5022 3111111111
647 4921 728 5022 1111111
750 4921 884 4980 1110111111
908 4921 1077 4996 1111111111·
1134 4944 1354 5020 personaliter
1368 4944 1573 5018 accedentes,
1591 4945 1764 5008 8188888118
1785 4947 1931 5022 quibus-

322 5007 423 5080 guium
443 5015 609 5067 monastcru
625 5008 709 5066 ltueu
725 5019 815 5080 88881,
828 5013 967 5070 88888188
981 5012 1077 5069 termi-
1135 5041 1210 5102 dam
1223 5040 1262 5102 de
1276 5041 1519 5114 illis,videficet
1533 5042 1680 5118 AEgfflio,
1696 5044 1730 5105 et
1744 5043 1930 5118 willelmo,

322 5095 420 5154 1111111·
1136 5137 1223 5200 81818
1258 5140 1493 5215 carpentario,
1523 5140 1564 5202 de
1593 5139 1711 5217 quihus
1737 5141 1931 5216 dicebatur,

328 5233 495 5294 Honorius
504 5233 689 5311 episcopus,
702 5248 817 5296 servus
826 5251 998 5298 servorum
1008 5235 1079 5307 Dei,
1136 5234 1221 5312 quod
1236 5235 1383 5312 sigillum
1398 5237 1536 5315 capituli
1555 5237 1792 5314 subripuerant
1804 5243 1839 5300 81
1853 5255 1932 5302 cum

288 5328 418 5392 dilectis
432 5331 512 5392 liliis
514 5375 575 5392 .....
602 5331 642 5393 88
667 5333 779 5400 Ρ8818,
796 5335 891 5394 81.....
913 5331 1083 5394 8888118-
1136 5332 1212 5393 aliis
1234 5337 1443 5398 recesserant
1461 5351 1482 5396 a
1503 5335 1590 5397 dioto
1613 5337 1817 5398 monasterio
1840 5336 1935 5414 lugi-

287 5425 368 5488 1888
392 5427 583 5500 abbatibus,
607 5428 887 5506 Rotbomageusis
907 5431 940 5492 81
962 5431 1084 5492 Belua·
1136 5429 1934 5512 tivesuperbis‚quaeinlitterisnostrisexpressa

288 5525 397 5588 oensis
422 5525 618 5600 dioecesum,
644 5527 677 5588 et
707 5527 865 5603 magistro
896 5527 1082 5590 dodelredo
1137 5529 1280 5598 fuerant,
1295 5528 1382 5590 sicut
1392 5525 1513 5590 vestrae
1525 5529 1567 5591 ad
1579 5545 1641 5592 uos
1655 5531 1864 5594 transmissae
1873 5531 1934 5594 ut-

288 5623 1081 5704 canoniooBelvacensi,salutemetdpostolicam
1138 5626 1219 5688 torae
1231 5623 1454 5700 continebant,
1466 5629 1533 5689 tam
1546 5627 1750 5698 solemniter,
1762 5629 1933 5706 quamdi-

290 5720 565 5785 benedictionem.
1136 5721 1278 5799 ligeuter
1300 5723 1549 5802 inquisitionem
1572 5725 1710 5800 lecistis,
1732 5727 1875 5806 receptis
1896 5727 1931 5792 in
