3948 6326
211 309 270 371 571

213 465 479 545 superterram,
507 460 541 521 in
568 471 642 522 eam
670 453 803 518 devenit
830 454 1008 526 inueniam,

139 571 145 580 '
213 563 301 643 quod
316 560 449 624 tandem
468 555 635 620 horrenda
652 553 758 616 morte
780 552 934 630 spiritum
949 567 1011 613 ex·

108 667 111 674 ’
212 649 1010 736 halavitlldjeceruntinsuper,quodpraepositus

213 746 1011 822 antedictusaddamnationissuaecumulnmlra·

212 858 302 918 trum
323 851 548 916 confessiones
565 847 696 926 publice
715 846 866 908 revelare
881 859 1011 921 praesu-

105 934 110 942 ’
214 969 319 1025 mens,
341 951 376 1012 in
399 949 481 1014 illud
505 944 699 1009 detestabile
722 944 851 1010 vitium,
874 942 1011 1019 propter

213 1049 300 1128 quod
337 1049 388 1109 ira
423 1047 484 1108 Dei
514 1045 606 1106 venit
632 1043 668 1104 in
694 1042 781 1102 lilios
802 1039 1008 1105 diffidentiae,

212 1150 282 1212 tam
301 1144 536 1208 miserabiliter
557 1142 608 1203 est
633 1139 812 1215 collapsus,
837 1136 923 1214 quod
942 1151 1009 1197 non

214 1245 322 1307 solum
335 1244 451 1304 domus
472 1241 557 1317 ipsa,
571 1254 688 1300 verum
703 1237 804 1298 etiam
827 1234 921 1310 regio
940 1232 1010 1294 lere

213 1343 392 1418 totabujus
406 1340 485 1400 nota
496 1336 645 1399 infamiae
660 1334 811 1396 redditur
825 1331 1008 1392 diffamata.

215 1439 295 1502 Cum
310 1439 422 1514 igitur,
435 1434 616 1498 secundum
625 1431 831 1508 Apostolum,
850 1428 1010 1490 instantia

214 1538 329 1599 nostra
349 1533 541 1612 quotidiana
562 1531 607 1592 sit
628 1529 776 1592 omnium
791 1527 1011 1590 ecclesiarum

215 1632 405 1696 sollicitudo
418 1631 588 1701 continua,
605 1627 800 1690 discretioni
814 1625 935 1688 vestrae
951 1637 1013 1699 per

214 1731 406 1808 apostoliea
430 1727 555 1804 scripta
569 1725 777 1795 mandamus,
795 1723 957 1800 quatenus
969 1720 1011 1781 ad

214 1827 391 1892 ecclesiam
419 1824 634 1886 memoratam
660 1820 882 1900 personaliter
909 1832 1010 1880 acce—

215 1925 342 1997 dentes,
355 1925 388 1986 et
400 1921 560 1984 habentes
572 1935 641 1998 prae
652 1919 758 1980 oculis
771 1917 879 1978 solum
895 1917 1010 1986 Deum

215 2022 248 2084 el
268 2023 341 2084 vice
363 2020 477 2083 nostra
491 2017 693 2083 visitationis
716 2014 862 2077 osticium
877 2013 1013 2088 impen-

216 2119 313 2191 datis,
331 2118 364 2179 et
378 2115 533 2193 quicquid
549 2112 744 2175 inveneritis
762 2109 907 2172 fideliter
918 2109 1012 2170 redi-

218 2216 334 2294 gentes
359 2215 393 2274 in
418 2213 561 2290 seriptis,
578 2211 661 2271 illud
676 2209 736 2270 sub
755 2208 877 2270 vestris
892 2205 1012 2283 sigillis

217 2313 260 2374 ad
275 2312 423 2373 nostram
436 2307 648 2386 praesentiam
655 2305 900 2376 transmittatis,
911 2305 948 2366 ut
954 2319 1015 2381 per

216 2410 362 2472 vestram
390 2406 588 2468 relationem
613 2402 768 2464 instructi
798 2401 949 2463 securius
977 2401 1013 2462 in

217 2505 290 2583 ipso
331 2505 465 2580 negotio
508 2500 738 2580 procedamus.
775 2488 1011 2561 contradicto-

216 2617 284 2675 res,
297 2603 360 2664 etc.
377 2600 468 2673 Quod
482 2599 511 2660 si
522 2614 587 2660 non
601 2613 726 2670 omues,
741 2597 933 2658 elebatum
947 2597 1015 2656 La-

216 2699 337 2773 terani,
355 2700 400 2760 111
415 2697 489 2759 idus
503 2695 626 2768 martii,
642 2709 729 2755 anno
743 2694 872 2756 octavo.

325 3149 377 3214 Ad
389 3151 594 3225 Leopoictum
608 3152 728 3209 ducem
745 3148 904 3210 lustrico,

498 3279 531 3335 13
546 3277 641 3335 martii
656 3277 735 3334 teat.

384 3402 474 3465 [Fejen
487 3399 548 3452 ch.
562 3398 681 3463 diplom..
697 3399 740 3457 ΠΙ,
752 3412 768 3448 r.
782 3397 850 3463 tea]

220 3533 293 3592 Eum
305 3535 389 3602 rogat
399 3531 430 3584 ut
439 3525 536 3584 Belem
547 3539 646 3598 regem
658 3522 693 3581 ad
705 3521 827 3581 Andreae
839 3524 917 3597 regis
928 3523 1015 3596 petris

302 3617 346 3676 sui
359 3615 540 3673 devotionem
556 3620 583 3670 et
597 3613 787 3671 reverentiam
806 3619 931 3669 nroneet.

261 3751 427 3814 Honorius
455 3749 646 3826 episcopua,
674 3748 753 3819 etc,
790 3746 910 3809 dilecto
946 3747 1015 3808 lilio

220 3851 326 3914 nobili
338 3851 423 3920 vire,
440 3847 516 3910 duci
536 3845 689 3918 austriae,
712 3845 863 3914 salutem,
877 3847 938 3906 etc.

263 3949 317 4012 Sic
344 3945 466 4006 babere
489 3945 522 4006 te
546 3943 713 4006 credimus
736 3943 890 4003 timorem
911 3941 1016 4024 divini

220 4043 366 4107 nominis
392 4043 425 4104 et
445 4055 603 4108 amorem,
620 4041 655 4101 ut
670 4055 743 4116 quae
765 4038 904 4105 honesta
927 4041 1014 4114 sunt,

221 4142 344 4215 diliges
359 4140 391 4201 et
407 4137 582 4199 inhonesta
597 4137 672 4198 odio
689 4135 812 4197 habeas
823 4135 857 4197 et
877 4136 1014 4200 devites.

222 4236 441 4302 Fiducialiter
462 4235 573 4311 itaque
595 4233 800 4295 nobilitatem
812 4237 903 4296 tuam
918 4251 1019 4312 roga-

222 4352 296 4399 mus
312 4336 344 4397 et
359 4331 532 4394 hortamur
546 4332 681 4401 attente,
696 4333 860 4410 quatenus
878 4333 1017 4394 carissi-

221 4449 311 4498 mum
330 4432 365 4492 in
382 4430 512 4493 Christo
532 4429 637 4489 illium
655 4431 815 4501 nostrum,
832 4429 945 4491 Belem
963 4447 1019 4492 re-

222 4548 308 4610 gem,
325 4531 439 4592 netum
452 4524 617 4590 carissimi
633 4527 668 4586 in
679 4526 810 4590 Christo
826 4526 887 4588 tilii
899 4529 1016 4600 nostri,

221 4629 363 4692 Andreae
386 4625 526 4688 illustris
543 4625 631 4700 regis
648 4625 840 4700 Hungariae,
857 4624 898 4686 ad
913 4625 1018 4701 patris

222 4726 276 4788 sui
290 4725 509 4794 devotionem,
519 4723 552 4783 et
564 4720 784 4784 reverentiam
795 4737 1018 4800 moneaspro-

222 4822 359 4902 pensius
380 4821 414 4882 et
432 4818 590 4893 inducas;
608 4834 704 4895 quem
720 4817 818 4880 etiam
842 4819 1018 4882 sollicitius

811 246 1010 356 ¹HONORII
1033 296 1078 356 111
1100 295 1248 357 OPERA.

1402 469 1522 572 CLXI

1156 635 1208 694 Ad
1227 636 1419 696 aenaeum
1434 649 1554 710 regem
1566 636 1767 710 Aetolorum.

1348 765 1382 821 lt
1392 765 1487 822 martii
1497 765 1573 822 1224.

1284 887 1398 953 [Hymen
1407 889 1520 946 Foedsra,
1532 889 1579 948 l,1,
1590 888 1642 954 te]

1064 1011 1098 1068 Ei
1112 1012 1243 1086 suggerit
1258 1019 1286 1070 et
1303 1015 1427 1071 consulit
1439 1014 1515 1071 boue
1535 1013 1591 1072 tide
1613 1021 1642 1072 ut
1660 1012 1813 1087 prudenter
1826 1029 1855 1072 se

1247 1099 1351 1159 babeat
1364 1117 1434 1176 erge
1449 1118 1517 1160 suos
1529 1103 1677 1160 vassallos.

1105 1227 1273 1289 Honorius
1282 1229 1470 1306 episcopus,
1482 1245 1598 1291 servus
1607 1230 1854 1300 servorumDei‚

1065 1324 1239 1387 carissimo
1272 1325 1309 1386 ia
1339 1325 1470 1387 cbristo
1502 1325 1571 1387 tilio
1599 1327 1762 1395 Henrico,
1789 1325 1856 1402 regi
1964 1349 1965 1396 l

1065 1421 1247 1498 anglorum
1262 1423 1398 1495 illustri,
1417 1423 1571 1496 salutem,
1586 1425 1649 1486 etc.

1106 1519 1294 1582 caedemus
1308 1521 1344 1582 in
1359 1521 1509 1594 Domino,
1529 1523 1563 1583 et
1581 1522 1613 1582 ei
1627 1521 1778 1583 actiones
1796 1535 1856 1582 ex·
1964 1595 1965 1616 Χ

1066 1617 1226 1678 solvimus
1249 1618 1444 1694 gratiarum,
1462 1619 1548 1696 quod
1570 1619 1657 1680 sicut
1671 1618 1783 1680 dilecti
1800 1619 1858 1679 tilii
1964 1619 1965 1700 i

1066 1714 1225 1790 magister
1240 1716 1427 1792 Stephanus
1449 1716 1490 1778 de
1511 1717 1610 1778 Lucis
1624 1718 1659 1778 et
1673 1715 1795 1777 nobilis
1809 1716 1858 1776 vir
1964 1763 1965 1814 3

1068 1814 1105 1872 G.
1120 1812 1160 1873 de
1176 1813 1348 1874 Cracumb.
1366 1811 1477 1876 nuntii
1493 1815 1554 1886 tui,
1571 1814 1635 1875 viri
1650 1813 1766 1890 utique
1784 1829 1859 1890 pro-

1066 1909 1135 1970 vidi
1163 1910 1196 1971 et
1219 1911 1345 1984 fideles,
1369 1911 1465 1973 nobis
1493 1913 1526 1974 et
1551 1911 1709 1974 iratribus
1738 1911 1858 1972 nostris
1964 1943 1965 2004 ἐ

1066 2023 1148 2070 voce
1176 2023 1321 2070 consona
1354 2009 1555 2082 retulerunt,
1585 2011 1618 2072 te
1643 2009 1680 2072 in
1707 2008 1858 2070 omnibus
1964 2013 1965 2096 j

1067 2104 1279 2168 laudabiliter
1300 2108 1401 2184 geris,
1422 2108 1469 2168 ita
1494 2109 1530 2168 ut
1552 2107 1613 2168 dos
1628 2106 1858 2168 adolescentiae
1964 2127 1965 2194 3

1066 2203 1133 2263 tuae
1153 2205 1267 2279 gratos
1286 2207 1319 2268 et
1337 2203 1558 2282 acceptabiles
1577 2203 1704 2266 tructus
1725 2203 1858 2265 indubl·

1067 2300 1178 2361 tenter
1190 2301 1382 2377 promittere
1395 2302 1559 2374 videatur,
1575 2317 1676 2379 super
1690 2317 1755 2379 quo
1769 2303 1858 2363 tanto

1068 2397 1223 2474 ampliori
1256 2399 1430 2462 alacritate
1461 2399 1706 2478 perfundimur,
1739 2399 1859 2477 quanto
1964 2391 1965 2480 ζ

1068 2510 1244 2571 personam
1257 2497 1349 2558 tuam
1364 2498 1398 2558 et
1411 2512 1551 2574 regnum
1566 2496 1760 2562 sincerioris
1775 2494 1861 2557 cari-

1066 2591 1146 2654 tatis
1166 2591 1313 2654 brechiis
1329 2593 1571 2671 amplexamur.

1107 2691 1188 2761 Quia
1203 2707 1293 2762 vero,
1308 2692 1394 2754 sicut
1408 2693 1512 2753 facies
1527 2693 1575 2754 ita
1589 2694 1623 2754 et
1637 2692 1742 2754 animi
1755 2690 1861 2752 homi·

1068 2801 1147 2847 num
1160 2789 1237 2850 sunt
1251 2788 1386 2862 diversi,
1397 2789 1495 2867 iuxta
1510 2788 1592 2850 illud
1604 2789 1781 2866 poeticum,
1964 2795 1965 2808 ¹

1103 2927 1184 2996 ntae
1193 2936 1339 2994 bominum
1349 2937 1461 3008 spectes,
1470 2941 1496 2994 et
1508 2953 1606 2994 mum
1616 2937 1826 3006 dictatoresue,

1107 3025 1184 3085 Velle
1197 3041 1280 3083 suum
1293 3028 1391 3098 eumue
1403 3031 1452 3094 est,
1465 3041 1515 3084 nec
1528 3031 1589 3084 voto
1603 3027 1713 3086 vietur
1726 3043 1793 3084 uae.

1109 3169 1249 3248 Expedit
1270 3171 1316 3242 ut,
1334 3171 1420 3233 sicut
1439 3171 1672 3232 universorum
1692 3171 1861 3232 bominum
1964 3169 1965 3264 l

1068 3265 1175 3343 ipsius
1209 3268 1305 3345 regni
1338 3269 1523 3330 communis
1548 3285 1583 3330 es
1607 3268 1786 3337 Dominus,
1817 3268 1862 3328 ita

1069 3378 1195 3425 morem
1209 3381 1327 3442 gerere
1342 3366 1476 3429 studeas
1491 3367 1710 3428 communiter
1725 3365 1860 3426 uuiver-

1069 3461 1128 3534 sis,
1159 3461 1346 3526 exhibendo
1369 3469 1402 3526 te
1425 3463 1567 3540 singulis
1597 3462 1812 3524 favorabilem
1832 3462 1863 3524 et
1964 3483 1965 3542 p

1069 3558 1862 3639 benignumetsiquandoinciditcontroversia
1964 3567 1965 3604 i

1069 3657 1242 3730 intereos,
1259 3673 1319 3735 pro
1336 3660 1372 3721 ut
1387 3660 1423 3720 in
1440 3659 1534 3722 tanta
1550 3658 1761 3720 multitudine
1775 3658 1863 3719 acci·
1964 3691 1965 3750 p

1070 3753 1149 3816 dere
1176 3756 1359 3830 consuevit,
1386 3772 1453 3819 non
1479 3756 1648 3818 declinare
1677 3756 1711 3816 in
1739 3758 1863 3834 partem

1070 3853 1277 3926 alterutram,
1294 3853 1352 3916 sed
1364 3854 1538 3932 utramque
1555 3854 1628 3931 pari
1646 3853 1778 3927 affectu,
1793 3853 1863 3931 pari

1071 3950 1260 4028 diligentia,
1286 3951 1359 4028 pari
1387 3951 1496 4014 studio
1523 3952 1707 4027 corrigere,
1735 3967 1861 4028 regere,

1071 4047 1273 4125 gubernare
1287 4049 1335 4110 ita
1349 4049 1385 4112 ut
1398 4065 1514 4111 eorum
1527 4049 1678 4126 quilibet,
1695 4049 1730 4110 in
1744 4050 1778 4112 te
1792 4064 1863 4112 rec-
1964 4037 1965 4082 ἐ

1071 4147 1245 4208 titudinem
1267 4146 1368 4221 regia
1391 4145 1566 4224 dignitatis
1585 4161 1782 4222 agnoscens,
1799 4161 1862 4208 non

1073 4243 1196 4305 metuat
1218 4243 1254 4304 in
1278 4243 1355 4304 sinu
1375 4245 1431 4304 tuo
1455 4259 1579 4320 ponere
1602 4259 1736 4306 causam
1758 4259 1861 4312 suam,

1073 4340 1130 4402 sed
1149 4340 1189 4402 de
1208 4340 1251 4412 te,
1271 4339 1357 4401 sicut
1371 4339 1478 4400 tidelis
1492 4340 1645 4402 vassalus
1663 4340 1704 4402 de
1722 4339 1861 4416 benigno
1964 4331 1965 4406 s

1072 4438 1223 4507 Domino,
1239 4438 1271 4499 et
1286 4436 1372 4498 sicut
1386 4437 1522 4498 humilis
1538 4435 1627 4498 lilius
1639 4437 1680 4498 de
1693 4438 1748 4514 pio
1761 4437 1861 4514 patra,
1964 4425 1965 4510 J

1073 4535 1234 4596 considat.
1964 4541 1965 4548 ’

1115 4633 1280 4706 Rogamus
1310 4631 1413 4706 igitur
1437 4631 1503 4692 tuae
1530 4631 1721 4694 serenitatis
1747 4632 1861 4693 indus·
1964 4615 1965 4700 s

1073 4727 1182 4800 triam,
1194 4728 1356 4805 quatenus
1369 4727 1441 4789 haec
1455 4727 1583 4790 scribas
1597 4729 1633 4790 in
1648 4729 1770 4791 tabulis
1787 4743 1861 4790 cor·
1964 4761 1965 4802 3

1073 4826 1123 4886 dis
1144 4825 1206 4896 tui,
1223 4824 1255 4886 et
1269 4839 1435 4902 reponens
1458 4825 1494 4886 in
1515 4825 1581 4887 tuae
1596 4826 1715 4888 mentis
1730 4831 1860 4896 arcana,

223 4917 422 4990 exhorteris,
435 4918 471 4977 ut
483 4914 743 4977 familiaritatem
754 4915 877 4979 devitet
891 4931 1016 4990 eorum,
1073 4922 1256 4999 produces,
1284 4938 1358 4984 eum
1383 4938 1465 5000 opus
1494 4919 1610 4994 ilrerit,
1638 4923 1673 4982 in
1701 4922 1860 4992 effectum,
1964 4927 1965 4930 ’

223 5019 280 5096 qui
304 5017 391 5079 inter
411 5014 521 5091 ipsum
544 5012 576 5074 et
599 5011 726 5088 patrem
742 5029 837 5074 suum
853 5016 1019 5076 seminare
1074 5035 1140 5082 non
1159 5019 1356 5081 declinando
1372 5019 1407 5080 in
1421 5021 1550 5097 partem
1567 5019 1730 5097 aliquam3
1748 5019 1805 5082 sed
1822 5019 1860 5090 te,

223 5113 435 5185 discordiam,
449 5114 481 5172 et
491 5109 533 5171 ad
543 5109 630 5171 bona
640 5111 763 5173 vellent
777 5110 887 5172 aliena
902 5113 1020 5174 exten·
1073 5117 1160 5180 sicut
1192 5133 1306 5192 regem
1343 5117 1447 5190 decet,
1480 5131 1687 5178 communem
1716 5116 1863 5178 omnibus
1964 5163 1965 5172 ι

141 5223 142 5226 ’
223 5215 303 5278 dere
317 5228 435 5274 manus
460 5225 556 5283 suas;
572 5208 620 5270 ita
635 5207 722 5285 quod
741 5223 802 5269 nos
817 5207 858 5269 de
872 5209 1020 5272 bonitate
1074 5213 1272 5286 exhibendo,
1289 5217 1323 5276 et
1340 5215 1415 5275 teras
1437 5214 1538 5275 etiam
1560 5213 1800 5276 dissimulando
1814 5215 1864 5274 in·

221 5311 345 5375 indolis
361 5326 429 5370 suae
445 5307 539 5379 certi,
554 5306 595 5368 ad
609 5305 746 5367 honoris
761 5305 795 5366 et
806 5305 1019 5368 exaltationis
1070 5313 1190 5389 jurias,
1201 5328 1275 5374 cnm
1285 5311 1445 5390 expedire
1453 5311 1621 5374 videbitur
1628 5327 1699 5388 pro,
1712 5311 1863 5372 seandalo

223 5414 297 5490 ejus
313 5408 524 5484 augmentum
550 5419 681 5481 semper
703 5405 875 5467 intendere
898 5405 1018 5468 valea·
1074 5409 1238 5472 evitando.
1255 5409 1340 5471 Illud
1359 5411 1470 5471 autem
1494 5409 1690 5470 nominatim
1709 5409 1774 5471 tuae
1789 5424 1863 5484 sug·
1964 5395 1965 5454 3

223 5523 308 5570 mus.
325 5507 443 5566 Datum
458 5502 625 5574 Laterani,
642 5502 776 5564 ulidus
791 5503 915 5573 martii,
931 5520 1018 5582 pon·
1073 5507 1221 5584 gerimus
1234 5506 1424 5569 celsitudini
1437 5507 1469 5568 et
1479 5505 1684 5568 consulimus
1695 5505 1781 5568 bona
1791 5505 1859 5576 lide,
1964 5557 1965 5584 ,

223 5605 369 5668 tilicatus
384 5601 489 5664 nestri
506 5615 594 5661 anno
609 5601 736 5662 octavo.

1074 5607 1111 5666 ut
1123 5621 1196 5667 cum
1208 5603 1363 5666 vassallis
1373 5604 1439 5665 tuis
1453 5620 1517 5666 non
1530 5619 1633 5681 ponas
1647 5603 1710 5666 hoc
1723 5605 1860 5679 tempore
1964 5587 1965 5598 ’
