3948 6326
272 351 332 412 539
891 345 1067 407 HONORII
1090 345 1134 404 111
1157 345 1304 405 OPERA.
1854 351 1905 409 540

271 511 360 575 modi
384 509 418 572 iu
445 507 577 584 negotio
601 507 673 583 ipso
697 503 875 583 procedere
903 505 1063 567 hactenus
1118 504 1241 566 hahere
1254 505 1289 566 in
1304 504 1451 580 ejusdem
1463 505 1614 567 ecclesiae
1628 507 1741 568 Sancti
1754 508 1904 583 Stephani

273 609 449 671 distulistis
465 609 499 668 iu
522 605 669 684 ejusdem
692 603 885 666 monasterii
901 604 1063 680 praejudi—
1118 602 1546 678 praejudiciumahutuntur,
1555 604 1715 666 iacientes
1728 603 1807 666 alihi
1815 621 1905 682 quam

272 710 370 779 cium,
388 709 421 768 et
433 721 623 782 gravamen.
642 704 783 779 Ideoque
803 718 862 778 per
875 701 1063 778 Apostolica
1119 699 1254 762 indicta
1269 701 1409 762 ecclesia
1436 705 1468 762 S.
1496 701 1656 778 Stephani
1679 703 1904 766 canonicorum

271 805 365 868 vohis
381 805 504 880 scripta
519 801 725 872 mandamus,
741 801 903 878 quatenus
923 801 949 860 si
973 799 1064 876 post·
1118 813 1253 857 suorum
1275 813 1414 874 corpora
1434 799 1581 875 sepeliri,
1597 815 1669 876 quae
1695 801 1729 860 iu
1747 816 1786 860 ea
1806 800 1905 864 iurent

272 899 823 981 quamhujusmodiquaestiovohis
840 897 1065 974 estahApos-
1118 895 1342 972 tautummodo
1369 896 1573 957 tumulanda.
1604 901 1714 968 Quare
1737 898 1904 973 praedictus

270 1001 371 1063 tolica
388 999 470 1061 Sede
486 998 672 1068 commissa,
688 997 722 1056 in
740 1013 799 1057 vos
822 995 885 1058 fuit
905 996 1063 1072 tanquam
1118 996 1314 1069 procurator
1329 994 1471 1070 petebat,
1496 996 1531 1056 ut
1556 995 1693 1072 eosdem
1709 996 1866 1059 decanum
1878 1000 1905 1058 el

270 1099 304 1160 in
325 1097 463 1159 arbitrio
488 1097 573 1158 sicut
592 1096 745 1172 superius
760 1111 954 1172 expressum
970 1096 1019 1154 est
1043 1109 1062 1154 a
1118 1091 1297 1152 canonicos
1314 1093 1346 1151 S.
1363 1091 1526 1152 Johaunis
1549 1092 1589 1152 ab
1610 1091 1743 1168 injuriis
1764 1095 1903 1154 ecclesiae

270 1197 419 1274 partibus
444 1193 727 1272 compromissum,
748 1194 788 1254 ad
813 1209 943 1270 aequum
968 1191 1062 1252 arbi·
1119 1191 1151 1247 S.
1175 1189 1335 1264 Stephani
1352 1203 1452 1265 super
1470 1189 1651 1265 praemissis
1666 1191 1798 1266 penitus
1820 1207 1903 1251 com-
1963 1195 1964 1198 ’

269 1297 370 1356 trium
403 1293 582 1372 procedere
616 1309 683 1353 uon
718 1293 867 1354 tardetis.
906 1291 1061 1366 Alioquin
1119 1287 1301 1361 pescentos,
1315 1287 1421 1348 eidem
1436 1287 1585 1348 ecclesiae
1599 1286 1719 1347 abillis
1732 1287 1773 1347 de
1786 1288 1903 1348 damnis
1963 1327 1964 1330 κ

269 1409 370 1470 quum
395 1393 508 1468 petitio
534 1391 638 1468 ipsius
662 1388 891 1450 archidiaconi
913 1389 953 1449 de
975 1387 1063 1448 reci·
1117 1383 1231 1451 illatis,
1248 1385 1281 1444 et
1301 1384 1458 1460 irrigatos
1481 1385 1626 1461 injuriis,
1643 1386 1711 1447 tam
1731 1402 1833 1462 super
1850 1403 1904 1446 usu

268 1490 398 1568 plaudis
423 1488 561 1550 testibus
584 1489 811 1566 undecumque
834 1487 1012 1563 productis,
1031 1485 1063 1545 ot
1117 1482 1311 1554 coemeterii,
1329 1498 1428 1560 quam
1443 1483 1519 1542 aliis
1540 1483 1697 1544 satisfieri
1711 1499 1751 1544 ac
1767 1485 1816 1544 eis
1828 1484 1905 1542 inhi-

268 1587 513 1661 interrogandis
529 1587 664 1656 eisdem,
678 1587 785 1647 tenori
796 1584 977 1661 apostolici
990 1598 1063 1643 res·
1116 1577 1187 1638 heri
1200 1579 1338 1640 tirmiter
1348 1579 1545 1652 laceremus,
1558 1595 1600 1640 ne
1611 1595 1707 1640 usum
1719 1581 1901 1651 coemeterii,
1963 1635 1964 1644 ,

269 1682 367 1758 cripti
387 1682 497 1743 obviet
516 1681 701 1753 manifeste,
719 1697 758 1741 ea
774 1696 982 1757 nequaquam
997 1680 1060 1740 ob·
1117 1675 1201 1752 quod
1216 1691 1279 1737 nou
1297 1677 1430 1750 hahent,
1446 1678 1616 1739 decaetero
1633 1679 1668 1737 in
1683 1679 1902 1754 praejudicium
1963 1703 1964 1706 ¹

180 1765 183 1772 ’
269 1781 388 1852 stante,
405 1781 439 1840 in
463 1779 595 1854 negotio
611 1779 682 1855 ipso
702 1779 800 1856 juxta
815 1777 963 1854 ejusdem
986 1793 1061 1838 res·
1116 1774 1266 1836 ecclesiae
1291 1777 1323 1836 S.
1345 1776 1504 1852 Stephani
1518 1791 1681 1852 usurpare
1697 1781 1901 1852 praesumant,

268 1879 367 1954 aripti
389 1877 622 1939 tenoremsine
639 1891 739 1936 morae
756 1875 930 1952 dispendio
945 1891 1062 1952 proce
1116 1873 1149 1932 et
1170 1872 1198 1932 si
1224 1888 1289 1948 qua
1319 1875 1434 1934 contra
1464 1873 1755 1944 consuetudinem,
1786 1874 1821 1934 in
1849 1890 1903 1949 qua
1963 1919 1964 1928 ,

269 1975 365 2037 datis.
386 1975 505 2036 Datum
523 1974 689 2046 Laterani,
711 1976 740 2033 X
760 1973 921 2034 kalendas
936 1973 1059 2045 martii,
1117 1985 1219 2046 usque
1238 1970 1279 2032 ad
1299 1971 1477 2032 adventum
1497 1971 1681 2047 supradicti
1700 1971 1803 2047 legati
1818 1975 1901 2034 utra·
1963 2009 1964 2018 κ

269 2089 358 2134 anno
374 2074 502 2134 octavo.
1117 2082 1180 2143 que
1194 2068 1336 2128 ecclesia
1352 2068 1469 2140 iuerat,
1485 2069 1697 2140 reducantur,
1712 2085 1813 2146 quum
1827 2069 1902 2129 idem
1963 2061 1964 2066 ’

671 2183 672 2188 ¹
1096 2163 1486 2239 legatusvivavoceac
1504 2165 1900 2228 litterissuhexcommu·
1963 2231 1964 2234 ,

1116 2261 1293 2323 nicationis
1310 2279 1406 2340 poeua
1422 2265 1628 2340 praeceperit,
1652 2267 1687 2326 ut
1701 2265 1735 2324 in
1751 2281 1790 2325 eo
1813 2265 1900 2333 stuta,
1963 2315 1964 2332 ,

567 2375 765 2463 CXXVIII
1115 2359 1150 2419 in
1170 2377 1233 2436 quo
1254 2360 1385 2424 luerant
1409 2363 1602 2438 priusquam
1617 2364 1689 2439 ipse
1704 2363 1835 2424 venerit
1848 2363 1898 2421 Bi·
1963 2371 1964 2394 ¹

1116 2458 1570 2520 suutiumrernauereut.Nos
1582 2460 1693 2536 itaque
1704 2460 1744 2520 ad
1755 2459 1901 2536 tranquil·
1963 2477 1964 2504 ³

326 2537 1001 2610 aammmmmmmammmma
1115 2553 1899 2634 mmmumoemammmmmmmmm
1963 2553 1964 2558 ‘

457 2638 660 2696 Galwiiisslim
680 2637 870 2710 Ltnpooco.
1115 2651 1182 2712 bita
1207 2653 1431 2715 sollicitudine
1467 2656 1693 2726 intendentes,
1720 2655 1898 2716 discretioni

528 2775 564 2834 20
576 2755 709 2832 sebfflap'p
724 2776 802 2834 lili.
1115 2753 1246 2823 vestrae,
1271 2751 1311 2812 de
1330 2754 1502 2829 utriusque
1526 2754 1629 2830 partis
1660 2757 1899 2830 procuratorum

1115 2864 1267 2922 assensu,
1281 2866 1340 2926 per
1354 2851 1546 2927 Apostolica
1562 2852 1685 2929 scripta
1703 2852 1896 2921 mandamus,
1963 2875 1964 2880 ¹

1115 2949 1277 3023 quatenus
1297 2949 1484 3010 Bisuntium
1509 2950 1730 3026 personaliter
1749 2950 1898 3011 accedeu-

266 3035 380 3096 hiaudet
404 3043 434 3092 ut
455 3033 483 3090 in
505 3047 591 3091 causa
611 3035 684 3090 iuter
702 3033 842 3091 decanum
863 3042 890 3091 ol
905 3036 1059 3106 capitulum
1114 3047 1173 3116 teg,
1189 3045 1228 3105 de
1247 3047 1388 3122 pristim
1414 3047 1512 3120 statu,
1531 3049 1564 3108 et
1578 3049 1723 3125 antiquis
1739 3049 1771 3109 ep
1787 3063 1897 3125 apppo.

300 3127 328 3182 S·
345 3123 483 3224 J⁰hfff¹¹¹¹i⁸
498 3123 636 3180 mimum·
654 3138 688 3178 ⁰x
702 3137 756 3224 ⁰9³
771 3131 861 3224 Pam)
878 3131 905 3179 0¹
919 3123 1059 3179 dssssffifflm
1113 3142 1199 3203 batis
1213 3143 1507 3205 consuetudinibus
1519 3146 1607 3206 inter
1618 3145 1707 3222 ipsas
1719 3145 1897 3206 ecclesiast

299 3221 329 3271 ⁰²
354 3213 509 3286 ⁰³p¹²¹¹¹¹¹¹¹¹
536 3213 564 3270 S·
590 3211 726 3283 s‘el’hssm
746 3214 885 3269 mmmm·
912 3227 947 3268 ex
971 3213 1058 3270 ⁰¹²⁰OE
1113 3240 1221 3316 longis
1234 3243 1322 3303 retro
1333 3243 1537 3319 temporibus
1553 3242 1750 3316 observatis
1764 3243 1899 3321 inquiru-

301 3300 466 3375 mmm
1113 3341 1964 3408 mmmwmmammmm,

304 3438 482 3508 Honorius,
513 3437 588 3508 etc,
626 3435 870 3497 venerabilibus
902 3437 1058 3499 iratribus
1113 3439 1245 3509 statum,
1262 3437 1296 3498 iu
1326 3454 1390 3515 quo
1416 3441 1512 3499 erant
1535 3437 1666 3515 quaudo
1696 3439 1896 3516 supradictus

263 3534 619 3608 Valentin.,Sedunen.
632 3535 796 3612 episcopis
810 3535 842 3596 et
855 3535 975 3597 dilecto
990 3535 1058 3596 lilio
1113 3536 1242 3612 legatus
1271 3535 1438 3597 civitatem
1466 3535 1549 3597 adiit
1571 3536 1770 3608 Bisuutium,
1801 3535 1900 3613 appel·

197 3657 198 3660 *
264 3636 426 3699 canonico
442 3635 625 3709 Lingoneu.
1112 3634 1235 3696 latione
1246 3635 1382 3705 remota,
1396 3633 1424 3694 si
1438 3649 1510 3711 quae
1532 3649 1632 3711 super
1644 3634 1697 3695 his
1713 3634 1898 3696 inveneritis
1963 3683 1964 3710 ξ

302 3733 420 3795 Dilecti
442 3732 501 3793 dlii
523 3732 668 3792 decanus
684 3732 717 3792 et
731 3731 913 3808 capitulum
939 3733 971 3792 S.
995 3734 1055 3794 Jo-
1112 3732 1228 3794 illicite
1242 3731 1413 3804 attentata,
1431 3733 1605 3810 postquam
1619 3731 1707 3793 idem
1723 3733 1850 3809 legatus
1864 3731 1898 3792 ah
1963 3725 1964 3750 ³

262 3831 383 3894 hannis
405 3829 567 3891 Bisuntin.
586 3845 679 3890 suam
702 3829 743 3890 ad
765 3845 824 3888 nos
840 3831 1057 3890 transmisere
1112 3829 1226 3890 eadem
1242 3829 1378 3891 civitate
1394 3831 1557 3902 discessit,
1573 3847 1648 3892 cum
1661 3845 1703 3892 ne
1718 3832 1798 3908 quid
1813 3830 1899 3892 ucri-

263 3929 450 4008 querelam,
475 3927 560 4004 quod
582 3927 728 3987 decanus
755 3929 787 3989 et
813 3927 995 4005 capitulum
1021 3931 1055 3988 S.
1111 3928 1188 3990 tatis
1201 3929 1441 4004 praesumerent
1453 3927 1514 3988 suh
1528 3943 1625 4004 poena
1641 3931 1897 3990 excommunica·
1963 3955 1964 3972 2

263 4026 425 4104 Stephani
457 4025 621 4085 Bisuntin.
654 4039 754 4100 super
782 4041 846 4083 usu
874 4025 1056 4086 coemeterii
1111 4025 1211 4088 tionis
1235 4025 1529 4088 sueritiuhihitum
1551 4041 1610 4104 per
1634 4026 1802 4100 eumdem,
1823 4025 1897 4087 sicul

264 4125 327 4195 sui,
341 4125 373 4184 et
387 4121 486 4184 rebus
499 4121 575 4180 aliis
591 4121 681 4196 ipsos
697 4124 880 4196 aggravant
896 4123 1057 4199 multipli-
1111 4125 1145 4183 iu
1175 4123 1280 4200 ipsius
1315 4123 1436 4185 litteris
1471 4123 1700 4200 perspeximus
1731 4124 1894 4190 contineri,

266 4223 350 4284 citer
368 4223 401 4282 et
420 4218 607 4282 molestant.
625 4220 826 4279 Procurator
840 4235 918 4280 vero
938 4221 1055 4282 decani
1111 4221 1255 4282 audiatis
1290 4237 1389 4298 super
1413 4222 1596 4298 praemissis
1624 4239 1698 4300 quae
1726 4221 1805 4284 hiuc
1830 4221 1897 4282 iude

262 4323 296 4384 et
309 4317 446 4398 capituli
463 4319 495 4378 S.
513 4316 672 4392 Stephani
693 4315 857 4377 Bisuntin.
885 4317 1005 4379 litteris
1020 4319 1055 4379 in
1111 4319 1267 4380 duxerint
1278 4319 1503 4396 proponenda,
1518 4321 1551 4381 et
1566 4335 1713 4392 causam,
1732 4321 1761 4382 si
1777 4320 1818 4382 de
1829 4334 1898 4397 par-

260 4417 428 4482 audientia
441 4414 571 4493 publica
584 4413 814 4475 contradicens
829 4414 1000 4490 proposuit
1013 4432 1056 4477 ex
1110 4418 1192 4478 tium
1212 4417 1380 4478 voluntate
1406 4418 1616 4494 processerit,
1635 4417 1700 4478 line
1715 4418 1824 4480 debito
1839 4419 1899 4478 ter-

261 4517 413 4587 edverso,
431 4513 517 4591 quod
542 4513 687 4574 decanus
711 4512 744 4573 et
765 4512 916 4573 canonici
942 4515 973 4574 S.
998 4517 1056 4575 Jo-
1110 4515 1263 4589 minetis;
1281 4515 1429 4592 alioquin
1452 4515 1560 4592 ipsam
1580 4515 1620 4576 ad
1644 4531 1704 4577 nos
1728 4515 1896 4577 remittatis

261 4613 382 4677 hannis
393 4616 470 4689 jure
486 4610 620 4688 proprio
640 4625 707 4672 non
729 4610 885 4682 conteuti,
903 4611 944 4670 ad
966 4612 1055 4671 alio·
1110 4611 1896 4690 sufficienlerinstructam,praefigentesparuhus

259 4711 436 4788 riumjura
452 4709 581 4770 inhiant
601 4708 802 4784 usurpanda,
819 4709 896 4769 dum
912 4725 977 4769 non
1000 4725 1055 4770 so·
1109 4712 1287 4771 terminum
1311 4711 1560 4788 competentem,
1587 4727 1652 4788 quo
1683 4713 1819 4788 propter
1841 4711 1895 4770 hoc
1963 4771 1964 4780 ,

260 4811 329 4871 lum
348 4806 588 4884 supercapella
608 4806 720 4866 Sancti
744 4807 893 4881 liugand,
915 4823 1052 4883 proces·
1108 4809 1299 4886 Apostolico
1342 4825 1378 4871 se
1418 4809 1611 4886 conspectui
1653 4809 1894 4886 representem,
1963 4795 1964 4808 ¹

261 4906 423 4977 sionibus,
441 4903 636 4982 quibusdam
658 4903 807 4971 decimis,
821 4905 1053 4965 etrehusaliis
1104 4909 1241 4984 justam,
1268 4907 1366 4968 dante
1391 4907 1541 4980 Domino,
1566 4908 1764 4969 sententiam
1789 4921 1896 4981 recep-

261 5004 413 5067 ecclesiae
457 5001 570 5062 Sancti
606 5001 764 5077 Stephani
800 5004 876 5063 sunt
911 5003 1051 5075 molesti,
1108 5007 1202 5066 turae.
1226 5005 1338 5065 Testes
1360 5005 1480 5078 autem,
1504 5008 1567 5066 etc.
1585 5005 1678 5079 Quod
1698 5007 1726 5066 si
1746 5022 1812 5067 uon
1831 5019 1896 5066 om-
1963 5025 1964 5028 ¹

260 5119 376 5166 verum
411 5101 510 5163 etiam
547 5100 661 5161 contra
696 5099 863 5175 privilegii
905 5103 1053 5163 tenorem
1109 5119 1178 5175 nes,
1195 5103 1270 5175 etc,
1287 5117 1353 5162 non
1374 5103 1527 5164 obstante
1545 5105 1780 5166 constitutione
1799 5095 1896 5179 geue-¹

261 5203 367 5263 eidem
382 5199 532 5262 ecclesiae
543 5197 583 5258 ab
594 5196 782 5274 apostolica
795 5197 878 5258 Sede
890 5199 1050 5272 concessi,
1108 5201 1189 5260 ralis
1220 5201 1375 5274 concilii,
1402 5217 1467 5279 qua
1492 5203 1629 5264 caretur
1652 5219 1694 5262 ne
1716 5201 1789 5278 quis
1815 5201 1893 5260 ultra

260 5301 292 5362 et
307 5300 421 5360 contra
435 5294 636 5358 venerahilis
659 5295 773 5356 fratris
798 5297 902 5356 nostri
917 5299 950 5356 C.
966 5300 1051 5358 Por·
1108 5299 1189 5360 duas
1205 5300 1320 5361 diaetas
1339 5302 1433 5362 extra
1459 5315 1554 5361 suam
1577 5299 1746 5362 dioecesim
1764 5299 1826 5360 nisi
1842 5311 1895 5374 per

259 5401 349 5461 tuom
365 5396 522 5474 episcopi,
535 5397 613 5456 tunc
623 5393 820 5471 Apostolicae
832 5395 926 5456 Sedis
938 5395 1049 5471 legati,
1107 5397 1235 5459 litteras
1246 5399 1452 5474 apostolicas
1466 5397 1678 5475 adjudicium
1689 5397 1777 5460 trahi
1786 5395 1891 5474 possit.

259 5496 476 5574 praeceptum‚
500 5493 535 5553 in
560 5492 701 5571 quodam
724 5493 797 5553 loco
823 5493 960 5570 profano
989 5505 1051 5554 usu
1107 5498 1224 5557 Datum
1249 5497 1418 5567 Laterani,
1444 5497 1474 5557 X
1496 5496 1658 5557 kalendas
1674 5495 1794 5568 martii,
1811 5507 1892 5555 anno

259 5593 451 5664 cmmeterii,
474 5591 558 5670 qrrod
586 5607 651 5652 non
680 5589 817 5662 habent,
847 5607 907 5652 nec
933 5591 1053 5654 debent
1106 5596 1233 5655 octavo.
1963 5577 1964 5588 ¹

297 2899 669 2968 [aegest.,lih.v111,ep.238.
684 2901 740 2951 uss.
750 2901 786 2952 ua
798 2901 871 2951 rora
886 2901 920 2951 cu
934 2901 1028 2964 raca]
