4002 6326
89 290 141 350 313
681 287 911 352 EPISTOLAE.
934 292 1012 352 LIB.
1035 295 1106 356 vll.
1219 327 1220 330 ¹
1655 305 1715 368 314

88 447 188 510 diante
211 445 393 509 venerabili
425 445 528 510 tratre
562 447 677 512 nostro
710 448 865 526 episcopo
919 453 1151 530 pervenerunt,
1166 453 1224 516 ubi
1233 457 1407 520 animabus
1421 459 1616 537 glorificatis
1630 461 1711 525 ieli-

82 541 267 602 111111111.
294 541 327 604 11
343 541 474 604 dilectis
494 541 572 602 tiliis
594 545 631 604 B.
647 543 749 603 Esino
767 543 800 604 et
820 545 864 604 M.
921 550 1004 610 citer
1018 551 1136 613 stolam
1150 555 1291 630 primam
1313 556 1435 635 adepti,
1458 559 1661 622 confidentes
1675 561 1711 624 in

88 637 290 700 Faventinen.
318 639 489 700 canonicis
513 639 735 702 amicabiliter
761 639 867 702 inter·
920 645 1014 707 illum
1026 648 1218 726 intelligunt
1230 654 1415 728 1111111111,
1437 657 1470 718 et
1484 655 1597 718 1111111
1610 659 1646 720 11
1659 658 1713 719 di·-

86 737 177 808 venit,
204 735 290 799 sicut
312 736 384 798 sine
398 737 563 812 pravitate
587 752 654 814 pax
676 736 754 798 inde
779 735 866 798 iacta
920 743 1062 806 lectione
1085 749 1299 824 acquiescunt
1317 751 1425 814 eidem
1449 754 1627 816 secundam
1642 758 1714 818 sto·

86 835 139 904 est,
161 832 193 895 et
219 831 259 893 ab
275 833 415 912 utraque
436 836 531 910 parte
544 835 660 911 sponte
675 835 819 911 recepta,
835 833 867 898 11
921 839 987 902 lam
1004 841 1134 904 felicius
1150 845 1319 923 adepturi;
1336 849 1466 926 quando
1487 852 1615 914 scilicet
1626 853 1714 914 inci-

86 930 233 990 bactenus
257 930 395 1006 pacifice
417 929 605 1004 observata,
634 931 667 993 et
685 931 722 992 in
741 931 867 993 111111-
921 939 1037 1002 ncrata
1050 957 1138 1004 nunc
1151 959 1290 1021 corpora
1305 946 1522 1022 glorificanda
1537 950 1713 1026 resurgent

85 1027 184 1087 mento
222 1026 300 1087 inde
335 1026 485 1090 coniecto
509 1028 639 1106 plenius
667 1029 865 1100 00ntinetur2
921 1036 1715 1124 1111111,1111111111,111111111111111-

85 1122 268 1185 auctoritate
290 1123 481 1200 apostolica
505 1124 751 1187 confirmamus.
774 1125 866 1188 Nulli
920 1135 1019 1212 petuo
1041 1151 1115 1196 cum
1128 1139 1267 1200 Domino
1282 1144 1478 1216 regnatura.
1501 1145 1537 1204 ln
1553 1148 1647 1220 cujus
1661 1143 1713 1206 rei

84 1235 153 1296 ergo
167 1221 300 1281 omnino
315 1221 487 1282 nominum
501 1222 601 1284 liceat
611 1223 697 1284 hanc
708 1222 865 1300 paginam
921 1231 1214 1308 evidentissimum,
1229 1237 1263 1298 et
1277 1237 1466 1302 intailliblle
1482 1243 1713 1317 argumentum

84 1319 195 1378 uostrae
221 1317 484 1380 confirmationis
514 1319 720 1396 intringere,
751 1321 805 1382 vel
834 1320 866 1382 ei
920 1330 1086 1406 gloriosus
1114 1334 1284 1408 Dominus,
1315 1353 1455 1413 quorum
1484 1340 1612 1400 animas
1641 1343 1714 1418 jam

84 1429 158 1475 ausu
172 1414 349 1476 temerario
360 1416 538 1477 contraire.
548 1417 582 1478 Si
594 1417 668 1494 quis
683 1417 794 1480 autem
802 1417 865 1480 boc
919 1427 1119 1504 glorificavit
1138 1431 1173 1490 in
1194 1432 1288 1502 coelo,
1311 1450 1558 1512 nonnumquam
1573 1453 1713 1515 corpora

84 1511 236 1573 amintam
249 1513 510 1590 Praesflmllserib
524 1513 789 1592 indigssfltlffllffln
800 1529 867 1575 om·
920 1524 1056 1588 interra
1072 1527 1234 1590 clarificat
1247 1529 1374 1593 faciens
1389 1547 1440 1600 ea,
1457 1534 1554 1609 quasi
1568 1535 1711 1609 partici-

83 1609 251 1684 nipotentis
277 1609 337 1670 Dei
358 1625 398 1670 ac
421 1609 593 1672 beatorum
608 1612 699 1674 Petri
716 1611 749 1676 11
769 1612 867 1673 Pauli
921 1623 1034 1698 pantia
1065 1623 1186 1686 divinae
1216 1626 1351 1701 gloriae,
1381 1628 1503 1690 divinis
1541 1633 1714 1694 miraculis

83 1705 296 1782 apostolorum
325 1708 398 1784 eJus
426 1723 462 1768 se
487 1709 617 1770 noverit
639 1709 864 1771 incursurum·
921 1734 1107 1794 coruscare,
1127 1722 1245 1799 quibus
1266 1724 1306 1785 ad
1322 1727 1571 1788 venerationem
1588 1730 1636 1790 eis
1651 1729 1713 1792 de-

83 1803 190 1864 Datum
227 1805 397 1877 Laterani,
426 1807 456 1867 ΙΙ
489 1821 594 1868 nonas
623 1806 752 1883 aprilis.
777 1821 866 1868 anno
919 1815 1022 1878 bitam
1042 1819 1278 1894 exhibendam,
1302 1839 1480 1900 eorumque
1504 1825 1714 1902 imploranda

83 1901 222 1978 septimo.
514 1897 527 1926 ⁸
921 1913 1092 1992 suiibagia,
1119 1919 1235 1980 merito
1258 1919 1448 1982 invitemur.
1473 1922 1712 1999 1111111111-

921 2029 993 2074 mus
1013 2013 1048 2074 in
1062 2016 1212 2089 Domine,
1225 2017 1258 2078 et
1271 2018 1306 2077 in
1320 2021 1391 2096 ejus
1406 2019 1560 2080 laudibus
1574 2020 1714 2083 delecta-

921 2126 1014 2187 mur3
1040 2113 1125 2189 quod
1151 2113 1237 2177 sicut
1256 2116 1458 2176 venerabilis
1472 2117 1576 2179 irater
1599 2119 1713 2181 noster

418 2223 519 2312 XCV
921 2209 1201 2288 archiepiscopus,
1225 2213 1258 2274 et
1283 2211 1395 2275 dilecti
1418 2214 1478 2274 lilii
1507 2214 1663 2289 decanus,
1680 2217 1715 2280 et

922 2306 1102 2383 capitulum
1117 2307 1311 2382 Eboracea,
1335 2325 1396 2372 nec
1416 2327 1482 2372 non
1500 2314 1713 2390 quamplures

81 2392 127 2452 Ad
138 2394 332 2467 episcovum
348 2394 543 2466 Εῑνθηδθῄὶ»
562 2393 595 2454 el
614 2395 655 2454 de
668 2395 818 2454 thoallc
833 2393 867 2454 61
921 2403 1137 2466 ecclesiarum
1161 2407 1291 2482 praelati
1312 2407 1352 2468 de
1379 2408 1528 2485 partibus
1553 2410 1619 2472 illis
1644 2411 1714 2472 suis

270 2492 312 2550 de
330 2490 495 2551 Fontibus
518 2491 666 2552 abbate&
921 2501 1017 2563 nobis
1032 2503 1152 2564 litteris
1166 2504 1292 2582 pluries
1307 2504 1515 2580 intimarunt,
1530 2507 1638 2569 felicis
1657 2525 1715 2570 re-

354 2619 372 2677 5
386 2619 483 2692 aprilis
504 2619 583 2678 liii.
923 2600 1125 2662 cordationis
1159 2602 1359 2664 Wilbelmus
1395 2605 1560 2681 quondam
1589 2605 1717 2668 Ebora-

172 2741 251 2807 [aun.
266 2743 341 2794 aem.
365 2741 519 2792 edicmur.
543 2742 647 2794 blase
670 2743 761 2808 m]
923 2697 1031 2758 censis
1061 2697 1331 2778 archiepiscopus
1358 2700 1451 2765 tanta
1477 2703 1593 2764 vivens
1622 2703 1717 2767 fulsit
1805 2757 1810 2766 ,

344 2779 352 2802 ’
524 2780 530 2801 ’
578 2779 586 2802 ’
649 2781 657 2802 ’
922 2795 1031 2870 gratia
1059 2797 1263 2870 meritorum,
1289 2798 1375 2875 qued
1400 2799 1474 2876 post
1496 2799 1625 2862 salicem
1643 2805 1715 2878 ejus

923 2893 1063 2964 obitum,
1096 2892 1137 2953 ad
1171 2895 1407 2957 ostendendam
1442 2898 1547 2975 ipsius
1575 2899 1716 2974 gloriam

923 2991 1109 3052 sanctitatis
1136 2993 1296 3053 Dominus
1329 2994 1370 3054 ad
1403 2995 1615 3071 sepulchrum
1644 2999 1717 3073 ejus

114 3092 280 3152 Honorius
290 3091 476 3168 episcopua,
486 3106 603 3154 servus
614 3079 786 3153 sorvorum
795 3093 866 3165 Dei,
923 3088 1037 3161 multa,
1055 3089 1088 3151 et
1101 3105 1221 3164 magna
1235 3090 1396 3153 miracula
1409 3094 1577 3169 operatur.
1592 3096 1717 3156 Verum

80 3188 258 3249 venerabili
272 3188 368 3250 fratri
384 3189 539 3266 episcopo
549 3190 684 3266 Elyensi
695 3190 728 3250 et
739 3190 868 3251 dilectis
923 3185 1002 3248 licet
1016 3188 1200 3264 opportune
1213 3189 1402 3265 importune
1416 3190 1511 3252 nobis
1524 3191 1603 3254 totis
1618 3192 1733 3254 affec·-

80 3283 151 3346 filiis
174 3286 215 3348 de
230 3285 393 3348 Fontibus
415 3286 503 3347 etde
523 3287 676 3349 Rievalle
695 3286 868 3349 abbatibus
923 3282 1010 3345 tibus
1026 3284 1267 3362 supplicarunt,
1284 3287 1320 3348 ut
1344 3303 1419 3348 cum
1441 3288 1579 3350 lucerna
1594 3306 1661 3350 non
1676 3285 1720 3350 111

81 3381 304 3446 cisterciensis
313 3383 451 3456 ordinis,
468 3383 688 3446 Eboracensis
702 3384 866 3458 dioecesis
923 3382 1075 3459 ponenda
1091 3382 1283 3456 submodio,
1298 3385 1355 3446 111
1367 3401 1469 3463 super
1480 3386 1719 3448 candelabrum

78 3479 211 3542 salutem
225 3481 263 3542 et
275 3481 500 3557 Apostolicam
521 3481 798 3545 benedictionem.
924 3478 1109 3553 statuenda,
1126 3495 1213 3554 eum,
1231 3497 1328 3559 quem
1341 3483 1501 3544 Dominus
1523 3483 1665 3546 honorat
1683 3485 1719 3546 in

114 3577 240 3639 Divinae
268 3577 471 3654 dispensatio
499 3578 650 3654 pietatis,
679 3593 752 3655 quae
780 3595 869 3640 nunc
923 3578 1074 3640 Ecclesia
1084 3577 1313 3656 triumphanti,
1326 3595 1386 3642 nos
1396 3581 1431 3641 in
1442 3581 1599 3644 militanti
1609 3581 1721 3643 Eccle-

13 3693 14 3698 ¹
79 3673 274 3735 terribilium
286 3689 423 3735 suorum
438 3674 577 3736 virtutes
590 3676 870 3754 ostendensquasi
925 3673 974 3733 sia
988 3673 1188 3744 sanctorum,
1206 3673 1356 3749 catalogo
1371 3673 1562 3735 adscribere
1580 3674 1720 3736 debere-

80 3771 271 3847 quibusdam
300 3772 420 3844 minis,
455 3773 488 3834 11
514 3772 798 3849 increpationibus
826 3773 868 3834 ad
924 3787 1010 3842 mus,
1025 3785 1086 3832 nos
1107 3770 1229 3842 tamen,
1246 3771 1383 3847 provide
1398 3771 1615 3844 attendentes
1631 3773 1716 3850 quod

81 2863 240 2923 Commissio
260 2865 452 2938 inquisitionis
471 2881 556 2940 snper
576 2866 645 2936 vita,
670 2873 698 2924 et
722 2866 868 2925 miraculis

175 2955 324 3014 Wilbelmi
340 2953 546 3028 archiepiscopi
561 2955 760 3012 Eboracensis.

80 3869 303 3943 poenitentiam
325 3869 468 3931 conterit
488 3870 793 3946 peccatores,nunc
809 3885 871 3932 an·
925 3869 960 3929 in
972 3869 1040 3931 tam
1054 3867 1168 3929 sancto
1182 3868 1314 3944 negotio
1328 3884 1393 3929 non
1407 3871 1467 3942 111,
1478 3869 1543 3930 1111
1556 3885 1630 3931 cum
1646 3885 1720 3932 ma·
1828 3928 1829 3931 ,

80 3965 139 4025 iem
162 3981 230 4028 suae
254 3965 432 4028 suavitatis
447 3965 685 4028 abundantiam
707 3965 869 4028 exhibens
924 3966 1059 4028 turitate
1072 3965 1216 4043 plurima
1230 3965 1486 4043 procedendum,
1501 3967 1543 4028 ad
1558 3969 1719 4045 majorem

81 4063 229 4140 tanquam
253 4061 438 4135 blanditiis,
464 4064 497 4125 et
511 4063 683 4140 promissis
704 4063 871 4142 quoslibet
926 4064 1127 4128 evidentiam
1152 4064 1304 4126 veritatis
1322 4064 1516 4127 discretioni
1538 4069 1659 4128 vestrae
1679 4067 1719 4129 de

82 4159 117 4220 ad
142 4161 265 4223 Christi
294 4159 400 4222 allicit
420 4161 604 4234 caritatem,
628 4177 701 4238 quae
720 4161 799 4223 totis
821 4163 871 4224 est
925 4180 990 4241 qua
1000 4163 1133 4240 plenam
1145 4161 1181 4222 in
1197 4162 1337 4224 Domino
1352 4162 1508 4224 fiduciam
1518 4149 1716 4238 obtinemus,

82 4257 247 4320 effectibus
277 4274 297 4318 a
323 4258 453 4320 cunctis
487 4258 639 4320 fidelibus
666 4259 867 4322 veneranda.
925 4259 1185 4339 perApostolica
1200 4259 1541 4336 scriptamandamus‚
1557 4265 1719 4338 quatenus

82 4355 189 4432 Nuper
215 4371 363 4432 namque
388 4357 424 4416 in
443 4354 595 4432 pluribus
610 4357 692 4418 locis
712 4359 871 4419 Dominus
925 4359 1085 4421 babentes
1111 4373 1179 4435 prae
1202 4358 1307 4420 oculis
1323 4358 1429 4419 solum
1445 4361 1559 4430 Deum,
1576 4359 1633 4435 qui
1652 4339 1719 4421 161

83 4453 198 4514 terram
223 4453 383 4528 ungens,
410 4453 442 4515 et
473 4452 601 4514 iaciens
630 4469 703 4515 eam
729 4454 871 4517 tremere
925 4456 1053 4532 indiget
1081 4454 1264 4516 mendaciis
1293 4454 1447 4530 alicujus,
1473 4455 1540 4515 tam
1568 4455 1608 4516 de
1635 4455 1717 4530 vita,

82 4551 195 4614 multos
210 4551 398 4613 conterruit
410 4549 452 4612 ad
469 4550 666 4624 salutemet
680 4552 715 4612 in
730 4552 871 4614 diversis
926 4571 1032 4632 qnam
1046 4553 1087 4614 de
1106 4551 1277 4614 miraculis
1292 4551 1399 4612 sancti
1416 4550 1565 4627 praedicti
1584 4553 1721 4629 perqui-

84 4648 225 4722 partibus
254 4663 342 4710 nova
366 4647 529 4710 miracula
557 4649 733 4722 suscitans,
758 4651 871 4713 multis
925 4653 1037 4714 rentes
1063 4649 1205 4711 sollicite
1222 4649 1407 4720 veritatem,
1431 4665 1504 4726 quae
1522 4647 1720 4713 inveneritis

84 4745 194 4808 salutis
219 4745 346 4823 gaudia
369 4745 501 4808 coelitus
525 4745 699 4822 irrogavit.
722 4749 765 4808 Ut
783 4747 871 4810 enim
926 4765 987 4826 per
1011 4751 1139 4810 vestras
1164 4746 1259 4806 nobis
1276 4745 1404 4807 litteras
1428 4746 1600 4820 intimetis
1627 4749 1662 4810 ut
1676 4763 1720 4811 ex

85 4840 173 4904 tidem
199 4843 359 4905 Ecclesiae
381 4859 449 4904 111
473 4843 608 4906 roboret
629 4845 663 4906 et
688 4845 870 4918 confirmet,
926 4846 1040 4909 vestra
1063 4844 1227 4906 relatione
1246 4841 1451 4906 sufficienter
1470 4843 1624 4906 instructi
1640 4861 1719 4922 pro·

85 4952 168 5015 spem
182 4941 293 5018 erigat
308 4941 341 5002 et
361 4940 495 5013 exaltet,
516 4941 689 5003 caritatem
704 4943 874 5004 continuet
928 4944 1083 5006 cedamus
1111 4940 1242 5013 exinde,
1274 4943 1371 5017 prout
1403 4941 1584 5002 secundum
1615 4945 1719 5004 Deum

85 5037 114 5096 et
126 5037 297 5110 accendat,
310 5038 347 5099 ut
361 5036 509 5099 confutet
522 5039 719 5115 pravitatem
732 5040 871 5102 baereti-
926 5040 1109 5103 viderimus
1120 5038 1374 5116 procedendum.
1388 5037 1479 5110 Quod
1491 5039 1520 5098 si
1531 5054 1597 5100 non
1606 5053 1720 5101 omnes

85 5147 162 5207 cam,
191 5134 338 5212 perfidos
353 5134 393 5196 ad
406 5133 496 5196 viam
512 5135 652 5198 advocet
662 5136 826 5210 veritatis,
841 5137 874 5199 et
928 5139 962 5199 in
990 5135 1211 5214 exsequendis
1239 5136 1413 5212 potueritis
1446 5136 1627 5208 interesse,
1655 5136 1720 5200 duo

85 5229 120 5289 ad
140 5231 370 5308 poenitentiam
381 5233 516 5294 revocet
530 5234 734 5310 peccatores,
751 5234 872 5295 1111111-
926 5235 1074 5298 vestrum
1099 5250 1138 5296 ea
1166 5233 1384 5295 nihilominus
1402 5233 1637 5311 exsequantur.
1653 5236 1721 5296 Da-

85 5328 279 5391 catsanctos
298 5343 389 5396 suos,
414 5329 470 5405 qui
490 5329 636 5406 legitime
651 5331 816 5394 certantes
838 5331 872 5393 11
927 5335 997 5395 tum
1021 5331 1189 5404 Laterani,
1216 5331 1315 5393 nonis
1342 5331 1474 5408 apriliS,
1510 5329 1719 5407 pontificatus
1756 5362 1760 5386 ι

86 5421 143 5486 bac
157 5427 308 5489 Ecclesia
322 5426 479 5490 militanti
495 5427 537 5488 ad
550 5427 719 5491 coelestam
730 5429 872 5506 patriam
928 5429 1033 5492 nostri
1047 5444 1135 5492 anno
1146 5429 1296 5506 septimo.
