3948 6326
65 361 114 422 cul
644 362 872 422 EPISTOLAE.
897 364 974 424 LIB.
998 364 1083 426 VIII.

65 519 155 581 tinnis
167 520 199 581 et
208 517 428 593 inhibitionis,
436 519 497 581 etc.
509 519 544 580 Si
557 520 631 596 quis
642 521 763 593 autem,
776 520 837 582 etc.

97 617 208 677 Datum
230 617 397 689 Laterani,
424 619 580 678 linones
602 615 731 694 aprilis,
752 633 839 680 anno

64 714 178 775 octavo.

331 942 555 1030 CLXXXVI

72 1083 120 1144 Ad
130 1084 300 1146 rectorem
316 1086 351 1146 et
364 1086 497 1159 tratres
515 1089 635 1148 domus
649 1085 834 1160 hosptialis·

324 1183 362 1243 tn
386 1185 559 1244 Vrtbercit.

330 1301 459 1386 tapriIis
475 1313 553 1371 tiit.

198 1437 328 1502 [Chromin.
339 1435 368 1488 G.
382 1437 497 1516 wiliach.
509 1437 638 1496 unchen..
651 1438 685 1503 l.]

59 1555 195 1612 Rectorem
212 1562 241 1612 et
256 1554 357 1612 iratres
371 1555 474 1613 domus
492 1554 640 1628 hospitalis
654 1556 684 1612 in
701 1553 839 1624 vriherch

103 1658 165 1700 cum
179 1643 313 1702 omnibus
326 1643 409 1701 bonis
423 1644 643 1718 patrocinandos
656 1644 783 1718 suscipit.

91 1769 254 1830 Honorius
265 1769 836 1846 episcopusservusservorumliei‚

58 1865 174 1928 dilectis
185 1866 266 1927 tiliis
281 1867 402 1928 rectori
418 1867 450 1929 et
464 1866 623 1928 tratribus
638 1867 754 1928 domus
765 1867 839 1928 hos·

57 1963 156 2038 pitalis
170 1963 205 2024 in
220 1963 394 2035 Vriberch,
410 1963 562 2035 salutem,
580 1965 641 2024 etc.

92 2060 175 2122 Solet
199 2077 349 2122 annuere
372 2060 474 2122 Sedes
488 2060 679 2137 apostolica
694 2061 759 2136 piis
773 2077 836 2122 vo-

58 2157 93 2218 tis
116 2159 147 2218 et
170 2157 322 2220 honestis
352 2158 535 2235 patentium
565 2157 720 2235 precibus
739 2157 837 2220 faro-

56 2269 116 2314 rem
128 2253 326 2316 benevolum
337 2255 512 2332 impartiri.
520 2255 713 2332 Eapropter,
726 2255 837 2316 dilecti

57 2351 86 2411 ln
105 2351 242 2412 Domino
261 2350 335 2424 dlii,
352 2353 472 2415 vestris
487 2352 588 2429 jrrstis
609 2352 763 2429 precibus
780 2351 837 2413 in-

57 2447 170 2520 cttnati,
192 2464 357 2526 personas
371 2451 500 2511 vestras
520 2450 553 2512 et
575 2448 695 2521 locum,
715 2449 751 2510 in
773 2465 837 2526 quo

57 2544 157 2608 divino
170 2546 253 2610 estis
267 2545 426 2624 obsequio
439 2546 629 2624 manprati
645 2561 719 2608 cum
730 2546 839 2607 omni-

56 2639 107 2701 hus
119 2641 214 2705 honis
232 2659 304 2720 quae
325 2643 361 2704 in
381 2644 633 2720 praesentiarum
647 2643 836 2705 rationabi-

57 2737 123 2800 liter
135 2740 359 2817 possidentur,
376 2741 480 2802 autin
493 2740 640 2801 futurum
651 2741 751 2817 Justis
766 2757 838 2802 mo-

57 2834 110 2906 dis,
132 2837 313 2913 praestante
335 2837 485 2910 Domine,
509 2836 663 2914 poterunt
685 2837 835 2914 adipisci,

57 2932 108 2993 sub
121 2933 207 2996 haati
224 2934 316 2996 Petri
331 2935 365 2997 et
379 2936 491 2996 nostra
506 2933 711 3011 protectIone
725 2935 837 2994 susci-

58 3029 163 3106 pimus.
180 3030 378 3108 Spectaliter
391 3031 503 3093 autem
514 3031 643 3093 vestras
659 3031 838 3108 possessio·

57 3142 107 3188 nes
117 3129 221 3190 etalia
232 3128 321 3190 hona
332 3131 455 3200 restra,
468 3129 555 3191 sicut
564 3145 604 3191 ea
615 3129 725 3190 omnia
735 3128 835 3206 Juste,

57 3227 204 3288 canonice
224 3242 265 3288 ac
279 3225 418 3304 pacifice
433 3227 608 3302 possidetis
622 3225 716 3288 robis
731 3228 765 3287 et
779 3241 838 3302 per

57 3337 106 3382 ros
119 3324 224 3385 eidem
234 3323 393 3400 hospitali
406 3325 516 3385 vestro
528 3323 725 3386 auctoritate
737 3326 838 3400 Apos-

57 3418 143 3481 tolica
178 3421 429 3490 confirmamus,
460 3421 493 3482 at
520 3421 694 3496 praesentis
722 3420 837 3497 scripti

58 3517 219 3593 onvilegio
235 3518 488 3580 communimus.
503 3517 595 3579 Nulli
611 3533 690 3593 ergo
703 3517 837 3579 omnino

57 3611 214 3675 hominum
231 3615 331 3678 liceat
344 3614 431 3676 hanc
445 3613 602 3691 paginam
623 3614 744 3675 nostrae
759 3629 838 3690 pro-

56 3709 197 3773 tectionis
224 3711 259 3773 et
282 3711 543 3774 confirmationis
568 3709 763 3786 infringere,
783 3709 838 3771 vel

58 3806 84 3866 ci
97 3823 174 3869 ausu
188 3809 367 3870 temerario
388 3808 565 3870 contraire.
590 3809 625 3868 Si
641 3807 715 3884 quis
727 3807 837 3868 autern

57 3903 111 3965 hoc
122 3907 284 3967 attentare
303 3904 562 3982 praesumpserit‚
574 3904 837 3980 indignationem

57 4003 278 4080 omnipotentis
291 4002 351 4064 Dei
361 4003 394 4064 et
407 4001 579 4064 beatorum
590 4001 681 4063 Petri
695 4001 837 4078 etPauli

57 4101 269 4174 apostolorum
295 4101 366 4176 ejus
388 4115 425 4160 se
452 4099 584 4160 noverIt
611 4099 835 4160 incursurum.

57 4195 162 4256 natum
179 4195 349 4268 Laterani,
366 4195 463 4258 nonis
476 4193 835 4273 apriliapontinoatus

58 4294 150 4354 nostri
160 4307 251 4354 anno
266 4295 394 4355 octavo.

320 4538 564 4626 CLXXXVII

59 4679 102 4737 Ad
119 4682 273 4743 auectam
296 4681 330 4742 et
348 4681 551 4742 conventum
571 4681 612 4740 de
636 4681 835 4742 camberon.

228 4791 231 4798 ’
328 4811 456 4883 caprilis
477 4811 554 4868 lass.

72 4919 184 4984 fflcnum.
200 4939 267 4991 pour
278 4924 380 4976 serviri
393 4924 470 4974 l'hist.
482 4925 527 4975 des
536 4923 668 4989 provinces
678 4923 709 4974 de
720 4925 824 4984 Nemus,

293 5000 357 5044 tom,
366 4995 397 5052 11,
412 5008 431 5054 l,
443 4994 483 5054 Li,
497 5007 523 5046 n.
540 4995 590 5059 ll]

89 5109 141 5167 Eos
152 5125 217 5168 cum
228 5109 361 5168 omnibus
373 5109 457 5168 bonis
469 5109 660 5184 protegendos
674 5110 801 5183 anselpit.

1627 373 1689 435 602

896 521 1083 596 honestum,
1102 524 1171 585 tam
1190 525 1286 603 vigor
1309 527 1476 606 aequitatis
1492 544 1590 607 quam
1608 530 1689 594 ordo

895 619 1000 696 exigit
1011 621 1163 695 rationis
1176 624 1213 685 ut
1223 623 1257 684 id
1268 640 1328 701 per
1339 626 1596 692 sollicitudinem
1609 628 1687 690 oln-

895 716 939 777 cii
958 716 1064 778 nostri
1079 718 1120 778 ad
1141 718 1287 782 debitum
1302 723 1501 799 perducatur
1521 707 1687 788 effectum.

894 815 941 874 Ea
960 815 1103 891 propter,
1122 814 1233 878 dilecti
1256 817 1292 878 in
1314 819 1452 881 Domino
1473 821 1544 894 tilii,
1567 823 1688 886 vestris

890 911 990 987 Justis
1013 913 1293 987 postulationibus
1326 917 1420 992 grato
1451 909 1687 983 concurrentes

894 1023 1045 1082 assensu,
1067 1025 1226 1085 personas
1247 1014 1377 1074 vestras
1393 1016 1425 1075 et
1443 1015 1551 1078 locmn
1567 1018 1602 1077 in
1622 1033 1687 1093 quc

894 1104 1007 1166 divino
1023 1107 1102 1168 estis
1116 1107 1274 1185 obsequio
1286 1112 1478 1187 mancipati,
1493 1129 1567 1174 cum
1578 1116 1688 1175 omni-

893 1201 955 1262 bus
973 1201 1069 1264 bonis
1082 1220 1155 1281 quae
1174 1205 1209 1264 in
1230 1207 1482 1283 praesentiarum
1498 1209 1686 1270 rationabi-

894 1298 971 1360 liter
983 1299 1140 1376 possidet,
1153 1303 1211 1362 aut
1223 1303 1259 1362 in
1282 1303 1430 1364 futurum
1448 1305 1549 1381 justis
1569 1306 1686 1379 modis,

894 1397 1071 1471 praestante
1106 1399 1255 1470 Domino,
1281 1400 1402 1476 poterit
1440 1401 1590 1478 adipisci,
1625 1403 1685 1464 suh

893 1491 980 1554 beati
994 1494 1085 1554 Petri
1097 1483 1252 1556 etnostra
1261 1498 1464 1572 protecti0ne
1474 1499 1685 1582 suscipimus,

894 1589 1090 1665 Specialiter
1104 1593 1215 1654 autem
1230 1591 1336 1654 terras
1353 1594 1392 1654 de
1409 1595 1535 1668 Hulste,
1553 1612 1687 1672 posses-

894 1686 1004 1747 siones
1020 1687 1052 1749 et
1066 1703 1213 1761 nemora,
1228 1705 1247 1749 a
1263 1689 1362 1752 clarae
1381 1693 1549 1753 memoriae
1566 1693 1687 1754 Eusta-

892 1783 950 1855 tin,
960 1783 1093 1845 domino
1107 1785 1147 1846 de
1160 1785 1277 1858 Rodio,
1290 1788 1494 1850 monasterio
1507 1791 1618 1850 vestro
1629 1791 1685 1866 pia

893 1879 1093 1943 liberalitate
1115 1881 1246 1955 collata,
1270 1899 1399 1944 necnon
1416 1886 1483 1945 alia
1503 1884 1589 1946 bona
1608 1901 1686 1948 ves-

892 1977 955 2050 tra,
972 1979 1057 2040 sicut
1072 1994 1109 2040 ea
1126 1979 1236 2041 omnIa
1248 1982 1351 2057 justa,
1368 1982 1528 2044 canonice
1543 1997 1582 2043 ac
1592 1985 1686 2058 paci·

893 2073 954 2135 ilce
964 2075 1153 2152 possidetis,
1169 2076 1263 2138 vobis
1277 2079 1309 2139 at
1323 2095 1384 2155 per
1404 2095 1463 2141 vos
1482 2079 1685 2140 monasterio

892 2171 1002 2232 vestro
1024 2172 1222 2234 auctoritate
1244 2174 1434 2250 apostolica
1449 2175 1683 2236 confirmamus

892 2268 925 2329 et
945 2269 1119 2344 praesentis
1145 2270 1259 2346 scripti
1282 2271 1468 2348 patrocimo
1494 2271 1683 2334 communi-

892 2379 976 2426 mus.

932 2461 1024 2524 Nulli
1050 2478 1129 2539 ergo
1147 2465 1280 2526 omnino
1297 2465 1467 2526 hominum
1482 2465 1582 2527 liceat
1596 2465 1685 2527 hanc

892 2560 1048 2635 paginam
1089 2560 1212 2622 nostrae
1254 2562 1517 2623 confirmationis
1557 2560 1683 2624 inirin-

892 2672 981 2734 gare,
1006 2656 1059 2718 vel
1080 2657 1110 2718 ei
1135 2673 1219 2718 ausu
1245 2658 1423 2720 temerario
1445 2659 1622 2720 contraire.
1649 2661 1689 2732 Si,

892 2754 965 2830 quis
979 2754 1089 2814 autem
1101 2752 1164 2814 hoc
1176 2755 1341 2816 attentare
1352 2755 1610 2832 praesumpserit,
1627 2755 1682 2814 in-

893 2848 1118 2923 dignationem
1133 2849 1368 2925 omnipotentis
1384 2849 1441 2909 Dei
1456 2865 1495 2909 ao
1512 2849 1683 2911 beatorum

892 2945 983 3004 Petri
998 2945 1031 3005 et
1043 2944 1138 3004 Pauli
1152 2943 1386 3020 Apostolorum
1407 2946 1478 3020 ejus
1498 2961 1533 3005 se
1553 2945 1684 3006 noverit
1721 3023 1724 3032 ,

892 3041 1113 3102 incursurum.
1134 3042 1252 3103 Datum
1263 3039 1430 3114 Laterani,
1444 3041 1540 3102 nonis
1553 3040 1684 3120 aprilis,

892 3153 979 3198 anuo
994 3137 1122 3200 octavo.

1131 3421 1419 3553 'CLXXXVIII

912 3629 964 3686 Ad
976 3640 1145 3700 personas
1168 3626 1202 3686 et
1219 3628 1335 3686 vidam
1349 3625 1662 3698 Morcttsncssuloui.

1178 3771 1303 3845 8aprilis
1316 3771 1395 3829 last.

930 3913 1040 3978 [Tentat
1052 3915 1170 3978 Laycttes
1183 3912 1217 3962 du
1229 3915 1319 3963 Trdsor
1330 3912 1373 3962 des
1383 3911 1500 3971 Chattos,
1510 3911 1542 3972 ll,
1555 3926 1580 3976 p.
1589 3910 1645 3971 cir,

1227 4006 1253 4041 n.
1271 3991 1351 4056 lota]

928 4109 1039 4165 Litterae
1057 4107 1175 4166 lionorii
1190 4122 1272 4180 papae
1287 4109 1328 4165 ill
1348 4106 1460 4180 ouibus,
1482 4107 1518 4164 ad
1540 4107 1687 4179 exemplar

893 4202 982 4262 felicis
994 4205 1140 4261 memoriae
1150 4203 1310 4262 iunocentii
1325 4203 1543 4276 predecessoris
1558 4205 1611 4274 sui,
1624 4219 1686 4276 per·

892 4316 978 4358 sonas
1006 4307 1034 4358 et
1056 4301 1152 4359 villam
1176 4301 1436 4374 Monttspessulani,
1464 4314 1530 4356 oum
1555 4299 1687 4356 omnibus

893 4413 956 4470 quae
965 4398 1212 4471 inpresentiarum
1220 4397 1296 4468 juste
1307 4396 1453 4470 possident
1463 4403 1512 4453 aut
1524 4397 1552 4452 in
1563 4393 1687 4452 loturum

893 4502 958 4552 sunt
968 4495 1142 4567 acquisituri,
1155 4493 1208 4551 sub
1220 4493 1295 4552 beati
1311 4494 1386 4550 Petri
1401 4500 1430 4550 et
1443 4507 1494 4549 sua
1512 4491 1688 4565 protectione

893 4591 1021 4663 suscipit,
1042 4589 1233 4648 mediantibus
1254 4588 1365 4646 duabus
1384 4587 1508 4645 marchis
1528 4588 1589 4645 auri
1605 4586 1685 4660 (cen-

892 4695 953 4746 tum
980 4687 1194 4744 massamutinis
1220 4700 1271 4758 pro
1293 4698 1389 4742 marca
1411 4683 1633 4758 computandis),
1651 4683 1688 4741 ad

894 4791 1063 4858 perpetuum
1077 4782 1239 4841 devotionis
1259 4780 1407 4851 tudinium,
1423 4781 1490 4839 Sedi
1505 4780 1687 4854 Apostoliooe,

894 4880 1019 4953 quolibet
1038 4895 1122 4950 auno,
1143 4881 1173 4936 in
1193 4878 1265 4937 testo
1287 4879 1512 4938 Resurrectionis
1530 4877 1687 4966 Dominicis

894 4975 1099 5050 persolvendis.

933 5138 1051 5201 Datum
1072 5138 1238 5210 Laterani,
1254 5139 1298 5201 Vl
1316 5138 1390 5200 idus
1405 5137 1533 5215 aprilis,
1551 5134 1688 5212 pontiti-

96 5235 196 5305 Quum
213 5251 234 5297 a
252 5235 348 5298 nobis
367 5237 491 5312 petitur
503 5235 588 5313 quod
600 5237 728 5313 justum
743 5233 793 5297 est
807 5234 840 5297 et
897 5237 990 5298 catus
1004 5237 1110 5298 nostri
1123 5251 1211 5298 anno
1223 5236 1349 5298 cctam.
