4036 6330
93 374 152 434 725
700 361 930 426 EPISTOLAE.
958 359 1036 420 LIB.
1061 357 1116 420 IX.
1672 349 1731 410 726
1770 435 1773 442 1

94 537 174 596 nam
188 525 485 608 attentequatenus
500 541 539 587 eo
566 523 638 601 ipso
658 523 879 586 animosiores
935 519 995 582 riae
1017 516 1208 582 Alexander
1227 517 1334 590 Papa,
1358 511 1584 588 praedecessor
1605 509 1729 584 noster,

93 630 174 708 quod
200 627 335 690 certatis
357 626 472 688 contra
500 621 816 694 excommunicatos,
847 620 880 682 et
937 615 1051 678 volens
1080 614 1175 676 vobis
1217 611 1388 690 proprium
1422 611 1615 687 episcopum
1648 625 1730 685 pro·-

92 726 317 788 schismaticos
329 722 474 784 oblatam
484 720 578 782 vobis
590 717 882 794 vincendioppor-
935 715 1108 790 priamque
1121 711 1291 773 dioecesim
1303 709 1487 784 assignare,
1498 721 1557 784 pro
1568 707 1641 784 ipsa
1653 706 1733 768 dioe·

93 823 262 886 tunitatem
278 819 535 896 magnanimiter
549 816 740 887 assumatis,
757 815 836 892 quia
852 813 880 874 si
936 811 1005 872 cesi
1039 809 1242 894 assignanda
1280 807 1535 868 circumstantes
1572 805 1732 866 dioeceses

92 921 234 982 nuncin
262 917 374 979 hostes
412 915 615 978 unanimiter
648 912 878 981 surrexeritis,
936 908 1113 970 mutilavit.
1132 904 1295 968 scandalo
1315 905 1429 980 igitur,
1454 905 1489 964 et
1504 903 1579 964 odio
1599 903 1734 980 propior

93 1017 239 1096 poteritis
261 1017 396 1088 auctore
413 1017 481 1074 Deo
507 1012 602 1074 brevi
619 1010 733 1072 labore
748 1010 882 1085 longam
937 1007 1001 1068 boc
1013 1007 1127 1067 contra
1142 1007 1287 1066 vestram
1301 1003 1470 1064 civitatem
1486 1001 1632 1072 suborto,
1645 1000 1732 1060 idem

93 1115 182 1176 vobis
196 1128 389 1190 comparare
402 1111 546 1188 quietem
560 1108 693 1172 etviam
711 1107 882 1185 jamdicto
937 1103 1165 1181 praedecessor
1187 1104 1311 1166 noster,
1335 1101 1371 1161 ut
1392 1099 1583 1178 hujusmodi
1598 1097 1735 1159 scande·
1835 1159 1838 1167 Δ

93 1215 200 1272 Terrae
225 1210 356 1273 Sanotae
382 1208 556 1270 succursui
584 1221 785 1283 praeparare.
813 1206 882 1266 Nos
937 1202 1017 1273 lum,
1039 1201 1071 1262 et
1086 1199 1198 1262 odium
1212 1199 1380 1275 sopiretur
1389 1196 1515 1269 statuit,
1531 1197 1567 1260 ut
1580 1196 1731 1257 Alexan·

93 1309 251 1371 autemad
265 1307 507 1369 incrementum
522 1304 653 1368 roboris
667 1303 770 1366 vestri
784 1302 884 1366 duxi·
938 1299 1035 1360 drina
1063 1299 1096 1359 et
1118 1296 1282 1373 Aquensis
1309 1295 1460 1358 ecclesiae
1485 1293 1671 1365 unirentur,
1701 1293 1735 1354 et
1789 1294 1792 1304 '

94 1423 163 1468 mus
177 1404 400 1476 statuendum,
414 1405 450 1466 ut
464 1419 530 1464 non
545 1401 670 1464 feudati
682 1401 717 1462 in
732 1400 805 1477 ipso
819 1400 884 1460 im·
937 1397 986 1458 sio
1007 1394 1156 1458 Astensis
1178 1394 1320 1456 ecclesia
1337 1392 1476 1470 pacifice
1494 1391 1633 1452 retinuit
1657 1372 1734 1464 pless

938 1487 1734 1568 bemdeQuargnentoaeplebemdevueliiscum

939 1590 1076 1668 capellis
1098 1591 1257 1666 ipsarum,
1282 1589 1314 1652 et
1336 1587 1552 1652 ecclesiarum
1575 1585 1615 1646 de
1635 1585 1734 1662 Solq-

939 1690 1011 1761 riis,
1028 1687 1147 1766 quibus
1163 1688 1314 1750 mutilata
1331 1687 1439 1748 luerat
1454 1686 1487 1747 in
1508 1684 1736 1760 assignatione

937 1787 1094 1854 dioecesis
1108 1785 1319 1862 supradictae.
1337 1785 1417 1846 Cum
1439 1783 1597 1862 praedicta
1612 1782 1735 1844 unione

939 1901 1006 1946 non
1029 1885 1207 1946 consecuta
1231 1883 1397 1955 effectum,
1423 1883 1484 1942 diu'
1505 1881 1578 1941 sine
1600 1879 1735 1956 proprio

940 1982 1096 2058 episcopo
1115 1981 1274 2053 fuissetis
1298 1981 1430 2042 demum
1457 1979 1605 2054 tempore
1629 1975 1737 2036 felicis

941 2078 1111 2142 memorie
1135 2077 1321 2140 innocentii
1349 2080 1449 2154 Papae
1479 2072 1736 2152 praedecessoris

942 2176 1048 2242 nostri
1072 2177 1250 2240 tractatum
1271 2175 1311 2238 de
1333 2174 1486 2236 habendo
1508 2172 1662 2250 episcopo
1683 2186 1739 2232 re-

94 1503 182 1582 perio
197 1501 255 1580 qui
276 1517 408 1564 crucem
432 1516 492 1578 pro
512 1499 609 1561 dicta>
627 1502 738 1560 'ferrae
754 1499 883 1560 Sanctae

95 1599 242 1660 subsidio
257 1597 478 1675 susceperint,
495 1599 554 1659 aut
574 1599 652 1658 voto
667 1595 745 1661 sunt
767 1597 883 1672 cujus·

95 1711 231 1774 cumque
257 1695 395 1758 alterius
417 1693 697 1772 peregrinationis
721 1691 882 1763 adstricti,

96 1794 122 1854 si
136 1793 305 1856 vobiscum
317 1793 532 1869 contraipsos
545 1791 658 1857 hostes
672 1790 814 1852 fideliter
828 1805 886 1866 pu·

95 1907 193 1968 gnare
208 1891 386 1964 soluerint,
403 1891 461 1952 eut
481 1905 541 1966 pro
565 1905 601 1958 se
623 1889 790 1953 destinare
804 1903 884 1948 suc-

96 2003 225 2050 cursum
247 1988 345 2066 juxta
363 1986 573 2064 prudentiam
594 1985 795 2048 venerabilis
817 1983 887 2044 lra-

94 2085 152 2146 tris
173 2084 319 2146 nostri...
342 2083 543 2160 Reginensis
565 2083 726 2160 episcopi,
744 2081 887 2158 Aposto-

95 2181 167 2244 licae
194 2182 291 2243 Sedis
313 2181 426 2257 legati,
448 2196 509 2258 per
528 2195 603 2242 eum
619 2195 639 2240 a
658 2181 735 2242 roto
759 2180 884 2249 Crucis,

2 2317 6 2322 -
95 2279 302 2356 aliarumque
334 2277 641 2355 peregrinationum
667 2275 888 2352 quarumlibet

74 2373 78 2382 “
95 2376 308 2438 absolvantur
322 2389 482 2436 concessa
496 2375 545 2436 eis
561 2374 659 2451 plena
678 2389 812 2434 suorum
829 2387 889 2434 ve-

1 2547 7 2552 ,
94 2474 148 2534 nia
160 2475 383 2550 peccatorum,
401 2472 441 2533 de
456 2471 665 2548 quibusrere
679 2469 813 2532 contriti
821 2469 890 2530 lue·

95 2571 159 2633 rint
180 2571 213 2632 et
234 2569 391 2632 confessi.
413 2568 553 2630 Feudati
577 2584 672 2641 vern,
689 2568 746 2644 qui
767 2568 890 2643 praeter

95 2668 276 2738 servitium,
297 2665 382 2743 quod
411 2665 522 2726 iacere
550 2665 708 2726 tenentur
735 2663 888 2740 imperis,

96 2762 261 2826 voluerint
283 2762 446 2824 exercitui
468 2763 565 2840 juxta
592 2761 783 2824 eorumdem
809 2777 890 2837 pru-

4 2921 7 2930 ,
95 2861 238 2924 dentiam
265 2860 455 2938 competens
484 2859 669 2920 subsidium
684 2859 888 2930 ministrare,

1 3004 8 3044 .:
95 2958 248 3020 similiter
274 2959 485 3036 peccatorum
522 2973 659 3018 suorum
694 2956 734 3016 de
770 2955 889 3033 quibus

1 3103 8 3142 3
95 3070 172 3116 rere
183 3055 318 3117 contriti
333 3055 460 3117 luerint
469 3055 502 3120 et
516 3054 660 3116 confessi
675 3053 807 3116 veniam
829 3069 889 3114 as-

3 3202 7 3208 .
95 3153 247 3229 quentur.
269 3153 340 3224 His,
358 3152 415 3230 qui
438 3151 564 3214 luerint
583 3152 660 3214 roto
682 3151 809 3220 Crucis,
832 3151 890 3212 aut

1 3237 13 3337 s:
96 3249 233 3310 alterius
257 3249 536 3328 peregrinationis
552 3248 714 3321 adstricti,
731 3264 790 3325 per
802 3263 890 3312 eum·

95 3345 165 3410 dem
180 3347 328 3424 legatum
343 3347 384 3410 ab
405 3346 558 3416 omnibus
580 3346 676 3408 vobis
698 3346 890 3423 huiusmodi

1 3433 17 3523 j..
96 3443 267 3517 absolutis,
287 3444 440 3522 idemque
454 3444 544 3506 circa
559 3443 700 3506 clericos
715 3447 792 3506 voto
808 3446 891 3505 Cru-

95 3542 152 3614 cis,
167 3543 221 3604 vel
233 3545 473 3620 cujuscumque
492 3541 631 3602 alterius
647 3542 892 3618 peregrinatio-

95 3639 144 3698 nis
166 3639 343 3702 adstrictos
365 3639 518 3701 volumus
545 3638 729 3710 observari,
752 3639 816 3700 boo
848 3638 890 3700 ad

95 3737 258 3798 cautelam
274 3751 446 3813 expresso,
468 3737 504 3798 ut
526 3735 684 3796 statutum
699 3735 890 3816 hujusmodi

98 3835 240 3894 nonnisi
255 3833 296 3896 ad
313 3833 439 3896 incolas
455 3833 562 3910 ipsius
577 3833 712 3910 imperii
723 3832 890 3896 extenda-

1 3977 21 4031 ιζ’.
95 3930 155 3990 tur.
169 3933 289 3992 Datum
300 3931 468 4004 Laterani,
479 3933 509 3992 ll
522 3930 683 3992 kalendas
693 3929 888 4002 decembris

10 4085 17 4092 .
95 4051 180 4096 anno
196 4052 295 4100 nono.

414 4315 575 4400 XXXVI

142 4481 194 4538 Art
215 4478 403 4550 capitulum
417 4476 450 4536 et
464 4479 556 4536 cives
571 4477 837 4536 Alexandrinos.

366 4614 527 4677 tdecernb.
545 4615 624 4674 itii.

125 4751 245 4815 [Regest.,
258 4749 303 4801 lib.
314 4751 358 4807 lx,
369 4747 443 4814 epist.
453 4749 494 4798 82.
510 4749 567 4798 ldss.
585 4749 621 4800 La
633 4751 707 4800 Porto
717 4749 750 4799 du
762 4749 856 4814 rhein]

2 5447 30 5508 if·

4 5546 37 5604 tls¹

2 5763 12 5796 tt

153 4875 282 4950 InJ'ungit
303 4876 373 4950 ipsis
392 4881 421 4932 ut
440 4874 578 4932 ecelesias
600 4873 738 4948 quasdam
759 4889 830 4946 quas

190 4963 367 5030 detinebant,
381 4963 496 5020 Astensi
511 4961 628 5020 dioecesi
640 4963 799 5020 restituant.

134 5099 302 5162 Honorius
311 5098 624 5175 episcopusservus
633 5112 805 5160 servornm
816 5099 887 5170 Dei,

10 5181 28 5208 ¹
98 5195 228 5258 dilectis
242 5196 321 5259 liliis
337 5195 482 5272 capitulo
498 5195 530 5256 et
547 5194 675 5258 civibus
689 5195 891 5258 Alexandri-

98 5293 158 5364 nis,
193 5293 335 5356 selutem
368 5296 400 5356 et
434 5291 659 5369 apostolicam
691 5291 891 5354 benedictio-

1 5403 28 5438 ·,
97 5403 181 5450 nem.

134 5486 345 5550 Venerabilis
360 5486 464 5550 irater
478 5489 629 5550 noster...
647 5483 834 5564 episcopus
857 5488 908 5564 et„

1 5598 37 5701 ’w
97 5581 207 5645 dilecti
233 5583 294 5644 illii
319 5583 500 5661 capitulum
522 5584 680 5648 Astenses
707 5599 768 5645 sua
791 5584 889 5646 nobis

27 5737 38 5768 ,.

99 5680 254 5754 petitione
273 5681 511 5754 monstrarunt,
526 5681 612 5758 quod
636 5680 744 5744 felicis
765 5697 891 5744 memo-

942 2274 1143 2351 snmpsistis.
1165 2274 1254 2336 Idem
1280 2274 1384 2349 igitur
1404 2271 1629 2350 predecessor
1654 2285 1738 2331 nos-

941 2372 993 2435 ter
1012 2371 1144 2447 cognito
1166 2387 1209 2432 ex
1229 2371 1371 2446 regestis
1394 2369 1541 2447 ejusdem
1557 2367 1739 2430 Alexandri

944 2471 1054 2546 Papae,
1072 2469 1158 2545 quod
1173 2469 1245 2547 ipse
1260 2468 1343 2530 dnos
1362 2467 1603 2544 excogitaverit
1624 2443 1739 2528 modos

943 2566 1038 2630 vobis
1048 2567 1240 2643 episcopum
1256 2565 1463 2642 providendi,
1475 2564 1739 2642 assignationem

944 2663 1100 2726 videlicet
1125 2663 1251 2740 proprii
1278 2664 1436 2740 episcopi,
1457 2667 1490 2725 et
1511 2663 1676 2734 dioecesis,
1700 2677 1740 2722 ac

944 2763 1102 2824 unionem
1116 2761 1236 2824 deinde
1252 2761 1474 2837 supradictam
1490 2761 1660 2822 mandavit
1680 2758 1741 2820 bo-

944 2875 996 2919 nae
1014 2858 1220 2920 memoriae...
1237 2859 1435 2921 terdonensi
1450 2859 1617 2934 episcopo,
1634 2857 1667 2918 et
1678 2871 1739 2917 ar-

945 2954 1142 3016 cbidiacono
1154 2953 1371 3026 vercellensi,
1395 2953 1442 3026 ut,
1466 2955 1494 3014 si
1518 2953 1592 3014 fieri
1613 2951 1735 3030 posset,

945 3051 1018 3112 sine
1039 3051 1134 3127 gravi
1157 3051 1327 3123 scandalo,
1344 3052 1377 3113 et
1397 3052 1526 3113 enormi
1545 3049 1739 3129 praejudicio

945 3149 1099 3221 aliorum,
1109 3151 1208 3226 juxta
1221 3147 1365 3226 primum
1380 3149 1513 3210 modum
1529 3151 1599 3212 sive
1615 3164 1739 3210 secun-

944 3245 1023 3308 dum
1041 3246 1255 3323 providerent
1275 3247 1370 3310 vobis
1386 3261 1563 3324 personam
1586 3246 1741 3308 idoneam

945 3343 979 3403 in
994 3343 1174 3421 pastorem.
1186 3344 1342 3421 Alioquin
1356 3361 1429 3422 qnae
1444 3360 1545 3423 super
1559 3345 1603 3405 iis
1620 3344 1739 3406 eveni-

944 3443 1030 3513 rent,
1046 3441 1078 3503 ei
1096 3457 1155 3517 per
1171 3458 1250 3504 suas
1265 3443 1393 3504 litteras
1412 3442 1617 3514 intimarent,
1633 3442 1669 3503 ut
1683 3457 1742 3518 per

945 3553 1060 3599 eorum
1075 3538 1272 3600 relationem
1292 3540 1484 3612 instructus,
1498 3539 1692 3616 procederet
1703 3539 1739 3599 in

945 3635 1017 3710 ipso
1039 3636 1184 3710 negotio,
1213 3638 1309 3712 prout
1334 3637 1463 3698 videret
1488 3635 1597 3713 potins
1624 3651 1743 3712 proce-

945 3731 1099 3792 dendum.
1117 3733 1290 3795 Praedictis
1305 3749 1385 3809 ergo
1398 3735 1565 3810 episcopo,
1582 3734 1617 3795 et
1627 3733 1741 3797 arobi-

946 3829 1085 3891 diacono
1106 3831 1138 3890 ei
1158 3831 1423 3906 significantibus
1437 3848 1510 3908 quae
1529 3831 1737 3904 invenerant,

945 3927 1017 4004 ipse
1044 3927 1241 4004 praeeligens
1270 3928 1452 3990 secundum
1474 3929 1608 3990 modum
1625 3929 1741 4005 provi·
1826 3951 1830 3954 ·

946 4024 1046 4086 dendi
1060 4024 1155 4086 vobis
1167 4025 1368 4102 episcopum,
1380 4028 1537 4088 unionem
1550 4027 1742 4104 praedictam

945 4121 1129 4184 deliberato
1153 4123 1294 4185 oonsilio
1318 4125 1538 4187 confirmavit.
1554 4127 1621 4188 Vos
1648 4139 1739 4198 vere,

945 4219 1007 4280 filii
1020 4219 1203 4298 capitulum
1219 4237 1285 4282 non
1300 4221 1518 4296 attendentes,
1535 4224 1621 4301 quod
1637 4223 1741 4286 electo

945 4317 1093 4391 secundo
1105 4318 1269 4383 dictorum
1285 4319 1470 4392 modorum,
1483 4322 1609 4397 primns
1623 4335 1739 4384 cessa-

944 4417 1052 4488 verat,
1079 4416 1299 4478 nibilominus
1326 4417 1481 4494 praelatas
1506 4418 1661 4482 detinetis
1681 4433 1741 4480 eo-

945 4513 1077 4586 clesias,
1100 4530 1183 4590 quas
1209 4515 1359 4578 Astensis
1395 4515 1536 4584 ecclesia
1563 4531 1667 4593 usque
1698 4516 1740 4578 ad

944 4609 1032 4671 diem
1049 4611 1143 4672 illam
1163 4611 1366 4687 possederat.
1388 4611 1466 4674 Sine
1484 4613 1543 4676 lite
1557 4613 1663 4683 robis,
1679 4614 1741 4676 lilii
1772 4610 1777 4622 '

945 4708 1046 4780 cives,
1065 4704 1208 4787 [contra]
1222 4708 1389 4784 justitiam
1410 4710 1633 4774 detinentibus
1656 4712 1741 4774 bur-

944 4805 1611 4882 gumQuargnentioumpertinentiissuis
1619 4811 1741 4889 dejure

944 4903 985 4964 ad
1000 4904 1172 4964 astensem
1187 4903 1364 4966 ecclesiam
1374 4906 1606 4981 pertinentem,
1620 4909 1742 4972 etlicet

944 5015 1044 5076 super
1059 5000 1112 5060 bis
1127 5000 1253 5076 pluries
1267 5003 1477 5078 Apostolioes
1493 5005 1622 5069 litteras
1635 5007 1742 5084 impe-

943 5097 1056 5169 travit,
1066 5097 1213 5160 nondum
1225 5099 1337 5160 tamen
1349 5116 1443 5162 suam
1455 5103 1741 5181 potueruntjusti-

943 5195 1024 5256 tiam
1035 5194 1202 5268 obtinere;
1213 5213 1316 5273 quare
1327 5198 1422 5261 nobis
1436 5200 1606 5262 humiliter
1618 5202 1742 5279 suppli-

944 5297 1063 5354 carunt
1075 5292 1111 5353 ut
1126 5293 1284 5370 praedicta
1304 5295 1368 5356 sibi
1390 5296 1522 5358 restitui
1541 5297 1738 5373 laceremus,

945 5391 997 5450 vel
1010 5390 1127 5451 saltem
1139 5393 1261 5467 partes,
1274 5409 1372 5469 quum
1385 5410 1486 5456 causa
1503 5395 1547 5458 sit
1556 5395 1672 5468 ardua,
1687 5397 1741 5460 di-

944 5503 1125 5562 gnaremur
1142 5489 1184 5549 ad
1204 5493 1352 5552 nostram
1372 5505 1493 5554 vocare
1514 5495 1738 5569 presentiam,

944 5586 978 5646 et
991 5601 1065 5646 eam
1086 5585 1151 5647 tine
1171 5585 1281 5649 debito
1299 5586 1491 5652 terminare.
1512 5591 1618 5661 Quum
1637 5592 1741 5668 igitur

945 5699 1074 5760 eaquae
1091 5684 1263 5760 praemissa
1281 5687 1359 5746 sunt
1373 5683 1414 5746 de
1426 5687 1569 5762 propriso
1586 5688 1738 5752 diocesis
