4168 6344
112 385 148 446 91
713 381 942 444 EPISTOLAE.
965 381 1043 442 LlB.
1067 382 1120 442 VI.

113 541 189 605 61166
210 537 387 601 asserebat.
407 537 472 600 Vos
496 553 576 600 varo
601 553 645 600 ue
668 538 753 602 forte
779 539 888 602 confl-
1290 549 1390 636 CXX

113 639 228 702 teretur
244 638 281 696 in
300 635 460 707 fraudem,
482 651 502 698 6
523 636 686 697 matronis
706 637 802 698 bonae
817 637 890 714 opi·

113 735 265 796 61661666
284 733 348 793 fide
367 732 488 808 dignis,
512 733 717 809 6666666116
736 735 771 794 in
791 749 890 810 opere

112 829 253 908 nuptiali,
271 827 394 890 dictam
410 829 536 890 fecistis
560 829 681 906 inspici
704 830 888 902 mulierem,

114 943 178 1006 quaa
188 926 423 1004 perhibuerunt
431 926 656 988 testimonium
667 927 774 1002 ipsam
782 927 891 988 adbuc
1193 936 1229 995 20
1257 935 1390 994 februarii
1412 936 1491 994 1111.

113 1024 263 1098 virginem
276 1034 482 1099 permanere.
495 1022 709 1084 Postmodum
720 1038 780 1100 per
792 1037 889 1100 pres-

112 1119 261 1198 byterum,
278 1119 318 1179 de
343 1121 437 1196 cujus
458 1119 617 1196 parocbia
640 1119 693 1182 vir
713 1119 891 1196 praedictus
1002 1147 1005 1154 ·

113 1217 220 1288 extitit,
237 1215 364 1278 fecistis
380 1215 558 1293 diligenter
574 1217 699 1293 inquiri
714 1217 825 1279 utrum
839 1217 893 1278 vir
946 1202 1062 1260 Mandat
1079 1210 1107 1260 ct
1121 1203 1247 1276 praecipit
1261 1209 1292 1259 ut
1302 1200 1499 1260 malefactores
1514 1203 1561 1274 qui
1578 1201 1736 1302 666666616-

112 1315 175 1392 ipsc
192 1314 335 1390 aliquam
354 1313 574 1390 cognovisset,
594 1329 657 1374 nec
671 1329 731 1390 per
748 1313 893 1390 inquisi.
982 1305 1034 1348 nes
1052 1291 1096 1348 vel
1111 1305 1157 1348 res
1179 1289 1297 1348 fratrum
1323 1292 1489 1348 monasterti
1512 1291 1623 1348 Sancta
1646 1291 1743 1348 Crucis

112 1412 223 1474 1166616
256 1411 364 1488 ipsam
395 1410 488 1472 vobis
516 1410 664 1472 constitit
693 1410 734 1471 ab
764 1397 890 1472 eodem.

114 1509 188 1585 Ipsis
200 1509 309 1568 autem
321 1508 394 1569 viro
406 1509 439 1568 61
450 1507 590 1568 muliere
600 1507 792 1584 frequenter
802 1523 894 1569 com-

114 1604 293 1682 parentibus
307 1619 420 1666 coram
435 1604 540 1676 vobis,
558 1619 598 1666 ac
615 1605 755 1672 muliere
768 1605 894 1666 instan·
987 1603 1155 1663 Honorius
1165 1603 1658 1679 episcopus,sarvusservorum
1667 1603 1739 1670 Dei,

112 1703 157 1764 ter
175 1701 349 1764 divortium
368 1701 572 1778 requirente,
596 1703 629 1764 et
652 1701 782 1763 dicente
807 1701 893 1778 quod
946 1698 1194 1760 venerabilibus
1217 1698 1375 1760 fratribus
1401 1699 1651 1775 archiepiscopo
1667 1699 1744 1759 Sal-

966 703 1018 762 61
1038 702 1278 764 borstardum
1301 701 1596 774 scarabaeorum
1620 702 1738 762 Sotae·

1234 799 1449 872 carpensem.

1020 1069 1064 1133 [W
1065 1067 1110 1128 ais,
1123 1068 1329 1119 Urltundenbuch
1344 1070 1387 1118 dar
1403 1067 1571 1128 (1616661666,
1582 1068 1601 1128 1,
1612 1068 1665 1132 11]

982 1467 1185 1524 666166116616
1195 1468 1335 1525 66616616
1349 1468 1514 1540 percellant.

982 1379 1178 1437 cisterciensis
1187 1377 1296 1436 6611616
1311 1380 1478 1448 invaserint,
1491 1379 1602 1452 publice
1623 1392 1739 1436 excom·
1836 1421 1848 1433 ,

113 1799 207 1859 mater
240 1813 316 1859 esse
346 1798 489 1870 volebat,
516 1799 554 1859 at
584 1799 671 1860 filios
703 1813 890 1875 procreare,
947 1794 1144 1871 zeburgensi
1168 1799 1201 1858 et
1228 1796 1451 1871 suffraganeis
1472 1799 1545 1872 ejus
1559 1812 1598 1856 ac
1611 1796 1741 1857 dilectis
1832 1797 1840 1804 '

111 1895 175 1958 viro
187 1895 295 1956 autem
312 1895 454 1967 dicente,
467 1895 552 1974 quod
567 1894 704 1971 paratus
717 1895 790 1958 erat
804 1896 893 1957 stare
947 1891 1026 1953 111116
1047 1892 1231 1965 611611166,
1251 1893 1419 1969 prioribus
1440 1894 1473 1954 61
1487 1893 1564 1953 61116
1578 1893 1743 1972 ecclesia-

112 1992 239 2053 cousilio
263 1992 297 2054 et
318 1991 483 2055 voluntati
507 1992 675 2064 Ecclesiae,
699 1992 892 2070 injunxistis
947 2005 1021 2052 rum
1041 1990 1189 2067 praelatis
1207 2005 1266 2068 per
1287 1989 1581 2065 salzeburgensem
1597 1991 1738 2067 666616-

112 2089 225 2150 eisdem
247 2090 283 2150 ut
304 2089 476 2151 humiliter
496 2089 683 2166 reciperent
702 2091 735 2152 61
756 2090 894 2165 6666661
948 2088 1033 2150 ciam
1048 2088 1246 2160 constitutis,
1259 2087 1400 2149 salutem
1413 2087 1445 2148 et
1455 2086 1672 2164 apostolicam
1686 2086 1742 2148 be-

112 2187 328 2261 peeuitentiam
355 2187 397 2247 de
422 2186 619 2258 commissis,
650 2187 683 2248 et
708 2187 756 2247 sic
780 2187 892 2248 forsan
948 2184 1182 2247 mediationem.

115 2281 249 2358 placeret
264 2286 345 2354 Deo,
360 2283 416 2359 qui
429 2283 632 2344 matrimonii
650 2279 712 2345 fuit
724 2283 895 2346 institutor
988 2283 1063 2344 Non
1077 2281 1203 2359 absque
1217 2282 1332 2348 dolore
1344 2283 1454 2344 cordis
1469 2283 1501 2346 et
1514 2283 1656 2360 plurima
1669 2283 1744 2346 tur-

113 2380 272 2452 61666166,
295 2383 333 2441 ut
351 2395 433 2456 opus
457 2379 661 2441 matrimonii
681 2395 893 2442 consumma·
947 2379 1082 2441 batione
1103 2379 1290 2452 didicimus,
1321 2380 1407 2456 quod
1438 2379 1486 2441 ita
1511 2381 1547 2442 in
1575 2381 1743 2457 plerisque

113 2478 187 2538 rent.
200 2477 260 2548 Qui
276 2478 352 2553 post
368 2477 479 2554 plures
498 2477 659 2539 terminos
683 2477 724 2538 ad
747 2477 893 2539 vestram
948 2477 1097 2554 partibus
1125 2477 1353 2540 ecclesiastica
1373 2493 1516 2540 censura
1548 2478 1742 2540 dissolvitur

113 2574 225 2634 reversi
238 2575 452 2650 praesentiam
467 2589 613 2635 6666666
628 2589 710 2636 6666
725 2574 891 2648 dixerunt,
948 2576 981 2638 et
1001 2575 1172 2636 canonicae
1185 2575 1358 2636 sententiae
1376 2576 1538 2638 severitas
1550 2577 1741 2648 enervatur,

114 2671 189 2746 quod
209 2686 274 2732 666
299 2672 452 2748 66166661
471 2672 652 2734 carnaliter
672 2673 891 2746 commisceri,
949 2672 985 2732 61
1010 2672 1077 2734 6161
1092 2671 1242 2748 religiosi
1256 2673 1290 2734 et
1303 2672 1340 2732 hi
1355 2671 1511 2744 maxime,
1534 2675 1589 2749 qui
1612 2689 1671 2751 per
1687 2676 1743 2736 Se·

114 2761 342 2846 propterquod,
359 2767 399 2830 16
409 2769 557 2846 ipsorum
571 2783 745 2842 consensu,
758 2785 893 2830 causam
949 2767 1523 2846 6666666166661666616666661
1539 2770 1743 2832 1666116661

114 2863 289 2941 hujusmodi
302 2866 491 2942 apostolico
502 2866 645 2929 duxistis
655 2867 782 2942 judicio
795 2866 894 2928 66116·
949 2865 1111 2938 libertate,
1126 2865 1248 2942 passim
1263 2882 1282 2927 a
1305 2865 1576 2927 malefactoribus
1599 2869 1669 2928 suis
1682 2869 1740 2927 iu-

114 2959 272 3036 quen‘dam.
294 2963 378 3034 Quia
393 2963 495 3039 igitur
510 2963 605 3024 nobis
623 2964 815 3040 scrupulum
831 2964 906 3042 16-μ
945 2959 1053 3036 Jurias
1075 2959 1263 3020 sustineant
1277 2961 1309 3021 et
1322 2960 1470 3036 rapinae,
1488 2959 1564 3020 dum
1577 2961 1744 3022 6161666-

114 3055 893 3138 1116116616166666116661666661111666611616
948 3056 1049 3128 nitur,
1073 3057 1130 3134 qui
1148 3072 1296 3132 congrua
1317 3057 1387 3118 illis
1408 3058 1744 3134 6661661166666166·

115 3157 356 3230 predecessoris
382 3158 498 3230 nostri,
527 3173 667 3236 quarum
697 3158 894 3221 auctoritate
949 3153 1030 3226 6161,
1047 3156 1080 3216 61
1100 3152 1319 3230 6661666616
1339 3169 1522 3232 pauperum
1537 3157 1741 3229 innocentia,

115 3252 231 3329 161666
254 3255 389 3330 negotio
416 3256 639 3332 processistis,
663 3257 704 3317 ad
728 3271 788 3316 666
810 3257 892 3317 61...
949 3265 985 3313 66
999 3267 1129 3313 murum
1151 3249 1354 3314 defensionis
1370 3255 1524 3330 opponat.
1548 3255 1744 3330 Specialiter

115 3353 268 3412 cantorem
284 3351 482 3413 ambianen.
496 3352 630 3414 directae
651 3352 785 3424 fuerint,
808 3355 894 3414 61661
949 3349 1178 3411 autemdilecti
1193 3349 1744 3414 111116116661166166616666616611

113 3445 197 3506 nobis
215 3463 331 3508 aarum
349 3448 445 3510 tenor
465 3450 585 3511 6661616
607 3449 751 3511 16666166
773 3450 894 3512 11116616
950 3448 1080 3508 Sanctae
1093 3447 1207 3508 Crucis
1223 3447 1453 3508 cisterciensis
1469 3449 1596 3511 ordinis
1619 3451 1687 3512 tam
1703 3450 1743 3510 de

114 3540 293 3616 declaravit,
314 3560 374 3606 vos
399 3545 433 3604 16
456 3545 620 3608 661611666
643 3546 833 3623 hujusmodi
854 3547 895 3608 16
948 3543 1177 3620 frequentibus
1203 3545 1349 3621 injuriis,
1373 3545 1526 3622 quamde
1552 3546 1624 3624 ipso
1638 3548 1744 3624 quoti·

115 3638 176 3714 ipsc
194 3642 330 3702 cantore
349 3642 475 3702 nullam
497 3641 622 3704 fecistis
643 3645 774 3720 penitus
796 3660 893 3705 men·
950 3641 1049 3701 diano
1063 3641 1191 3703 defectu
1200 3643 1340 3718 justitiae
1352 3645 1603 3720 conquerentes,
1611 3647 1744 3706 univer-

114 3736 234 3806 tionem,
264 3741 300 3800 61
331 3738 535 3801 dubitatione
570 3741 759 3817 hujusmodi
786 3740 894 3802 adau-
950 3739 1080 3800 sitalem
1104 3740 1248 3800 vestram
1262 3738 1382 3801 litteris
1396 3741 1562 3816 petierunt
1575 3741 1744 3818 Apostoli-

114 3835 210 3908 66616,
230 3836 319 3912 quod
336 3835 448 3910 sigilla
469 3836 590 3898 6661616
608 3852 754 3914 6666666
775 3838 894 3900 litteris
950 3835 998 3896 616
1024 3835 1175 3908 excitari,
1193 3836 1230 3897 ut
1251 3835 1299 3897 ita
1316 3837 1471 3898 videlicet
1485 3839 1533 3898 eis
1550 3839 1584 3898 in
1600 3839 1744 3900 tribula-

114 3933 336 4008 conspeximus
345 3935 416 4010 jam
429 3935 570 4005 vetusta,
583 3934 752 4009 negotium
765 3935 807 3996 ad
821 3943 893 4007 666,
950 3933 1096 3996 tionibus
1125 3934 1196 3994 suis
1229 3935 1345 3996 contra
1371 3935 1601 3997 malefactores
1627 3952 1742 3998 eorum

115 4041 290 4105 aquarum
311 4045 378 4092 666
404 4029 501 4092 16161
528 4030 693 4092 excidisse
721 4033 892 4104 memoria,
950 4031 1100 4108 prompta
1124 4031 1287 4094 deberetis
1313 4033 1587 4108 magnanimitate
1602 4050 1743 4095 consur-

116 4123 213 4186 utrum
245 4143 384 4204 eaquae
415 4127 636 4205 praemisimus
665 4129 740 4190 acta
773 4129 896 4192 fuerint
949 4143 1039 4205 gere,
1056 4128 1142 4204 quod
1169 4128 1211 4189 ab
1237 4129 1410 4206 angustiis,
1428 4145 1509 4207 quas
1531 4132 1696 4215 sustinent
1710 4133 1744 4194 et

117 4235 215 4284 coram
226 4224 334 4295 66116,
351 4224 504 4286 utrumve
516 4223 611 4286 nobis
627 4225 756 4287 litteras
766 4225 896 4288 direxe·
949 4226 1114 4302 pressuris
1124 4227 1234 4288 666166
1247 4227 1373 4303 6666161
1384 4227 1541 4304 praesidio
1555 4229 1740 4306 respirare;

116 4316 179 4378 ritis
189 4323 400 4395 praenotatas,
415 4321 570 4381 duximus
581 4322 825 4396 remittendum,
836 4338 896 4401 per
949 4323 1089 4400 ideoque
1111 4324 1323 4386 universitati
1346 4327 1466 4386 vestrae
1481 4326 1743 4403 perApostolica

115 4415 291 4488 1666161166
312 4417 406 4478 66116
431 4418 554 4495 6661616
578 4418 785 4488 mandantes,
813 4437 896 4498 qua·
950 4421 1073 4497 scripta
1088 4420 1284 4483 mandamus
1303 4422 1401 4499 atqua
1420 4422 1641 4500 praecipimus,
1659 4440 1743 4502 qua-

116 4509 246 4574 1666661
266 4515 413 4576 recolitis
434 4531 505 4576 rem
525 4515 637 4578 taliter
660 4516 840 4579 66161666
863 4506 900 4580 et'
948 4517 1046 4580 tenus
1070 4518 1156 4591 illos,
1182 4519 1239 4597 qui
1263 4520 1502 4596 possessiones,
1527 4520 1581 4582 vel
1601 4536 1666 4594 res,
1682 4537 1742 4582 666

114 4607 197 4669 66116
210 4612 369 4683 constitit,
392 4612 445 4673 vel
467 4613 576 4674 adbuc
595 4613 783 4676 constiterit
803 4631 894 4691 prae·
950 4599 1063 4677 domos
1086 4616 1318 4693 praedictorum
1339 4615 1490 4688 fratrum,
1504 4613 1741 4680 velbominum

115 4699 189 4765 16166
213 4707 321 4769 virum
348 4709 380 4770 et
405 4709 579 4770 mulierem
605 4710 694 4771 infra
720 4712 895 4789 praedictos
950 4729 1096 4786 suorum,
1116 4713 1338 4775 irreverenter
1352 4713 1546 4788 invaserint,
1559 4718 1616 4777 aut
1633 4733 1673 4778 ea
1689 4717 1742 4778 in-

116 4803 179 4862 6616
197 4819 302 4866 66666
322 4821 381 4882 666
402 4807 597 4868 continuum
615 4808 797 4868 triennium
811 4809 896 4870 insi·
947 4811 1035 4887 juste
1056 4809 1269 4882 detinuerint,
1294 4827 1367 4888 quae
1391 4810 1557 4888 praedictis
1582 4813 1741 4877 fratribus

116 4897 174 4956 mul
194 4899 371 4974 habitasse,
397 4903 479 4978 ipsis
502 4918 576 4963 cum
598 4904 738 4979 septima
759 4905 896 4982 propin·
950 4923 993 4969 ex
1019 4908 1215 4970 testamento
1243 4907 1471 4970 decedentium
1494 4911 1739 4988 relinquuntur,

116 5005 242 5066 quorum
272 5014 374 5059 manu
402 5001 593 5075 iuramento
626 5001 833 5062 firmantibus
860 5017 895 5064 se
951 5019 1010 5065 seu
1025 5005 1632 5084 1616666166166666616616661611666
1647 5010 1742 5070 Sedis

116 5093 293 5166 acquivisse
319 5095 501 5158 carnaliter
539 5099 759 5170 commisceri,
785 5099 897 5176 profe-
950 5101 1078 5163 lndulta
1095 5103 1291 5164 sententiam
1311 5107 1663 5167 excommunicationis
1684 5110 1743 5168 aut

117 5187 189 5246 ratis
207 5189 340 5253 divortii
361 5193 561 5254 seutentiam
581 5193 670 5255 inter
689 5197 895 5258 eos.'Datum
952 5199 1119 5260 interdicti
1145 5201 1416 5278 praesumpserint
1443 5203 1665 5279 promulgare,
1688 5203 1743 5266 661

116 5281 270 5360 Laterani,
287 5291 316 5350 11
331 5289 463 5352 kalend.
479 5284 601 5364 martii,
619 5307 706 5352 6666
720 5293 825 5354 serto,
951 5296 1097 5358 decimas
1113 5297 1262 5359 laborum
1278 5297 1318 5358 dc
1338 5299 1605 5374 possessionibus
1621 5301 1743 5364 habitis

952 5393 1029 5454 ante
1042 5394 1224 5455 Concilium
1238 5394 1405 5470 66666616,
1419 5412 1501 5472 quas
1518 5399 1661 5474 propriis
1677 5415 1744 5461 ma·

952 5489 1049 5550 nibus
1073 5490 1129 5552 aut
1149 5491 1334 5568 sumptibus
1359 5493 1604 5566 66661661666
1630 5499 1742 5558 66161-

952 5587 1072 5647 mantis
1102 5587 1263 5663 ipsorum,
1280 5589 1400 5664 spretis
1423 5590 1621 5668 apostolicae
1649 5592 1743 5654 Sedis

953 5683 1351 5762 privilegiisextcrquere,
1363 5688 1544 5750 monitione
1556 5691 1739 5766 praemissa,

247 5821 360 5866 666661.
380 5825 454 5868 roua
475 5813 523 5870 lV.
1533 5820 1550 5877 fr
