4104 6330
284 351 343 414 195
898 353 1075 416 nononu
1097 353 1141 414 111
1162 353 1311 414 ornan.
1870 353 1928 416 1oc
2043 321 2044 352 ⁷

282 509 360 574 liter
386 510 613 588 procedemus,
640 512 765 574 terrem
788 513 892 586 tuam,
918 513 1016 591 prout
1039 513 1074 574 in
1129 512 1383 590 busrespirare,
1397 511 1515 574 ramuli
1534 511 1682 590 episcopi
1703 512 1881 574 memorati
1894 514 1932 576 et

282 609 360 670 aliis
381 608 502 670 litteris
523 608 584 670 tibi
605 608 727 671 suimus
745 610 949 683 comminati,
971 626 1076 688 expo-
1129 611 1366 672 canonicorum
1401 610 1597 673 Albensium
1625 627 1695 673 suae
1720 611 1930 688 paupertatis

283 707 392 768 nendo
412 706 547 782 regibus
561 708 595 768 et
613 707 819 785 principibus
835 709 1071 785 occupandam,
1129 708 1298 770 residuum
1308 709 1344 769 in
1353 709 1531 785 superfluis
1542 708 1842 771 comessationibus
1851 723 1931 770 con·

281 803 328 865 ita
345 803 432 881 quod
451 804 547 866 cedat
565 805 601 865 in
618 807 674 882 ius
690 806 886 883 perpetuum
907 821 1075 882 occupan-
1129 807 1350 883 sumpserunt.
1362 805 1456 868 Unde
1468 806 1564 868 nobis
1576 805 1747 869 humiliter
1757 806 1931 883 supplica-

280 902 375 974 dum,
392 903 426 964 et
443 901 557 964 fideles
573 903 648 965 tuos
665 919 685 964 a
701 903 871 966 fidelitatis
886 903 996 966 debito
1014 903 1076 965 ab·
1129 905 1217 976 runt,
1243 903 1279 966 ut
1306 919 1360 975 ne,
1386 903 1473 980 qnod
1499 903 1603 976 absit,
1630 919 1691 980 per
1712 904 1929 966 amissionem

280 999 450 1072 solvendo,
467 1000 500 1062 et
514 1015 629 1062 omnes
642 1001 701 1077 qui
712 1001 773 1062 tibi
789 1001 1002 1074 adhaeserint,
1020 1017 1076 1063 ex·
1129 1000 1382 1079 privilegiorum
1401 1015 1538 1062 sucrum
1557 1003 1795 1064 monasterium
1817 1001 1931 1078 ipsum
2043 1081 2044 1086 Ἰ

248 1141 252 1148 -
280 1097 729 1161 communicationisvinculo
739 1099 944 1162 innodando.
956 1099 1075 1162 Datum
1130 1098 1261 1176 penitus
1288 1097 1489 1171 damnat,
1513 1098 1654 1175 paterna
1682 1097 1746 1160 sibi
1770 1098 1932 1174 diffinere·

278 1195 397 1268 alatri,
422 1198 497 1258 xvi
521 1195 589 1258 kal.
612 1197 703 1274 julii,
726 1195 939 1274 pontificatus
966 1196 1076 1260 nostri
1130 1211 1205 1257 mur
1228 1195 1453 1258 sollicitudine
1481 1193 1670 1273 prouidere.
1697 1194 1861 1258 iacientes
1877 1195 1929 1256 eis

280 1307 369 1356 enno
388 1293 494 1356 sexto.
951 1333 956 1338 -
1129 1309 1199 1356 suae
1225 1293 1391 1356 libertatis
1417 1293 1628 1372 privilegium
1651 1292 1870 1365 innovari-et
1887 1293 1931 1354 de

1130 1392 1296 1470 praedictis
1315 1392 1449 1469 injuriis
1456 1393 1623 1469 justitiam
1643 1390 1810 1453 exbiberi.
1831 1395 1929 1464 Quo-

1130 1490 1219 1552 circa
1257 1489 1450 1553 discretioni
1491 1490 1611 1552 vestrae
1649 1504 1710 1566 per
1736 1489 1932 1567 apostolica

612 1587 743 1676 CCXX
1130 1588 1255 1664 scripta
1290 1587 1441 1650 districte
1470 1587 1694 1664 praecipiendo
1719 1585 1930 1659 mandamus,

1130 1688 1304 1762 catalenus,
1324 1685 1450 1748 vocatis
1476 1685 1533 1764 qui
1558 1684 1684 1748 luerint
1708 1684 1882 1756 evocandi,
1895 1685 1935 1747 et

1130 1783 1290 1859 inquisita
1303 1797 1404 1859 super
1430 1782 1612 1860 premissis
1628 1782 1782 1844 omnibus
1795 1781 1933 1860 plenius

1130 1880 1292 1953 veritate,
1327 1895 1401 1958 quae
1429 1880 1644 1954 inveneritis,
1675 1879 1764 1942 inira
1783 1879 1933 1958 quatuor

570 2011 603 2069 Ἡ
617 2009 693 2084 junii
706 2011 785 2068 itii.
1130 1993 1262 2038 menses
1276 1977 1603 2055 postsusceptionem
1619 1978 1844 2055 presentium,
1856 1993 1934 2040 ves·

203 1740 208 1814 j
231 1703 233 1708 ,
277 1737 330 1798 Ad
343 1737 518 1800 Raecium
534 1739 731 1815 episcopam
750 1738 962 1810 Vacicasam,
979 1739 1077 1800 abba·

292 1917 296 1924 .
318 1835 387 1896 tem
401 1837 607 1912 Eartcaseta
633 1837 667 1898 ct
677 1836 907 1912 praepositum
931 1837 1076 1898 Vacica-

316 1947 402 1994 sem.

380 2133 509 2199 priene,
522 2133 635 2184 M⁰¹¹¹¹¹¹¹·
649 2133 794 2198 uinaria,
803 2133 823 2193 ¹³
834 2129 876 2196 ³⁸⁹
886 2147 912 2184 ¹¹·
923 2131 976 2200 ω’]
1130 2172 1591 2249 gentespartibusterminum
1600 2172 1932 2250 competentemquo

279 2257 394 2317 ltnndet
408 2266 439 2316 ut
456 2259 605 2316 variatam
618 2257 653 2316 de
668 2257 781 2319 demnis
798 2258 973 2316 monasterio
984 2257 1076 2316 beate
1131 2272 1291 2334 sepositi-0
1303 2270 1492 2348 conspectui
1505 2286 1566 2348 per
1580 2286 1616 2332 se
1627 2271 1683 2332 uel
1697 2285 1758 2347 per
1771 2285 1934 2347 procura-
2043 2235 2044 2304 3

1129 2075 1191 2138 tris
1205 2074 1302 2137 nobis
1326 2075 1445 2137 litteris
1468 2075 1611 2138 fideliter
1625 2075 1795 2147 intimetis,
1817 2075 1934 2152 praen-
2043 2083 2044 2096 ³

313 2347 413 2406 ΜΒ
430 2345 467 2404 ‘¹⁰
483 2347 549 2406 ⁰¹⁰⁸
566 2347 652 2405 ”¹⁸¹ss
673 2348 828 2420 inquirant,
841 2347 968 2420 iiim
981 2345 1073 2419 ΡΜ·
1130 2368 1221 2430 tores
1236 2367 1373 2429 idoneos
1393 2367 1645 2445 repraesentent,
1659 2367 1745 2445 quod
1760 2366 1932 2445 superbis
2043 2341 2044 2412 7

313 2443 417 2510 gentes
437 2436 591 2494 terminum
614 2441 827 2510 competentem
843 2435 1074 2510 quoseltpostc·

313 2523 376 2581 lice
391 2523 472 2582 Sedis
490 2525 656 2596 conspectui
668 2531 882 2599 representem.

292 2693 297 2702 -
319 2649 488 2712 Honorius
500 2649 688 2727 episcopus,
697 2665 814 2712 servus
822 2663 995 2711 servorum
1003 2648 1074 2722 Dei,
1131 2659 1311 2738 generalis,
1327 2675 1391 2738 qua
1413 2660 1559 2733 cavetur,
1589 2675 1633 2722 ne
1656 2659 1731 2738 quis
1745 2659 1934 2722 ultraduas

1131 2465 1346 2528 statuerimus
1381 2465 1558 2544 recepturi.
1584 2465 1676 2538 Quod
1705 2464 1735 2526 si
1757 2479 1826 2526 non
1851 2479 1932 2528 om·
2043 2481 2044 2484 ¹

1131 2577 1202 2634 nes,
1216 2565 1369 2634 etc.,non
1378 2561 1530 2625 obstante
1539 2563 1776 2625 constitutione
1785 2562 1933 2624 concilii
2043 2607 2044 2610 η

280 2747 465 2810 venerabili
486 2748 620 2810 tratri...
643 2747 798 2824 episcopo
812 2746 969 2810 vaciensi
983 2747 1017 2808 et
1031 2745 1078 2808 di·
1132 2757 1247 2820 diaeias
1275 2761 1371 2820 extra
1384 2773 1480 2820 suam
1504 2758 1674 2820 dioeoesim
1714 2757 1934 2836 partitionis
2043 2749 2044 2752 ’

281 2845 378 2908 lectis
420 2845 499 2906 tiliis
523 2843 634 2908 abbati
665 2843 830 2921 Egriensi,
858 2843 1077 2906 cenadiensis
1131 2855 1339 2930 apostolicas
1357 2855 1570 2932 adjudicium
1579 2836 1794 2932 tranipossit'.
1810 2857 1933 2916 Datum

280 2942 444 3015 dioecesis,
465 2943 568 3014 etc...,
589 2942 771 3020 praeposito
792 2942 961 3015 vaciensi,
980 2941 1075 3003 salu·
1132 2953 1301 3025 Laterani,
1330 2954 1376 3014 XI
1399 2951 1561 3014 kalendas
1591 2953 1682 3032 julii,
1715 2951 1934 3030 pontificatus
2043 3031 2044 3034 Ἴ

278 3041 387 3104 temet
396 3039 619 3117 apostolicam
629 3039 905 3103 benedictionem.
1131 3050 1237 3113 nostri
1254 3065 1342 3112 anno
1355 3049 1461 3112 sexto,

319 3137 460 3196 (tranem
489 3134 685 3196 dilectorum
711 3134 856 3196 filiorum
889 3133 1019 3196 abbatis
1045 3135 1079 3196 et

280 3232 462 3294 conventus
485 3231 678 3293 monasterii
692 3230 799 3294 beatae
811 3231 927 3294 Mariae
942 3231 983 3292 de
1000 3231 1077 3292 (llus

279 3329 466 3406 recepimus
484 3329 710 3406 quaestionem,
728 3329 814 3407 quod
830 3344 931 3407 quum
944 3343 1078 3390 monas·
1457 3354 1608 3443 CCXXI

279 3427 402 3490 terium
426 3425 552 3502 ipsum,
578 3425 664 3503 quod
688 3425 730 3486 ad
758 3441 819 3488 nos
848 3425 941 3488 nullo
969 3425 1078 3488 medio
2043 3461 2044 3468 κ

279 3522 434 3603 pertinet,
451 3537 518 3585 „011
544 3524 652 3586 solum
675 3522 874 3600 Apostolpeae
902 3523 998 3584 sadis
1020 3523 1078 3586 sed
1133 3507 1185 3568 Ad
1204 3505 1412 3568 abbatissam
1436 3507 1471 3568 et
1493 3507 1699 3570 concentum
1723 3507 1935 3570 ancttcsterii
2043 3557 2044 3562 ,

280 3620 382 3683 etiam
408 3619 578 3697 regalibus
593 3621 711 3684 suisset
726 3621 912 3698 privilegiis
926 3635 1077 3682 commu·
1344 3607 1380 3667 S·
1395 3607 1522 3666 Mari&
1534 3608 1575 3668 de
1587 3608 1726 3668 Avenae.

281 3719 398 3792 nitum,
415 3718 510 3781 bonae
524 3719 693 3780 memoriae
704 3721 757 3780 W.
770 3719 945 3796 episcopus
960 3717 1079 3782 Alben-
1423 3744 1455 3802 ii
1469 3743 1542 3817 junii
1555 3744 1634 3802 4222,

282 3817 340 3889 sis,
362 3832 504 3893 sequens
523 3816 734 3894 tyrannidem
757 3819 795 3880 Α.
824 3815 1079 3893 praedecessoris
1204 3867 1263 3928 [nes
1290 3867 1368 3918 tauns
1388 3867 1584 3918 Fondsuoreau
1606 3873 1616 3918 t
1638 3867 1739 3920 mlx
1800 3868 1845 3918 m

281 3914 346 3987 sui,
363 3914 420 3991 qui
434 3914 524 3986 olim,
543 3913 837 3976 destruatoeodem
862 3914 1076 3986 monasterio,
1271 3905 1276 3916 '
1371 3903 1376 3915 '
1588 3905 1625 3926 ''
1740 3881 1788 3934 ’¹³'
1848 3869 1867 3934 'J
2043 3945 2044 4002 l

282 4013 319 4073 L,
350 4013 596 4074 antecessorem
621 4012 726 4088 ipsius
749 4011 879 4073 abbatis
900 4011 1080 4075 crudeliter
1144 3991 1217 4052 Illud
1231 3993 1588 4051 monasteriumsubbeati
1603 3993 1678 4052 Petri
1694 4001 1722 4052 et
1735 4009 1789 4052 sua
1812 4001 1934 4070 protec-

282 4109 477 4186 captivaret
505 4108 658 4170 eumdem
683 4107 834 4171 abbatem
863 4109 897 4170 et
921 4109 1004 4172 duos
1036 4123 1080 4170 ex
1418 4082 1494 4140 “⁰¹¹⁹
1508 4083 1637 4156 wilm·
2043 4171 2044 4186 ,

282 4203 442 4267 iratribus
461 4205 532 4267 suis
547 4219 613 4266 una
629 4220 704 4266 cum
715 4208 768 4274 R..
778 4208 797 4268 J
801 4249 821 4278 .,
836 4209 887 4278 A„
905 4207 940 4268 et
957 4208 1006 4279 E,
1022 4221 1081 4268 ca·
1175 4207 1342 4270 Honorius
1351 4207 1537 4284 episcopus,
1547 4224 1662 4271 servus
1672 4225 1846 4272 servorum
1857 4211 1931 4280 Dei,
2043 4191 2044 4240 ἶ

283 4303 414 4366 nonicis
425 4301 638 4375 Albensibus,
654 4304 686 4364 et
706 4302 902 4380 quibusdam
917 4303 1004 4375 aliis,
1018 4304 1080 4366 Dei
1135 4305 1265 4368 dilectis
1281 4304 1316 4366 in
1329 4305 1460 4366 Christo
1475 4305 1608 4368 filiabus
1620 4307 1797 4370 abbatissae
1805 4323 1933 4370 accon·

281 4401 401 4464 timore
415 4400 608 4478 postposito,
633 4400 719 4478 cepit
747 4400 954 4474 immaniter,
975 4401 1080 4464 ateis
1134 4403 1249 4465 ventui
1276 4403 1471 4466 monasterii
1499 4403 1539 4464 de
1566 4405 1719 4477 avesnis,
1742 4405 1936 4469 salutemet
2043 4473 2044 4478 ,

281 4499 413 4563 traditis
446 4497 606 4560 custodie
634 4498 822 4570 carcerali,
854 4497 1081 4576 supradictum
1135 4500 1358 4578 apostolicam
1373 4500 1649 4564 benedictionem.

281 4595 519 4659 monasterium
534 4595 696 4658 violenter
711 4595 921 4672 aggrediens,
938 4595 1079 4673 privile-
1177 4598 1267 4660 Solet
1281 4613 1429 4660 annuere
1445 4597 1547 4660 Sedes
1560 4599 1750 4676 apostolica
1766 4599 1831 4678 piis
1845 4588 1934 4664 iotis

282 4693 374 4771 glum
389 4692 454 4768 ipsi
469 4692 512 4754 ab
525 4694 716 4770 apostolica
729 4693 813 4756 Sede
825 4692 989 4757 indultum
1004 4693 1082 4771 igne
1136 4697 1170 4758 et
1193 4694 1341 4758 honestis
1370 4696 1551 4772 petentium
1579 4695 1755 4760 desiderils
1783 4698 1935 4762 savorem

283 4789 475 4858 combussit,
492 4790 525 4852 et
550 4793 621 4868 ejus
640 4791 753 4868 regale
773 4791 984 4868 privilegium
995 4806 1082 4868 aqua
1136 4792 1332 4856 benevolum
1348 4793 1522 4870 impertiri.
1539 4795 1585 4856 Ea
1598 4797 1743 4872 propter,
1751 4796 1883 4860 dilectae
1898 4799 1934 4859 in

283 4887 416 4952 delevit.
433 4887 527 4949 Unde
540 4902 614 4949 cum
628 4888 731 4950 abbas
745 4891 780 4951 et
798 4891 980 4952 conventus
995 4905 1083 4967 prae-
1137 4891 1268 4952 (lhristo
1284 4891 1374 4963 filiae,
1396 4890 1517 4952 vestris
1530 4893 1630 4968 justis
1652 4893 1934 4970 postulationibus

283 4983 1082 5065 iati,amissisprivilegiis‚injuriatorumsuorum
1136 4989 1231 5064 grato
1242 4991 1478 5051 concurrentes
1489 5004 1640 5062 assensu,
1652 5006 1813 5066 personas
1822 4995 1857 5055 et
1866 5009 1935 5056 nto-

283 5083 460 5148 calumniis
476 5081 916 5160 nequiveruntpostmodum
934 5083 1080 5155 estuari,
1136 5085 1319 5148 casterium
1356 5087 1501 5150 vestrum
1534 5101 1609 5148 oum
1644 5088 1799 5151 omnibus
1820 5090 1931 5163 bonis,

283 5180 522 5244 monasterinm
538 5179 658 5256 ipsum,
680 5180 765 5258 quod
778 5181 941 5242 honorum
955 5181 1084 5258 tempo·
1138 5197 1211 5260 quae
1223 5182 1257 5242 in
1272 5183 1524 5258 presentiarum
1532 5182 1778 5247 rationabiliter
1787 5188 1936 5263 possidet
2043 5189 2044 5256 f

284 5279 405 5341 talium
427 5278 576 5340 ubertate
605 5277 776 5350 floruerat,
801 5278 843 5339 ed
858 5279 983 5342 tantam
1002 5279 1081 5340 ino·
1137 5279 1240 5342 autin
1253 5279 1398 5341 futurum
1419 5282 1519 5356 justis
1534 5281 1651 5355 modis,
1668 5285 1850 5360 prestante
1862 5287 1933 5348 Do-

285 5375 375 5453 piam
389 5374 640 5447 estdeduotum‚
657 5375 927 5453 quodtratresibi
943 5375 1082 5438 Domino
1138 5377 1238 5450 mino,
1264 5378 1385 5455 poterit
1403 5378 1555 5456 adipisci,
1581 5380 1641 5442 sub
1670 5380 1758 5444 beati
1785 5383 1877 5444 Petri
1901 5385 1936 5445 et
2043 5373 2044 5380 ἶ

286 5471 479 5544 servientes,
505 5472 740 5534 sufficientiam
765 5474 861 5550 panis
880 5473 1083 5534 haberenon
1138 5477 1250 5536 nostra
1268 5475 1472 5552 protectione
1496 5479 1706 5554 suscipimus.
1737 5481 1936 5556 specialiter

286 5570 450 5648 poterent,
468 5570 555 5631 unde
583 5586 644 5633 suo
672 5570 902 5634 satistacerent
921 5570 1082 5642 exactori,
1138 5577 1248 5636 aulem
1272 5573 1382 5636 locum
1400 5574 1433 5634 in
1456 5590 1520 5651 quo
1543 5575 1666 5638 dictum
1694 5579 1934 5640 monasterium

287 5670 320 5730 et
335 5681 378 5731 ne
392 5668 526 5744 possent
541 5667 582 5728 ab
596 5667 845 5732 imminentibus
857 5666 1084 5746 oppressioni·
1138 5671 1283 5734 vestrum
1300 5672 1399 5732 situm
1411 5673 1471 5744 est,
1486 5674 1725 5749 possessiones,
1739 5675 1891 5740 redditus
1902 5680 1936 5740 et
