4104 6330
113 389 163 448 all

113 544 230 624 publica
244 540 423 613 functione,
446 541 593 613 violenta
616 539 802 612 exactione,
827 555 890 602 an-

113 643 194 720 paria
219 643 251 702 et
276 639 486 717 perangaria,
517 638 700 701 secundum
719 637 842 714 legalia
857 636 890 698 et

111 736 286 816 imperialia
311 737 445 805 statuta,
462 735 567 798 libera
582 736 741 813 perpetuo
754 749 890 796 conser-

110 835 233 898 vabunt.
258 833 502 895 Noninvadent
529 832 616 895 bona
644 832 887 906 ecclesiastica3

112 933 161 994 sed
170 931 273 1009 potins
285 947 345 1008 pro
359 947 455 1008 posse
468 947 539 1004 suo,
551 947 666 993 eorum
676 929 889 991 invasoribus

113 1045 142 1091 se
167 1029 327 1106 opponent
349 1027 513 1090 libertatis
540 1021 790 1099 ecclesiasticae,
821 1027 889 1087 tarn

111 1123 295 1202 Apostolica,
316 1139 414 1201 quam
429 1123 618 1200 imperialia
635 1123 811 1200 privilegia
829 1123 888 1182 in-

112 1222 301 1285 violabiliter
337 1221 512 1283 servaturi.
553 1220 714 1282 Potestati
748 1235 886 1297 quoque,

112 1336 144 1381 ac
158 1320 290 1380 oonsilio
304 1318 493 1394 supradicto
507 1317 567 1378 sub
583 1318 692 1379 debito
699 1316 888 1396 juramento

110 1417 270 1488 mandetis,
285 1415 373 1493 quod
386 1417 418 1477 et
446 1416 510 1492 ipsi
526 1415 685 1492 praedicta
700 1414 886 1485 observent,

111 1513 262 1576 olfaciant
281 1511 521 1574 inviolabiliter
536 1512 718 1582 observari,
735 1527 774 1573 ao
787 1510 889 1574 scribi

110 1613 140 1673 in
151 1610 436 1672 constitutionibus
456 1611 602 1673 civitatis
623 1611 717 1671 nullo
742 1624 889 1686 unquam

109 1712 242 1786 tempore
263 1707 476 1781 removenda,
503 1707 536 1770 et
559 1722 768 1769 successores
796 1707 887 1784 ipsos

108 1807 142 1867 ad
164 1821 273 1867 eorum
297 1805 554 1878 observantiam,
578 1805 611 1866 et
632 1803 674 1866 ad
699 1803 888 1866 faciendum

108 1919 141 1964 ea
174 1903 342 1987 observari
372 1902 527 1964 similiter
559 1903 745 1964 teneantur.
770 1900 888 1963 Ablata

107 2001 243 2061 ecclesiis
266 2001 299 2062 et
324 2000 474 2076 personis
488 2000 725 2061 ecclesiasticis
738 1997 889 2076 praedicti

107 2099 238 2176 potestas
267 2098 302 2160 et
327 2098 469 2175 populus
497 2098 687 2169 restituant,
704 2097 737 2158 et
756 2097 888 2158 restitui

109 2195 222 2258 faciant
248 2195 418 2268 universa,
444 2210 553 2272 neque
573 2195 707 2272 propter
735 2193 798 2255 boc
825 2195 891 2256 ali-

106 2294 152 2354 cui
173 2293 361 2354 earumdem
390 2292 606 2354 ecclesiarum
623 2293 656 2354 et
669 2305 889 2378 personarum

106 2406 272 2467 gravamen
314 2390 447 2467 aliquod
479 2389 645 2462 inferent,
681 2390 736 2450 vel
772 2389 890 2452 inferri

105 2489 302 2565 permittent,
341 2503 400 2549 sen
428 2487 614 2550 diminuent
650 2488 708 2550 aut
747 2487 888 2550 subtra-

105 2585 176 2648 bent
197 2589 275 2662 jura
303 2584 543 2657 ecclesiastica,
574 2585 645 2646 sive
673 2585 813 2646 diminui
836 2585 889 2646 vel

106 2681 243 2744 subtrahi
266 2682 447 2760 patientur.
475 2681 568 2744 Licet
593 2683 702 2744 autem
727 2697 786 2759 per
804 2683 889 2744 alias

104 2779 217 2841 litteras
235 2781 452 2842 transmissas
468 2779 540 2852 tibi,
559 2780 725 2856 episcope,
746 2780 888 2840 manda-

103 2877 246 2951 verimus,
269 2879 362 2950 ulii,
387 2878 443 2954 qui
461 2877 660 2939 auctoritate
683 2878 798 2939 nostra
811 2877 889 2938 sunt

104 2975 443 3038 excommunicationis
481 2975 614 3036 vinculo
646 2974 813 3047 innodati,
846 2973 887 3036 ad

105 3075 238 3134 nostram
263 3073 476 3135 mitterentur
510 3072 747 3149 praeentiam,
778 3070 889 3132 absol-

105 3169 203 3242 vendi,
229 3170 439 3231 attendentes
462 3170 584 3236 tamen,
607 3169 691 3246 quod
715 3169 888 3229 memorati

35 3277 37 3282 ’
105 3265 215 3328 Lucani
231 3282 365 3344 semper
378 3267 414 3328 in
436 3266 612 3328 devotione
628 3266 723 3329 Sedis
744 3267 886 3343 Aposto-

105 3361 168 3425 licae
195 3347 423 3441 perstiterunt,
452 3379 649 3440 quamquam
676 3377 783 3440 nuper
797 3365 888 3440 ipsos

103 3459 138 3520 ab
159 3477 196 3522 ea
219 3461 410 3524 seducendo
434 3461 630 3522 subduxerit
656 3461 822 3534 inimicus,
849 3477 888 3522 ac

104 3558 240 3621 volentes
259 3559 375 3620 mitius
383 3574 483 3635 agere
494 3574 567 3619 cum
583 3559 707 3619 eisdem
720 3559 802 3636 ipsis
817 3575 890 3635 gra·

105 3655 177 3716 tiam
199 3655 371 3731 faciend03
399 3657 552 3718 volumus
576 3657 610 3718 et
628 3655 836 3728 mandamus,
853 3659 890 3718 ut

105 3752 321 3816 tantummodo
340 3753 520 3816 violatores
538 3769 708 3816 sacrorum
723 3753 887 3826 locorum,

104 3851 131 3910 et
144 3852 256 3912 altaris
273 3851 439 3928 praecipue
451 3853 580 3913 Sanctae
589 3852 714 3923 Crucis,
723 3867 762 3912 ac
775 3865 889 3912 eorum

105 3949 293 4020 consiliarii,
309 3964 448 4010 necnon
463 3949 661 4024 spoliatores
676 3948 887 4022 clericorum,

104 4057 137 4104 ac
150 4045 196 4107 illi
210 4047 313 4109 etiam
328 4047 385 4126 qui
404 4047 552 4122 tempore
565 4046 713 4107 Parentii
729 4045 889 4106 officiales

104 4144 198 4215 erant,
226 4161 303 4205 cum
328 4143 556 4220 spoliaverint,
588 4159 650 4204 nec
672 4143 890 4204 custodierint

104 4241 270 4313 ecclesias,
305 4240 346 4303 ad
385 4243 534 4303 nostram
567 4241 781 4317 praesentiam
815 4256 890 4302 oum

103 4339 213 4399 vestris
228 4338 363 4410 litteris,
379 4353 597 4415 personarum
609 4338 642 4399 et
653 4338 783 4399 viarum
798 4353 891 4399 secu·

103 4434 190 4496 ritate
202 4436 328 4507 habita,
341 4435 620 4497 transmittantur.
633 4436 801 4496 Praeterea
815 4450 888 4496 cum

104 4546 193 4608 super
230 4533 462 4596 satisfactione
502 4533 697 4594 damnorum
737 4532 889 4594 facienda

104 4629 198 4690 nobili
212 4632 286 4692 viro
300 4634 364 4692 G...
380 4633 513 4692 Lucano
525 4631 602 4702 civi,
619 4630 781 4707 speciales
796 4628 889 4691 vobis

104 4725 224 4789 litteras
248 4729 465 4800 destinemus,
487 4743 558 4800 nos,
576 4727 632 4804 qni
651 4721 803 4790 tenemur
818 4729 889 4804 ejus

105 4827 257 4903 exemplo,
271 4827 329 4904 qui
340 4828 391 4887 est
402 4825 494 4902 pacis
510 4827 640 4886 amator
654 4826 687 4887 et
696 4826 812 4886 auctor
827 4841 889 4902 pa-

105 4921 156 4994 cis,
178 4925 318 4985 consilia
345 4923 492 4999 cogitare
512 4923 674 4995 volentes,
706 4925 743 4986 ut
766 4922 888 4984 habitae

104 5017 182 5081 inter
204 5020 357 5082 eumdem
381 5019 525 5082 nobilem
554 5035 593 5081 ac
620 5020 780 5096 quosdam
802 5020 887 5081 alios

105 5118 247 5179 concives
265 5133 344 5178 suos
358 5116 554 5190 inimicitiae,
570 5133 644 5194 quae
657 5117 805 5178 crevisse
820 5117 888 5178 bu-

102 5214 149 5287 jus
161 5215 335 5276 discordiae
350 5215 525 5278 occasione
536 5215 702 5283 dicuntur,
715 5230 758 5276 ex
772 5213 890 5291 hujus·

103 5312 183 5372 modi
204 5311 433 5374 satisfactione
455 5312 629 5383 foedentur,
656 5311 811 5373 nolumus
829 5328 889 5373 vos

104 5406 135 5468 in
150 5409 368 5472 satifactionis
393 5409 480 5472 facto
503 5409 696 5486 procedere,
717 5408 783 5471 nisi
796 5409 889 5488 prius

701 379 929 442 EPISTOLAE.
952 379 1032 442 LIB.
1054 381 1125 442 VII.

1676 381 1738 440 242

943 539 1066 602 nobilis
1080 539 1157 616 ipse
1168 554 1244 601 cum
1256 537 1381 600 eisdem
1402 537 1473 599 suis
1485 536 1678 614 concivibus
1695 539 1737 600 ad

943 637 1047 698 firmae
1072 637 1163 713 pacis
1178 637 1315 698 redierit
1332 635 1505 705 unitatem,
1528 636 1606 696 dum
1625 636 1737 698 tamen

944 735 984 797 de
1005 735 1110 795 illatis
1124 734 1258 811 injuriis
1280 733 1312 794 ei
1334 749 1515 810 congruam
1531 733 1737 795 satisfactio-

943 848 1018 893 nem
1033 831 1227 909 impendent
1244 851 1251 890 :
1266 827 1366 908 super
1378 832 1455 892 aliis
1471 848 1562 900 vero,
1578 848 1739 908 3333331-

943 929 1076 1005 tingunt
1108 929 1278 1005 negotium
1313 930 1542 1000 memoratum,
1577 929 1737 1006 inspectis

923 1026 1094 1104 *ejusdem
1116 1026 1388 1099 circumstantiis,
1414 1027 1593 1103 diligenter
1617 1027 1735 1104 agatis,

943 1126 1042 1202 prout
1057 1124 1238 1187 secundum
1255 1127 1358 1184 Deum
1374 1125 1562 1186 animarum
1572 1125 1640 1188 tarn
1654 1117 1740 1186 cleri*

945 1237 1043 1299 quarn
1053 1222 1216 1283 laicorum
1229 1221 1373 1284 civitatis
1389 1222 1555 1298 praedictae
1567 1222 1666 1284 saluti
1679 1219 1746 1281 vi-'

944 1318 1060 1381 deritis
1075 1318 1245 1396 expedire.
1261 1318 1354 1379 Nulli
1376 1334 1456 1394 ergo
1478 1318 1612 1380 omnino
1628 1319 1738 1379 bomi-

943 1433 1022 1477 num
1044 1417 1145 1478 liceat
1167 1416 1254 1477 bano
1277 1417 1433 1492 paginam
1462 1416 1584 1477 nostrae
1607 1416 1738 1492 proteo-

941 1514 1043 1576 tionis
1067 1514 1260 1590 infringere,
1292 1514 1346 1575 vel
1374 1514 1406 1574 ei
1439 1529 1525 1574 ausu
1556 1513 1736 1574 1311313113

943 1611 1120 1674 331113113.
1140 1612 1174 1674 Si
1190 1613 1263 1688 quis
1276 1613 1386 1672 autem
1400 1610 1464 1672 boc
1479 1612 1643 1673 attentare
1656 1626 1738 1686 pree·

943 1709 1133 1786 sumpserit,
1150 1709 1412 1786 indignationem
1431 1708 1666 1786 omnipotentis
1677 1708 1738 1769 Dei

943 1823 982 1868 33
1009 1805 1181 1868 beatorum
1210 1807 1301 1868 Petri
1329 1808 1362 1868 et
1386 1805 1482 1868 Pauli
1511 1805 1737 1882 apostolorum

944 1906 1015 1979 ejus
1031 1921 1067 1964 se
1088 1903 1220 1966 noverit
1245 1904 1468 1964 incursurum.
1494 1903 1612 1963 Datum
1634 1903 1737 1964 Late-

943 2003 1029 2076 rani,
1053 2001 1151 2063 nonis
1171 2001 1371 2074 novembris,
1396 2000 1607 2078 pontificatus
1631 1997 1737 2060 nostri

943 2115 1031 2162 anno
1047 2099 1198 2176 septimo.

1296 2447 1387 2535 XIX

1003 2601 1056 2658 Ad
1069 2597 1225 2660 abbatem
1244 2599 1278 2658 31
1299 2596 1506 2662 conuentum
1530 2598 1679 2658 33313313

1075 2697 1213 2757 soracte
1226 2697 1353 2757 Marios
1369 2698 1410 2756 dc
1431 2695 1605 2771 Vfrptotts.

1200 2827 1233 2882 17
1249 2824 1382 2882 novemb.
1398 2825 1478 2882 ltin.

1053 2947 1176 3012 [Gattnla,
1190 2947 1253 2996 11131.
1265 2947 1324 2998 abb.
1335 2947 1444 3006 Cassia,
1453 2951 1472 2996 t.
1485 2947 1515 3008 11,
1526 2963 1553 3012 p.
1561 2945 1629 3011 191]

943 3073 1102 3132 1131131111
1118 3073 1191 3142 illos,
1210 3088 1282 3145 quos
1296 3072 1385 3130 abbas
1401 3080 1429 3130 et
1448 3079 1606 3131 conventus
1621 3088 1735 3132 monas·

978 3163 1041 3218 terii
1056 3161 1235 3220 cassinensis
1253 3160 1288 3218 ed
1303 3175 1403 3220 eorum
1417 3169 1513 3235 partes
1528 3160 1659 3219 duxerint
1670 3160 1737 3220 des·

977 3249 1121 3320 timendos,
1137 3249 1258 3307 honeste
1272 3249 1410 3322 recipiant
1429 3251 1539 3323 illisque
1554 3249 1656 3309 devote
1668 3249 1737 3308 obe·

978 3337 1067 3396 diant.

983 3465 1151 3526 Honorius
1161 3465 1348 3542 episcopus,
1359 3481 1475 3528 servus
1484 3481 1655 3528 servorum
1666 3465 1739 3537 Dei,

943 3561 1074 3624 dilectis
1095 3562 1175 3624 tiliis
1200 3562 1311 3624 abbati
1335 3563 1368 3624 et
1386 3563 1565 3624 conventui
1587 3562 1740 3624 ecclesiae

946 3661 1075 3721 Sanctae
1102 3660 1219 3720 Mariae
1248 3660 1288 3721 de
1318 3659 1490 3735 Virgiotis,
1529 3660 1669 3721 salutem
1707 3659 1742 3720 et

944 3757 1166 3832 Apostolicam
1182 3745 1473 3818 benedictionem(

984 3853 1133 3925 Qualiter
1173 3853 1269 3914 bonae
1302 3854 1470 3915 memoriae
1503 3857 1553 3928 Β.,
1584 3853 1673 3914 tituli
1704 3853 1737 3913 S.

946 3951 1109 4010 suzannae
1129 3949 1302 4026 presbyter
1318 3951 1511 4022 cardinalis,
1535 3951 1569 4010 in
1590 3948 1741 4027 partibus
1809 3957 1810 3961 ’

945 4047 1116 4109 Romaniae
1138 4048 1336 4124 Apostolicae
1355 4047 1449 4108 Sedis
1469 4048 1609 4124 legatus,
1631 4047 1741 4109 eccle-

945 4145 1029 4206 siam
1044 4144 1188 4206 vestram
1210 4145 1411 4206 monasterio
1434 4143 1613 4207 contulerit
1627 4145 1741 4206 Cassi·
1827 4225 1830 4230 Ι

944 4242 1051 4314 13131,
1067 4244 1162 4318 cujus
1178 4243 1428 4304 concessionem
1438 4243 1637 4304 auctoritate
1647 4242 1742 4302 duxi-

944 4353 1017 4400 mus
1025 4339 1216 4416 Apostolica
1230 4339 1502 4411 confirmandam,
1516 4341 1639 4411 vestra,
1654 4340 1741 4401 sicut

945 4437 1121 4508 credimus,
1137 4435 1292 4497 discretio
1321 4452 1388 4497 non
1412 4437 1555 4512 ignorat.
1572 4436 1652 4496 lnde
1676 4437 1737 4507 est,

944 4534 1031 4611 quod
1056 4534 1307 4596 universitatem
1331 4534 1477 4594 vestram
1496 4547 1668 4594 monemus
1683 4535 1739 4594 at-

944 4631 1069 4694 tentius
1096 4631 1129 4694 et
1147 4631 1330 4702 hortamur,
1354 4645 1414 4706 per
1434 4629 1625 4706 Apostolica
1644 4629 1740 4692 vobis

945 4729 1070 4806 scripta
1089 4728 1297 4798 mandantes,
1312 4727 1473 4802 quatenus
1486 4727 1576 4797 illos,
1590 4727 1740 4804 quosdi·

945 4827 1022 4889 lecti
1036 4826 1097 4886 lilii
1113 4824 1215 4886 abbas
1235 4826 1268 4886 31
1291 4825 1472 4886 conventus
1497 4823 1576 4887 dicti
1601 4840 1739 4886 monas-

944 4924 1021 4986 terii
1042 4923 1082 4984 ad
1105 4925 1215 5000 partes
1235 4923 1365 4984 vestras
1387 4921 1545 4983 duxerint
1570 4922 1743 4985 destinan-

944 5021 1014 5093 dos,
1035 5020 1235 5096 recipientes
1249 5019 1388 5081 honeste
1408 5020 1441 5082 31
1465 5019 1648 5081 honorifice
1663 5035 1741 5097 per-

943 5118 1136 5188 tractantes
1165 5117 1299 5178 illorum
1327 5117 1463 5179 monilis
1504 5117 1538 5178 et
1576 5117 1741 5177 mandatis

944 5215 1105 5278 obediatis
1121 5213 1291 5278 humiliter
1311 5216 1344 5276 et
1365 5215 1493 5276 devote.
1506 5213 1624 5274 Datum
1637 5213 1740 5274 Late-

943 5312 1030 5386 rani,
1056 5315 1115 5373 XV
1130 5310 1291 5373 kalendas
1311 5311 1507 5382 decembris,
1528 5309 1740 5388 pontificatus

944 5409 1051 5472 nostri
1064 5424 1153 5472 anno
1169 5410 1319 5486 septimo.
