4080 6328
716 347 943 406 EPISTOLAE.
968 350 1046 409 LIB.
1070 350 1125 410 lx.

461 539 540 625 CLI

99 700 151 758 Ad
176 700 355 769 66666666,
379 699 415 758 Jt
439 701 718 761 archidiaconum
743 700 776 762 ct
800 703 893 762 Bar-

143 799 297 856 nardum
319 798 525 856 carrorrtcarn
544 797 843 858 cathalaunenses.

396 937 411 991 7
431 934 499 990 maii
520 934 598 992 laub.

128 1055 251 1120 [Regest.,
268 1056 312 1106 lib.
322 1057 366 1115 lx,
376 1055 450 1120 epist.
460 1057 515 1106 2118.
525 1059 581 1108 tiss.
591 1058 626 1108 La
637 1059 710 1108 Porta
722 1058 756 1108 du
770 1058 864 1122 Thali]

96 1179 218 1240 Mandat
236 1182 295 1250 eis,
315 1189 346 1238 ut
365 1183 394 1238 in
418 1196 504 1238 causa
524 1197 587 1254 quaa
606 1183 679 1238 inter
698 1189 896 1254 procuratores

132 1269 344 1342 archiepiscopi
359 1269 533 1326 senonensis
547 1277 575 1326 et
590 1269 739 1328 abbatissae
756 1270 896 1329 lotrensis

132 1357 308 1426 vertebatur,
329 1357 495 1415 convocatis
516 1357 652 1430 partibus,
676 1357 752 1430 quod
775 1358 893 1415 canoni·

130 1459 201 1502 cum
216 1446 309 1502 visum
325 1443 409 1502 suerit
424 1446 617 1518 pronuntient.

136 1580 319 1652 Honorius,
348 1580 425 1651 etc,
452 1579 582 1643 dilectis
595 1579 711 1640 liliis...
728 1581 893 1642 decanol.

95 1676 337 1738 archidiacono
353 1678 386 1738 et
403 1677 573 1738 Bernardo
595 1677 756 1739 canonico
769 1677 894 1739 Catha-

95 1773 267 1844 launeusi,
285 1774 437 1846 salutem,
454 1775 517 1837 etc.

136 1873 189 1931 Ex
218 1873 312 1947 parte
341 1870 543 1932 venerabilis
576 1870 689 1933 fratris
722 1872 827 1934 nostri
832 1914 893 1932 .....

95 1968 305 2029 senonensis
331 1969 574 2045 archiepiscopi
604 1969 666 2031 luit
691 1969 894 2044 propositum

94 2081 213 2126 coram
237 2065 344 2138 nobis,
361 2065 448 2142 quod
473 2065 551 2128 olim
555 2109 614 2126 .....
638 2066 895 2128 archidiaconus

93 2163 313 2224 Pontinansis
328 2164 361 2226 61
382 2162 518 2240 collegis
533 2164 638 2240 ipsius
654 2163 693 2224 de
709 2163 772 2234 sui,
798 2166 830 2226 et
833 2207 892 2224 .....

93 2260 276 2322 abbatissae
296 2261 461 2322 lotrensis
481 2264 733 2338 procuratorum
756 2276 895 2322 assensu

92 2357 248 2420 dedimus
275 2359 310 2419 in
336 2358 517 2430 mandatis,
550 2359 587 2420 ut
616 2374 781 2436 supereo
808 2358 894 2435 quod

93 2455 185 2516 idem
217 2456 488 2532 archiepiscopus
520 2455 720 2518 abbatissam
745 2456 893 2516 666666

92 2569 198 2629 super
211 2553 445 2630 jurisdictione
457 2553 621 2614 lotrensis
637 2553 832 2614 monasterii
855 2569 895 2614 ac

91 2649 195 2710 rebus
233 2650 309 2710 aliis
343 2649 502 2727 injuriari
537 2649 600 2711 sibi
636 2649 782 2721 dicebat,
805 2651 838 2711 et
875 2665 895 2710 a

90 2751 191 2824 parte
208 2748 471 2825 respondebatur
482 2747 622 2808 adversa
638 2747 747 2824 ipsum
760 2763 895 2809 monas·

91 2846 221 2908 terium
243 2861 315 2906 6666
337 2844 489 2916 liberum,
504 2845 536 2906 et
548 2846 747 2922 exemptum,
764 2860 894 2906 necnon

91 2959 199 3020 super
221 2943 448 3020 suspensionis
469 2942 643 3014 sententia,
666 2958 764 3018 quam
786 2941 892 3003 abba-

91 3041 177 3102 tissa
200 3041 323 3118 injuste
341 3042 375 3102 in
397 3057 433 3102 se
454 3041 555 3102 latam
578 3039 618 3102 ab
640 3039 893 3116 archiepiscopo

90 3137 307 3216 querebatur,
321 3153 360 3200 ac
373 3138 514 3211 damnis,
528 3140 560 3199 et
581 3137 714 3213 injuriis
724 3137 766 3198 ab
777 3137 893 3198 eodem

90 3237 350 3312 archiepiscopo
366 3237 403 3297 61
413 3235 628 3312 proponebat,
647 3234 816 3297 abbatissa
832 3251 892 3296 suo

90 3333 300 3394 monasterio
315 3333 484 3408 irrogatis,
500 3333 621 3395 6161116
637 3331 788 3394 articulis
812 3347 893 3393 666-

90 3447 183 3502 sam,
208 3431 299 3490 6166
321 3431 466 3506 partium
487 3430 657 3491 voluntate
686 3430 890 3506 procederet,

90 3531 160 3590 fine
185 3527 296 3589 debito
315 3528 558 3589 terminarent:
584 3527 733 3605 alioquin
755 3544 828 3588 666
851 3529 891 3588 66

92 3643 156 3688 666
202 3622 409 3686 remitterent
450 3625 656 3686 sufficienter
700 3623 891 3686 instructanr

90 3724 336 3800 competentem
374 3722 572 3794 terminum,
607 3738 671 3798 quo
707 3725 820 3782 nostro
856 3737 891 3781 66

90 3821 335 3899 praesentarent
369 3819 571 3896 conspectui,
595 3819 745 3897 partibus
778 3817 890 3895 assig-

91 3919 219 3981 nando.

126 4016 311 4078 Abbatissa
324 4031 403 4078 uero
416 4015 533 4077 contra
547 4014 707 4092 quosdam
719 4012 891 4090 presbyte-

89 4129 159 4186 ros,
178 4116 212 4176 61
226 4115 369 4176 clericos
381 4116 552 4176 ι16666666
568 4128 668 4189 super
680 4111 795 4173 eadem
811 4126 890 4171 666-

89 4212 266 4289 pensionis
279 4211 455 4283 sententia,
468 4210 628 4287 quasdam
643 4210 683 4270 ad
695 4209 826 4270 666666
834 4211 892 4286 ju-

89 4311 185 4371 dices
204 4309 366 4386 speciales
390 4308 519 4369 litteras
534 4307 594 4368 sub
609 4307 725 4368 eadem
740 4307 829 4376 data,
847 4305 888 4366 (16

88 4408 169 4469 61116
187 4407 355 4468 66611666
367 4422 434 4466 666
449 4403 575 4476 666116,
590 4403 809 4465 nihilominus
824 4403 890 4463 16-

86 4505 246 4582 petrauit.
261 4503 484 4565 conveniente
498 4503 610 4579 itaque
626 4501 795 4563 abbatissa
807 4517 890 4578 praa-

86 4603 158 4664 iata
172 4601 278 4663 dictos
293 4600 512 4678 presbyteros
528 4603 561 4661 et
576 4599 717 4660 clericos
731 4615 791 4675 per
807 4615 888 4659 eas-

87 4701 166 4762 dem
182 4699 310 4761 litteras
336 4699 498 4775 speciales
520 4697 553 4758 et
575 4697 826 4773 archiepiscopo
847 4696 888 4756 66

88 4797 284 4860 eorumdem
306 4796 555 4857 denuntiatione
575 4795 725 4873 judicum
743 4809 802 4871 pro
819 4811 888 4854 6666

86 4895 285 4958 6616661666
299 4894 472 4955 sententiae
496 4895 720 4969 comparente,
744 4892 888 4953 formato

87 5007 223 5072 qnoque
234 4991 344 5053 1166116
360 4991 476 5052 contra
489 4991 621 5051 eosdem
634 4989 844 5067 presbyteros
857 4989 889 5050 61

88 5087 889 5168 clericossuperpraedictasuspensionissenteu-

89 5191 148 5260 tia,
163 5203 262 5266 quiam
273 5187 399 5248 irritari
415 5189 582 5262 tamquam
597 5185 696 5245 latam
713 5201 732 5244 6
748 5201 814 5245 666
828 5199 888 5245 666

85 5287 204 5364 judice
216 5283 416 5362 postulabat,
429 5299 468 5345 ac
482 5283 535 5344 die
548 5283 589 5344 66
600 5282 888 5359 interloquendum

90 5399 194 5461 super
218 5381 413 5460 quibusdam
434 5380 685 5457 exceptionibus
705 5381 886 5456 assignato,

90 5483 209 5544 eadem
224 5480 391 5541 abbatissa
413 5495 526 5540 coram
541 5478 623 5556 ipsis
640 5478 810 5560 judicibus
831 5494 890 5554 per

90 5579 244 5642 obtentas
257 5578 296 5638 de
310 5593 448 5638 6666666
461 5577 605 5654 partium
619 5577 748 5638 litteras
762 5576 889 5638 arclne

92 5679 266 5754 piscopum
291 5677 446 5738 conuenit
472 5675 634 5747 eumdem,
660 5674 774 5751 petens
795 5676 887 5752 jam-

1684 344 1743 406 846
1835 291 1841 308 Ι

950 507 1072 572 616166
1088 507 1316 584 suspensionis
1333 507 1530 570 sententiam
1545 507 1744 584 tamquama

949 621 1016 666 non
1038 621 1098 666 suo
1115 605 1230 682 J'udice
1244 605 1484 681 promulgatam
1505 603 1635 664 irritam
1657 619 1745 663 nuu-

950 703 1039 764 tiari.
1063 703 1264 764 Procurator
1285 717 1364 762 vero
1395 701 1636 778 archiepiscopi
1669 715 1743 761 res-

950 798 1064 876 pondit
1095 801 1230 861 econtra
1261 799 1347 876 quod
1378 815 1445 860 nou
1473 798 1546 860 erat
1575 797 1744 858 abbatissa

951 898 1066 958 eadem
1087 897 1268 968 audienda,
1292 912 1366 958 curn
1397 897 1432 957 in
1465 911 1548 966 666,
1574 897 1672 972 prout
1704 895 1744 956 de

950 1010 1035 1056 novo
1051 994 1093 1056 ad
1107 995 1260 1056 notitiam
1275 996 1347 1070 eJ'us
1368 995 1565 1070 pervenerat
1580 993 1744 1054 sententia

950 1092 1305 1154 excommunicationis
1345 1110 1364 1152 6
1368 1134 1428 1150 .....
1470 1093 1605 1152 cantore
1645 1091 1743 1150 Pari-

950 1190 1067 1261 siensi,
1105 1192 1137 1251 61
1172 1191 1241 1249 6616
1283 1187 1511 1266 conjudicibus
1548 1189 1745 1249 auctoritate

949 1287 1140 1364 apostolica
1156 1288 1224 1348 lata
1238 1286 1331 1348 toret.

990 1386 1070 1445 Cum
1089 1387 1198 1446 autem
1221 1385 1450 1460 exceptionem
1472 1383 1663 1460 hujusmodi
1683 1384 1744 1444 ad-

950 1479 1102 1541 miserint
1122 1479 1188 1556 ipsi
1205 1480 1347 1556 judices,
1373 1482 1405 1540 61
1426 1479 1594 1540 abbatissa
1619 1479 1745 1541 diceret

950 1577 1056 1654 16666
1080 1577 1432 1638 excommunicationis
1461 1577 1658 1638 sententiam
1685 1592 1744 1653 per

950 1674 1118 1750 delegatos
1131 1691 1151 1736 a
1165 1674 1260 1736 nobis
1272 1674 1402 1752 judices
1418 1675 1612 1746 relaxatam,
1632 1675 1685 1736 die
1702 1675 1742 1735 ad

950 1771 1013 1832 666
1055 1771 1261 1848 probandum
1298 1772 1362 1832 sibi
1395 1773 1552 1848 praelixa,
1583 1772 1742 1849 quasdam

950 1869 1078 1931 litteras
1100 1869 1160 1930 sub
1180 1869 1300 1946 sigillis
1304 1913 1364 1930 .....
1391 1870 1537 1930 cantoris
1559 1869 1742 1932 cathalau-

950 1967 1063 2026 nensis
1076 1969 1109 2028 et
1121 1983 1258 2028 suorum
1281 1967 1490 2044 conjudicum
1504 1967 1742 2044 delegatorum,

950 2065 985 2125 61
1000 2064 1164 2132 61666661,
1180 2081 1200 2126 6
1216 2064 1321 2140 66616,
1338 2064 1452 2126 66666
1468 2064 1636 2126 abbatissa
1647 2064 1745 2125 exhi-

950 2161 1021 2224 buit
1044 2162 1262 2234 continentes,
1277 2163 1363 2238 quod
1387 2163 1453 2238 ipsi
1473 2163 1665 2238 praedietam
1682 2178 1744 2223 ex-

950 2260 1296 2327 communicationem,
1321 2260 1354 2321 et
1377 2260 1617 2336 suspensionis,
1636 2261 1668 2320 et
1692 2261 1745 2320 iu·

950 2355 1082 2418 terdicti
1097 2357 1280 2420 sententias
1295 2357 1557 2434 promulgatas...
1574 2373 1594 2418 a
1610 2359 1745 2419 cantore

953 2455 1134 2515 Parisiensi
1151 2456 1265 2516 616616
1280 2455 1417 2530 collegis
1431 2456 1467 2515 in
1481 2455 1597 2532 ipsam,
1613 2457 1645 2516 et
1660 2471 1745 2516 com·

950 2552 1158 2614 manicantes
1183 2553 1290 2614 eidem
1313 2553 1428 2613 irritas
1447 2539 1694 2624 nuntiaverant,
1711 2554 1744 2614 61

950 2649 1078 2710 inanes.
1097 2650 1159 2710 Sed
1176 2666 1251 2710 cum
1271 2631 1466 2726 procurator
1487 2650 1741 2727 archiepiscopi,

950 2747 1163 2810 renuntiante
1187 2747 1281 2824 parte
1296 2747 1413 2819 altera,
1432 2764 1532 2824 super
1546 2747 1608 2808 hoc
1622 2748 1744 2824 proba-

950 2844 1095 2907 tionibus
1117 2844 1194 2906 61116
1216 2860 1235 2906 6
1257 2845 1426 2906 contrario
1450 2844 1665 2922 responderet
1688 2845 1744 2906 lit-

948 2944 1040 3003 teras
1069 2942 1161 3018 ipsas
1185 2958 1251 3002 non
1280 2942 1433 3003 sulficere
1453 2942 1494 3003 ad
1514 2942 1743 3020 probationem

949 3040 1167 3101 absolutionis
1183 3039 1342 3116 ejusdem,
1360 3056 1434 3101 oum
1454 3055 1514 3100 nec
1530 3039 1744 3101 exhiberetur

949 3138 1144 3214 rescriptum
1171 3138 1411 3214 apostolicum,
1442 3153 1504 3198 nec
1530 3137 1606 3198 aliae
1635 3136 1743 3200 lorent

949 3233 1159 3311 probationes
1182 3236 1325 3296 inductae
1352 3251 1410 3312 per
1431 3251 1514 3312 quas
1536 3235 1576 3296 66
1591 3235 1744 3312 jamdicti

948 3333 1094 3395 cantoris
1110 3333 1387 3394 cathalaunensis
1411 3333 1444 3394 61
1465 3349 1601 3396 suorum
1625 3336 1743 3410 conju-

948 3431 1057 3491 dicum
1064 3431 1299 3507 jurisdictione
1313 3432 1491 3502 constaret,
1503 3431 1602 3492 iidem
1611 3431 1742 3508 judices

947 3529 1189 3604 propositiones
1221 3527 1411 3604 hujusmodi
1438 3544 1504 3588 nou
1528 3543 1602 3589 esse
1626 3530 1741 3590 contra

947 3626 1079 3692 easdem
1093 3625 1221 3686 litteras
1244 3625 1475 3696 admittendas,
1494 3627 1526 3686 et
1539 3626 1630 3702 ipsas
1646 3625 1741 3685 sulli-

947 3739 1022 3784 cere
1050 3722 1091 3783 ad
1119 3722 1346 3799 probationem
1373 3722 1592 3784 absolutionis
1621 3722 1738 3798 ipsius,

947 3835 1005 3896 per
1028 3820 1203 3896 6666666
1226 3819 1509 3880 interlocutoriam
1533 3819 1741 3896 protulerunt

947 3918 980 3978 in
997 3917 1140 3992 negotio,
1158 3932 1217 3994 per
1231 3916 1358 3979 litteras
1380 3920 1495 3978 contra
1526 3917 1736 3994 presbyteros

946 4017 978 4076 et
992 4014 1131 4075 clericos
1154 4015 1358 4092 impetratas,
1373 4014 1415 4075 ad
1435 4015 1657 4092 receptionem
1671 4016 1741 4077 166-

945 4112 1158 4174 timoniorum
1171 4127 1271 4188 super
1280 4111 1508 4187 suspensionis
1519 4114 1685 4175 sententia
1696 4114 1741 4174 ci·

945 4211 996 4269 tra
1009 4208 1077 4269 litis
1097 4208 1336 4269 contestatione
1347 4225 1354 4282 ;
1367 4209 1613 4272 contradicente
1625 4227 1740 4286 procu-

945 4308 1055 4368 ratore
1067 4306 1320 4383 archiepiscopi,
1328 4308 1361 4368 et
1370 4307 1411 4366 ad
1425 4306 1650 4368 defensionem
1663 4323 1740 4368 sen-

944 4405 1058 4466 tentiae
1082 4407 1273 4466 memorata
1296 4406 1412 4480 parato
1439 4404 1554 4464 contra
1574 4405 1740 4481 Justitiam

944 4502 1173 4579 procedentes,
1188 4501 1429 4578 propterquod,
1443 4502 1476 4562 61
1485 4501 1552 4561 6116
1566 4503 1740 4578 praemissa

944 4600 1139 4676 gravamina
1174 4599 1261 4660 1666
1293 4598 1563 4675 archiepiscopus
1592 4600 1739 4661 sentiens

944 4697 1090 4760 indebite
1112 4713 1148 4758 se
1171 4696 1326 4772 gravari,
1355 4698 1502 4759 nostram
1534 4697 1739 4760 audientiam

944 4795 1134 4873 appellavit,
1159 4795 1192 4856 et
1214 4811 1274 4871 per
1297 4796 1545 4872 procuratorem
1568 4812 1664 4858 suurn
1679 4813 1740 4874 ap-

944 4893 1156 4970 pellationem
1170 4893 1398 4968 interpositam
1414 4897 1609 4968 prosecutus
1625 4897 1740 4971 postu-

944 4991 1026 5052 lavit
1041 5007 1060 5050 a
1076 4990 1182 5058 nobis,
1206 4990 1295 5052 utin
1318 4990 1449 5052 irritum
1470 4991 1620 5052 revocari
1643 4992 1739 5067 quic-

945 5088 1022 5164 quid
1035 5087 1371 5164 postappellationem
1383 5086 1532 5149 eamdem
1541 5088 1738 5150 attentatum

945 5186 1106 5247 existeret
1120 5184 1365 5246 mandaremus.

986 5284 1187 5344 Procurator
1201 5282 1311 5342 autern
1326 5281 1502 5342 abbatissae
1523 5281 1665 5344 obtentis
1681 5299 1739 5344 su-

946 5396 1004 5458 per
1021 5382 1083 5442 hoc
1098 5380 1228 5451 litteris,
1241 5380 1276 5440 in
1290 5379 1455 5440 communi
1469 5381 1640 5442 audientia
1652 5397 1736 5442 con-

945 5478 1112 5540 tradicens
1130 5477 1301 5554 proposuit
1325 5493 1367 5538 ex
1393 5476 1544 5548 adverso,
1562 5479 1738 5554 quodcum

947 5573 1147 5648 supradictis
1170 5570 1337 5648 judicibus
1352 5570 1393 5630 de
1408 5569 1570 5630 dictorum
1593 5574 1738 5632 cantoris

946 5670 1233 5752 cathalaunensis,
1247 5672 1279 5730 et
1287 5668 1496 5745 conjudicum
1510 5684 1645 5729 suorum
1661 5684 1740 5746 pra-
