3948 6326
895 355 1070 456 HONORII
1092 357 1138 416 111
1160 357 1307 419 OPERA.
1856 359 1904 420 581

279 349 341 412 583

278 524 377 588 quam
389 508 476 572 idem
500 461 613 573 tulerit
627 511 668 572 in
683 509 825 572 rebelles
839 511 946 574 ratam
961 514 994 575 et
1010 513 1070 574 dr·
1124 515 1155 576 te
1170 516 1305 592 plenum
1317 517 1477 578 sortiatur
1489 515 1653 590 effectum,
1665 531 1727 580 nec
1738 517 1846 578 minus
1855 518 1904 580 tua

272 622 366 668 mam
381 591 577 668 habebimus
600 609 634 669 et
657 607 818 670 faciamus
842 611 978 672 auctore
1004 613 1071 674 Do·
1124 612 1233 675 solvat
1243 613 1427 676 liberalitas
1435 615 1702 692 quamprornisit,
1710 615 1904 691 imperialem

277 703 368 764 mino
385 704 624 766 inviolabiliter
636 704 820 767 observari.

577 1024 766 1112 CLXXIV

395 1186 447 1244 Ad
469 1186 690 1246 Frtdettcnm
712 1188 950 1246 Romanorum

541 1283 800 1355 imperatorem.

469 1417 549 1492 (Sine
561 1428 627 1477 nota
643 1419 871 1495 chronologica.)

366 1550 640 1612 [lluillerd-Brebolles,
653 1553 716 1604 liist.
729 1554 847 1620 diplom,
861 1553 974 1620 11121]

274 1675 416 1733 Honorius
431 1691 504 1748 pape
527 1676 676 1736 Frederico
691 1680 885 1737 Romanorum
900 1679 1065 1753 imperatori

308 1764 418 1835 gratias
433 1765 493 1838 agit
509 1765 585 1838 qnod
600 1765 635 1824 ad
654 1768 844 1824 interventum
859 1783 942 1826 sunm
958 1769 1065 1842 (Roge-

305 1851 392 1926 rium)
408 1854 542 1911 comitem
567 1853 733 1912 Fundanum
755 1855 905 1926 dimiserit,
925 1865 1065 1930 rogatque

265 1997 279 2016 ,
305 1946 336 1998 nt
348 1940 529 2013 superaddita
540 1943 633 2015 gratia
647 1943 736 2000 illium
749 1943 878 2016 ejnsdem
891 1960 1005 2018 quoque
1019 1945 1062 2003 di·

306 2027 408 2097 mittat,
422 2044 509 2100 quum
528 2045 580 2103 pro
600 2029 701 2088 eodem
725 2033 829 2090 comite
850 2048 882 2089 se
897 2033 1065 2106 obligaverit

306 2114 381 2188 quod
396 2117 466 2175 nibil
480 2125 577 2176 contra
591 2119 685 2191 ipsum
697 2119 855 2178 attentabit.

311 2251 478 2312 Honorius
489 2253 674 2330 episcopus,
685 2270 803 2317 servus
811 2271 983 2318 servorum
992 2257 1062 2329 Dei,

270 2347 446 2410 Frederico
460 2351 683 2412 Romanorum
698 2353 903 2429 imperatori,
923 2355 1063 2417 salutern

269 2443 305 2505 61
315 2445 538 2522 apostolicam
547 2447 821 2512 benedictionem.

309 2543 477 2618 Imperiali
489 2547 735 2609 mansuetudini
745 2549 930 2622 gratiarum
945 2549 1063 2626 dignas

269 2638 444 2701 referimus
457 2643 605 2704 actiones
620 2643 707 2721 qnod
718 2644 874 2706 dilectum
887 2646 992 2708 tilium
1007 2663 1064 2708 no·

269 2735 369 2798 bilem
384 2739 530 2800 virum...
547 2742 700 2803 comitem
715 2743 911 2804 Fundanum
922 2761 982 2821 pro
998 2761 1063 2822 quo

272 2833 463 2911 specialiter
477 2837 509 2898 61
534 2839 702 2917 praecipne
724 2840 918 2915 magistrum
933 2841 1062 2904 1161111-

201 2991 206 2998 ,
270 2931 347 2992 dnm
362 2932 560 2996 familiarem
582 2938 731 2998 nostrum
752 2938 793 2998 ad
808 2939 841 3000 16
865 2954 939 2999 cnm
959 2940 1063 3002 multa

269 3028 390 3090 fiducia
410 3031 663 3102 destinavimus,
678 3033 720 3094 ad
741 3035 889 3097 nostram
909 3052 1061 3113 praesen-

267 3125 350 3187 tiam
372 3128 541 3191 remisisti.
558 3131 681 3191 Verum
696 3131 726 3192 si
744 3131 801 3192 tua
820 3133 1064 3196 rememinisset

270 3224 433 3286 serenitas
461 3241 535 3286 cnm
565 3229 689 3303 quanto
715 3228 836 3290 affectu
875 3231 1062 3308 quantaque

1123 710 1411 773 mansuetudinem
1425 727 1591 787 rogamus,
1608 727 1780 774 monemus
1791 713 1824 774 et
1836 713 1904 774 bor-

1124 807 1901 886 tamurattenteomniaffectionequapossumus,

1125 905 1288 982 quatenns
1302 906 1491 982 recogitans
1506 906 1763 982 magnanimiter
1782 907 1861 984 quod
1875 908 1903 968 in
1962 959 1963 964 ,

1123 1001 1276 1062 donando
1291 1003 1325 1064 et
1347 1002 1382 1064 in
1407 1003 1571 1080 parcendo
1595 1003 1802 1066 immensitas
1824 1004 1902 1065 16116

1123 1099 1267 1176 principi
1278 1100 1401 1176 optima
1412 1101 1462 1162 est
1476 1115 1643 1172 mensura,
1653 1101 1777 1162 dictum
1786 1101 1902 1162 comitis

1125 1195 1229 1255 tilium
1244 1195 1428 1258 liberaliter
1442 1197 1538 1258 nobis
1553 1196 1693 1268 donans,
1707 1213 1783 1258 eum
1797 1197 1838 1258 ad
1852 1213 1901 1258 uns

1123 1291 1273 1354 absoluta
1284 1295 1447 1365 remittas,
1461 1294 1538 1371 quia
1551 1310 1611 1371 pro
1622 1294 1709 1356 dicto
1722 1295 1842 1356 comite
1852 1309 1901 1355 nos

1123 1388 1345 1466 fideiussiorie
1361 1390 1545 1466 obligamus
1556 1392 1641 1468 qnod
1654 1393 1815 1453 66111616
1829 1391 1901 1452 nibil

1122 1485 1252 1563 penitus
1267 1487 1452 1559 attentabit,
1469 1489 1525 1550 sed
1538 1505 1599 1566 pro
1612 1503 1710 1566 posse
1725 1489 1794 1550 tuis
1805 1488 1901 1549 bene·

1122 1584 1253 1659 placitis
1271 1584 1482 1661 obsequetur,
1503 1601 1640 1661 sperans
1655 1586 1744 1662 apud
1758 1587 1791 1647 te
1806 1586 1901 1646 nostri

1121 1681 1265 1743 maxime
1282 1683 1470 1744 interventu
1496 1684 1745 1759 propensiorem
1771 1684 1900 1758 gratiam

1120 1779 1282 1839 invenire.
1297 1782 1416 1840 Preces
1429 1780 1538 1840 autem
1553 1780 1684 1840 nostras
1697 1780 1761 1840 hac
1773 1779 1900 1841 niceta·

1121 1875 1197 1937 liter
1207 1875 1388 1952 adimpleas
1404 1878 1489 1952 quod
1505 1877 1680 1939 mendaces
1694 1877 1847 1938 ostendas
1861 1876 1899 1936 il·

1120 1973 1169 2033 los
1184 1974 1239 2050 qni
1255 1988 1298 2033 ex
1313 1973 1375 2034 boc
1390 1975 1504 2036 contra
1529 1975 1562 2035 16
1587 1973 1792 2036 mendaciter
1815 1989 1900 2033 mnr-
1963 2047 1964 2052 ἵ

1120 2071 1262 2137 murant,
1279 2071 1312 2131 et
1325 2086 1387 2131 nos
1398 2071 1622 2154 sinceritatem
1637 2070 1730 2131 tuam
1745 2085 1901 2132 commen·
1963 2057 1964 2064 '

1120 2166 1237 2229 dantes
1251 2168 1286 2228 in
1303 2167 1441 2230 Domino
1464 2167 1585 2230 reddas
1610 2167 1727 2230 merito
1755 2167 1899 2229 laetiores.

1433 2470 1600 2559 CLXXV

1286 2623 1337 2682 Ad
1350 2622 1539 2695 capitatum
1552 2625 1753 2684 Bremensc.

1407 2755 1420 2809 1
1435 2751 1532 2825 aprilis
1547 2751 1626 2810 itas.

1196 2874 1379 2940 pappsmsrg,
1396 2875 1532 2940 neuburg.
1546 2876 1602 2934 nu,
1616 2877 1635 2934 1,
1650 2873 1706 2934 tto,
1726 2834 1832 2938 6116]

1118 3001 1358 3073 Compromissum
1377 3015 1463 3074 snper
1484 3002 1548 3075 juro
1570 3000 1696 3076 eligendi
1718 3008 1857 3074 pastorem
1873 3000 1897 3054 in

1171 3091 1317 3148 Bremensi
1332 3090 1453 3148 ecclesia
1473 3097 1501 3147 61
1517 3090 1581 3148 aliis
1594 3089 1679 3148 rebus
1696 3089 1852 3148 confirmat.

1157 3225 1518 3301 Honorinsepiscopns,
1531 3241 1647 3286 servus
1658 3221 1895 3290 servornmnei,
1964 3219 1965 3308 i

268 3319 430 3380 instantia
448 3322 480 3382 te
495 3323 721 3398 quampluries
737 3340 803 3386 non
821 3325 928 3387 solum
943 3327 1063 3389 litteris
1117 3321 1247 3382 dilectis
1263 3321 1352 3395 filiis,
1369 3323 1514 3399 capitulo
1527 3322 1711 3393 Bremensi,
1727 3319 1897 3383 salutemet
1964 3405 1965 3414 ἵ

269 3415 325 3478 sed
337 3417 414 3478 viva
425 3433 506 3479 voce
520 3434 580 3497 pro
593 3419 665 3496 ipso
680 3422 881 3498 rogavimus,
895 3426 928 3485 et
939 3426 1063 3500 quanta
1117 3418 1340 3495 Apostolicam
1355 3419 1630 3481 benedictionem.

270 3513 510 3590 pollicitatione
525 3517 557 3579 te
579 3518 702 3579 nostris
726 3519 879 3595 precibus
903 3523 1062 3584 annuisse
1158 3519 1203 3577 Ea
1218 3531 1291 3592 (111ae
1306 3532 1366 3593 pro
1381 3515 1597 3578 ecclesiarum
1613 3515 1851 3592 tranquillitate
1870 3512 1898 3573 02

269 3627 359 3688 spem
386 3611 530 3683 dederis,
561 3629 769 3691 nequaquam
802 3616 916 3678 forsan
945 3619 1061 3681 contra
1118 3612 1579 3690 1106110111911111111111111,
1603 3609 1897 3689 11110310110011111

268 3709 376 3786 ipsum
392 3709 427 3769 in
448 3710 559 3787 aliquo
573 3713 804 3788 processisses,
824 3715 880 3776 sed
893 3703 1062 3793 eum'spa·
1118 3711 1301 3772 munimine
1320 3709 1484 3782 roborari,
1504 3726 1548 3772 ne
1569 3725 1727 3788 processu
1752 3707 1897 3785 temporis

269 3806 400 3869 cialiter
420 3810 533 3870 nostro
560 3809 760 3872 honorasses
785 3811 936 3885 obtentu,·
962 3816 995 3875 et
1015 3813 1063 3874 sic
1118 3808 1152 3868 in
1190 3806 1369 3868 oblivionis
1401 3808 1571 3869 interitum
1607 3809 1661 3870 vel
1694 3804 1897 3868 dubitationis

270 3900 354 3964 falsa
369 3906 456 3966 esset
474 3905 692 3981 quorumdam
707 3907 820 3984 opinio
841 3910 1062 3971 asserentium
1118 3905 1311 3980 scrupulum
1332 3902 1532 3965 dilabantur.
1551 3907 1638 3966 Sane
1658 3905 1776 3981 petitio
1798 3902 1895 3964 vestra

269 4000 355 4076 quand
371 4000 411 4060 ad
428 4001 490 4062 boc
504 4002 612 4078 ipsum
628 4003 748 4065 feceris
760 4005 903 4066 detineri
916 4006 952 4067 ut
967 4007 1063 4068 nobis
1118 4000 1214 4064 nobis
1227 4000 1375 4062 exhibita
1389 4000 1589 4073 continebat,
1606 4001 1804 4078 quodquam
1819 4015 1893 4060 ⁰³¹¹·

270 4095 412 4157 donares
426 4098 586 4159 eumdem.
602 4101 764 4162 Caeterum
775 4118 816 4164 ne
829 4102 1063 4165 liberalitatem
1118 4114 1189 4160 sam
1204 4114 1288 4175 quae,
1304 4099 1462 4163 intervos
1482 4101 1634 4174 exparte
1651 4113 1718 4158 una
1733 4098 1766 4160 et
1780 4096 1897 4173 capitu-

269 4194 361 4255 tuam
377 4194 617 4272 quaestionibus
642 4197 849 4275 impugnare,
870 4201 928 4260 sed
953 4200 1063 4278 potius
1118 4195 1346 4256 lumecclesite
1360 4195 1897 4272 Hamburgensisexaltera,super

269 4291 501 4354 commendare
517 4293 670 4370 precibus
685 4293 889 4368 deberemus,
902 4297 1063 4359 vellemus
1114 4295 1191 4371 jnre
1212 4292 1356 4368 eligendi
1372 4293 1538 4370 pastorem
1561 4293 1594 4354 in
1614 4293 1787 4355 Bremensi
1802 4290 1897 4352 eccle-

270 4389 307 4450 ut
328 4389 517 4466 prudenter,
539 4389 626 4452 sicut
648 4391 752 4464 decet,
779 4393 950 4455 attendens
977 4395 1062 4472 quod
1119 4391 1169 4452 sia
1185 4392 1217 4453 et
1238 4389 1314 4450 aliis
1336 4389 1435 4451 rebus
1459 4389 1661 4462 vertebatur,
1678 4389 1719 4452 ab
1739 4384 1896 4452 audientia

270 4487 419 4549 Christus
448 4503 513 4549 non
538 4487 722 4561 dimidium,
746 4489 803 4552 sed
822 4491 926 4552 totum
954 4492 1064 4553 bomi—
1118 4487 1286 4548 scolastici
1301 4487 1534 4548 ildesemensis
1546 4489 1580 4549 et
1599 4487 1808 4565 conjudicum
1820 4487 1894 4561 ejus,

269 4598 344 4644 nem
368 4582 496 4645 salvum
517 4583 606 4657 iecit,
626 4585 660 4646 et
673 4586 849 4648 advertens
874 4588 959 4664 quod
982 4604 1063 4665 pro·
1118 4583 1174 4661 qui
1189 4599 1232 4645 ex
1252 4583 1460 4660 delegatione
1480 4586 1593 4646 nostra
1609 4583 1845 4660 cognoscebant
1861 4579 1897 4639 de

269 4680 351 4756 prise
366 4679 576 4744 liberalitatis
587 4683 638 4744 est
649 4684 819 4760 proprium
832 4685 928 4762 plura
944 4699 1064 4747 conce-
1118 4682 1202 4758 ipsa,
1216 4680 1258 4742 ad
1276 4697 1338 4742 nos
1359 4697 1418 4758 per
1432 4682 1688 4759 appellationem
1707 4681 1894 4747 devolutam,

269 4776 349 4838 dere
361 4792 458 4853 quam
473 4781 619 4854 rogetur,
648 4795 687 4840 eo
710 4781 796 4858 quod
816 4765 1000 4858 semiplena
1014 4786 1065 4844 est
1118 4779 1398 4840 commisissemus
1418 4779 1597 4856 praeposito
1627 4779 1741 4840 Sancti
1761 4775 1850 4840 Pauli
1869 4773 1896 4834 61

269 4873 377 4950 gratia
393 4875 447 4934 cui
463 4875 667 4952 aliquiduon
683 4877 849 4953 adjicitur,
865 4879 906 4940 ad
922 4879 1064 4941 nosdic-
1118 4877 1187 4937 suis
1225 4875 1453 4953 conjudicibus
1490 4875 1744 4948 terminandam,
1776 4873 1895 4938 tandem

267 4972 338 5033 tnm
365 4970 517 5032 comitem
543 4974 647 5035 totum
683 4973 823 5036 liberum
857 4977 1061 5052 remisisses3
1118 4972 1337 5036 mediantibus
1361 4973 1444 5049 ipsis
1467 4973 1502 5033 in
1526 4973 1752 5034 venerabilem
1773 4971 1894 5032 fratrem

269 5069 436 5146 quiscum
458 5067 942 5146 fictionejurispaterettllins
965 5073 1064 5136 intel·
1117 5074 1277 5142 nostrum,
1310 5073 1522 5132 Bremensem
1552 5070 1842 5147 archiepiscopum,
1867 5065 1896 5125 et

269 5165 996 5247 liganturnnapersona,nequaquamtotnm
1012 5171 1063 5248 ip-
1117 5169 1262 5244 collegas
1289 5171 1363 5245 ojus
1388 5166 1451 5228 fuit
1478 5183 1498 5228 a
1523 5166 1674 5244 partibus
1697 5163 1896 5244 compromis-

269 5279 340 5325 sum
354 5264 482 5326 retento
496 5263 564 5325 filio
579 5280 639 5326 sno
656 5266 752 5327 nobis
766 5267 950 5328 reddidisse
964 5269 1061 5331 vide·
1117 5283 1200 5338 sum,
1222 5281 1362 5343 qnorum
1389 5263 1562 5326 arbitrium
1590 5268 1702 5340 partes
1725 5264 1802 5341 ipsae
1823 5274 1896 5320 con-

269 5360 328 5432 ris,
338 5361 523 5436 praesertim
534 5377 634 5439 quum
644 5378 880 5443 nonnunquam
891 5365 1061 5427 nobiscum
1117 5363 1262 5426 corditer
1275 5362 1482 5438 receperunt.
1497 5361 1565 5422 Nos
1584 5361 1812 5437 igitnrvestris
1825 5369 1895 5434 pre-

269 5457 390 5519 affectu
405 5457 552 5522 naturali
578 5459 725 5534 fallente,
748 5462 844 5539 pater
862 5478 928 5524 non
952 5464 1061 5525 minus
1117 5461 1209 5522 cibus
1231 5459 1394 5529 inclinati,
1411 5457 1584 5519 arbitrium
1608 5459 1729 5534 ipsum,
1751 5455 1831 5518 sicut
1849 5450 1895 5512 est

269 5555 304 5616 in
320 5553 389 5616 filio
413 5571 511 5633 quam
535 5557 570 5620 in
595 5557 703 5634 seipso
728 5559 834 5621 soleat
848 5559 1003 5622 cruciari.
1020 5561 1062 5622 Ut
1117 5573 1257 5635 aequum,
1274 5557 1308 5618 61
1324 5555 1440 5632 sponte
1455 5553 1496 5616 ab
1522 5556 1663 5631 utraque
1679 5555 1771 5630 parte
1785 5565 1892 5624 recep-

269 5653 372 5730 igitnr
383 5651 430 5715 tot
441 5655 618 5718 inculcatio
629 5671 764 5733 precum
775 5658 964 5720 nostrarum
975 5657 1060 5734 apud
1116 5657 1195 5726 tum,
1220 5654 1253 5715 et
1270 5654 1304 5713 iu
1322 5653 1469 5728 ipsorum
1485 5651 1685 5738 arbitrorum
1701 5650 1814 5712 litteris
1823 5646 1894 5722 ple-
