4006 6346
256 331 317 394 ott
873 336 1051 399 HONORII
1074 337 1119 398 ΙΙΙ
1140 339 1287 402 OPERA.

255 493 325 556 tras
343 494 557 572 superbos...
574 493 686 558 abbati
710 494 750 558 de
763 495 1004 559 claromarisco
1019 499 1053 560 et
1446 511 1561 600 CCXI

257 591 485 669 conjudicibus
496 595 568 672 ejus
580 592 709 656 litteras
720 593 935 657 destinantes.
946 595 1052 658 Caete-

255 703 330 750 rum
349 693 498 767 exparte
516 691 663 770 episcopi
682 707 774 754 more
794 707 855 754 sno
882 693 1052 770 exceptio-
1146 672 1197 731 Ad
1208 671 1444 734 Rmfflmmm
1459 677 1621 750 twinam
1636 677 1677 738 αθ
1692 677 1856 752 Medma·

255 787 354 850 nibus
376 789 563 862 insistente,
592 789 626 852 et
651 790 692 852 ad
731 790 848 852 Sedem
882 790 1052 868 Apostoli·
1397 811 1431 869 lt
1446 811 1605 871 maium,

255 901 328 946 cam
363 887 564 964 appellante,
606 887 737 949 demum
778 889 1050 965 procuratoribus
1236 933 1372 999 mmm,
1386 933 1764 1004 nnnal.adann.lsa-i,pal.]

254 983 411 1060 partium,
437 983 472 1044 in
501 985 615 1047 nostra
644 985 823 1062 praesentia
849 986 1048 1054 constitutis,

253 1081 412 1144 dilectum
438 1083 543 1144 filium
566 1083 717 1146 nostrum
739 1083 920 1159 AEgidium
946 1085 1051 1146 Sanc,
1106 1060 1297 1118 Russutanam
1313 1061 1443 1133 reginam
1458 1059 1494 1119 de
1517 1061 1650 1136 Anagnia
1673 1062 1769 1121 laudat
1784 1071 1898 1138 propter

253 1178 362 1264 torum
379 1183 504 1241 σθω
529 1186 562 1243 et
577 1181 730 1242 Damam
747 1181 922 1243 diaconum
939 1181 1050 1242 cardi·
1140 1146 1226 1205 tldem
1242 1162 1275 1205 sc
1289 1148 1414 1206 studium
1429 1164 1498 1224 crgo
1518 1152 1676 1210 Romanam
1691 1152 1860 1211 Ecclesiam.

253 1277 364 1339 nalem
379 1277 530 1340 dedimus
550 1280 745 1352 auditorem,
763 1281 797 1342 et
821 1281 885 1354 his,
903 1297 976 1357 quae
992 1296 1051 1342 cc·
1145 1275 1324 1347 Honorino,
1337 1277 1399 1338 etc.

254 1389 327 1436 ram
360 1377 433 1452 ipsc
472 1377 606 1440 luerunt
647 1379 832 1454 proposita,
873 1378 1050 1453 diligenter
1143 1371 1285 1434 Multum
1308 1373 1417 1450 gavisi
1441 1389 1554 1436 sumus
1577 1376 1613 1436 in
1634 1377 1774 1438 Domino
1797 1391 1898 1454 super

253 1472 388 1544 auditis,
406 1473 526 1535 iterum
542 1473 741 1536 indulsimus
763 1475 870 1537 eidem
893 1475 1049 1552 episcopo
1104 1468 1290 1542 devotione.
1308 1485 1405 1547 (illam
1420 1469 1523 1534 habes
1538 1474 1579 1534 ad
1595 1489 1666 1546 1108,
1679 1474 1762 1536 etad
1774 1477 1897 1536 Roma-

253 1571 379 1645 septem
392 1586 535 1644 menses,
547 1573 754 1648 negotium...
768 1571 916 1634 abbati...
929 1573 1046 1650 priori,
1103 1581 1180 1629 nam
1191 1568 1385 1640 Ecclesiam,
1400 1571 1540 1632 matrem
1549 1570 1814 1633 Christianorum
1825 1587 1899 1632 om-

252 1667 321 1728 et...
363 1666 529 1746 subpriori
562 1670 676 1732 Sancti
700 1669 846 1732 Victoris
881 1670 1046 1733 Parisien.
1103 1665 1195 1726 nium
1211 1667 1244 1728 θῑ
1258 1667 1629 1746 m³8581r8m20t⁸11110l
1646 1669 1701 1745 1³10
1716 1669 1895 1740 desiderio,

218 1787 230 1798 ⁸
253 1765 500 1828 committendo.
518 1769 705 1846 uocemque
719 1783 853 1830 rursum
874 1769 981 1830 relato
1005 1769 1046 1830 ad
1103 1763 1188 1840 quod
1202 1763 1306 1826 nanos
1321 1763 1570 1828 deliberatione
1583 1767 1695 1828 rerrae
1710 1767 1897 1839 sanctam

251 1863 457 1926 audientiam
485 1867 646 1935 nostram,
676 1868 710 1927 et
740 1867 855 1928 eodem
884 1865 1048 1928 cardinali
1103 1875 1167 1938 qua
1191 1863 1351 1924 Dominus
1369 1865 1467 1925 Jesus
1492 1864 1643 1926 Christus
1667 1863 1823 1940 dignatus
1848 1865 1898 1927 est

250 1961 397 2039 partium
435 1963 706 2039 procuratoribus
743 1964 865 2026 iterum
896 1964 1047 2026 auditore
1102 1959 1239 2020 humani
1265 1960 1398 2036 generis
1422 1962 1554 2037 operari
1574 1962 1727 2034 salutem,
1755 1962 1894 2025 tradens

251 2073 421 2128 concesso,
437 2061 479 2121 ad
495 2077 625 2122 omnem
640 2062 851 2123 occasionem
866 2061 1047 2123 murmuris
1102 2059 1199 2121 morti
1212 2058 1321 2120 crucis
1345 2057 1508 2120 ineffabili
1535 2059 1658 2137 pietate
1678 2060 1837 2136 seipsum,
1861 2059 1899 2121 ut

252 2155 316 2233 ipsi
336 2158 492 2234 episcopo
507 2159 753 2234 amputandam,
771 2159 878 2220 eidem
900 2159 941 2220 ad
961 2160 1048 2220 tine·-
1101 2157 1424 2233 genusbumannma
1436 2157 1542 2219 morte
1552 2160 1710 2236 perpetua
1724 2157 1895 2220 liberaret.

251 2251 316 2313 lem
332 2253 585 2316 instructionem
607 2255 714 2332 ipsius
730 2271 832 2318 causa
847 2255 1046 2318 indulsimus
1102 2257 1209 2331 super
1223 2256 1329 2318 morte
1350 2259 1460 2317 autem
1475 2255 1575 2317 clarae
1598 2255 1805 2318 memoriae...
1821 2255 1898 2317 sra-

250 2349 335 2412 dnos
353 2367 495 2425 menses,
516 2354 686 2429 negotium
702 2353 743 2414 ad
765 2355 898 2416 eosdem
915 2354 1046 2432 judices
1101 2351 1161 2414 tris
1191 2353 1241 2415 tui
1268 2353 1358 2429 regis
1387 2353 1649 2430 Georgiancrum
1670 2353 1733 2415 tibi
1756 2357 1898 2430 paterno

251 2448 460 2522 remittendo,
475 2451 614 2528 quicum
630 2451 761 2512 demum
776 2467 913 2514 causam
928 2452 970 2513 ad
983 2466 1045 2514 nos
1101 2451 1267 2527 compassi
1294 2465 1408 2512 sumus
1432 2450 1564 2523 affectu,
1590 2467 1629 2512 ao
1653 2452 1689 2511 in
1711 2466 1751 2512 eo
1775 2451 1897 2512 subse-

248 2546 433 2610 remisisset
447 2548 655 2621 instructam,
672 2551 706 2611 et
722 2550 867 2626 partium
882 2565 1046 2626 procura·
1101 2550 1240 2625 quanter
1248 2548 1368 2623 gavisi,
1380 2548 1466 2626 quod
1475 2547 1898 2626 pacitloeobtinesregnum

250 2643 340 2705 tores
351 2644 391 2706 de
402 2645 455 2706 die
468 2645 503 2706 in
512 2643 599 2707 diem
611 2647 809 2708 sententiam
818 2647 1044 2723 expectarent,
1101 2648 1183 2722 ejus,
1200 2645 1286 2708 sicut
1298 2645 1393 2709 nobis
1407 2661 1466 2723 per
1479 2646 1569 2722 ipsas
1580 2645 1708 2707 litteras
1720 2645 1896 2718 intimasti,

249 2741 322 2818 ipso
350 2743 505 2820 episcopo
531 2744 666 2806 interim
690 2744 789 2805 rebus
811 2743 957 2806 hominis
984 2759 1046 2806 ex·
1101 2743 1252 2820 optantes
1268 2745 1304 2806 ut
1316 2745 1405 2805 Deus
1431 2743 1466 2804 in
1485 2746 1580 2822 cujus
1601 2758 1703 2805 manu
1722 2745 1800 2805 sunt
1816 2745 1898 2820 jura

248 2837 369 2916 empto,
386 2841 419 2902 et
431 2843 503 2918 ejus
528 2841 743 2918 procuratore
759 2842 800 2903 ad
825 2841 970 2920 propria,
988 2845 1047 2919 ju·
1099 2855 1215 2917 regum
1241 2842 1275 2902 et
1301 2855 1416 2917 regna,
1441 2841 1474 2904 te
1501 2855 1542 2902 ac
1572 2841 1666 2904 tuum
1697 2855 1839 2917 regnum
1862 2841 1898 2902 in

247 2934 336 2998 dicio
368 2937 418 2998 sic
450 2939 624 3015 pendente,
659 2954 826 3016 regresso,
859 2940 1043 3002 successori
1078 2945 1079 2950 ’
1100 2953 1161 3000 sua
1176 2937 1240 2999 tide
1253 2955 1292 3000 ac
1306 2939 1491 3011 devotione,
1508 2940 1606 3016 atque
1620 2939 1655 3000 in
1670 2938 1766 3000 bonis
1781 2939 1897 3000 omni-

248 3033 395 3109 ejusdem
408 3035 555 3113 episcopi
577 3051 637 3114 per
651 3035 802 3098 abbatem
831 3037 943 3098 Sancti
959 3037 1047 3098 Mar·
1099 3035 1161 3098 bus
1176 3037 1354 3113 amplificet
1371 3038 1404 3099 et
1426 3038 1609 3098 conservet.
1633 3037 1702 3098 Etsi
1716 3037 1806 3098 enim
1830 3035 1897 3098 ab·

247 3131 310 3191 tini
324 3131 560 3194 Ambtanensis
576 3135 609 3195 et
620 3133 765 3211 collegas
781 3137 853 3211 ejus
865 3135 1044 3196 terminum
1100 3135 1211 3198 sentes
1247 3134 1350 3196 simus
1385 3149 1535 3211 corpore,
1569 3135 1751 3212 praesentes
1782 3135 1898 3197 minen

247 3228 517 3305 peremptorium,
532 3245 597 3307 quc
612 3245 671 3306 per
686 3245 735 3302 se,
747 3230 800 3292 vel
814 3246 874 3307 per
888 3243 1044 3307 procura·
1099 3232 1229 3309 spiritu,
1244 3232 1277 3294 te
1290 3246 1329 3294 ac
1339 3229 1424 3293 alios
1437 3232 1638 3294 christianos
1653 3232 1750 3308 regni
1760 3233 1811 3294 tui
1825 3247 1900 3294 cor

246 3325 353 3386 torem
376 3325 532 3387 idoneum
551 3329 665 3388 nostro
688 3342 723 3388 se
743 3326 934 3404 conspectui
954 3343 1044 3404 pree·
1099 3329 1150 3390 dis
1166 3330 1272 3391 oculis
1293 3331 1470 3402 intuemur,
1487 3331 1521 3392 et
1539 3330 1743 3392 delectamur
1765 3329 1801 3390 in
1817 3330 1895 3402 ilde,

247 3423 404 3495 sentaret,
437 3423 636 3486 sententiam
669 3424 875 3502 recepturus,
904 3423 1045 3486 lecimus
1099 3441 1197 3504 quam
1212 3427 1343 3489 habetis
1358 3427 1392 3488 in
1416 3428 1556 3489 Domino
1576 3429 1657 3490 lesu
1673 3427 1817 3500 Christo,
1840 3428 1898 3489 cui

245 3521 414 3598 assignari
439 3543 447 3582 ε
477 3522 746 3600 procuratoribus
771 3521 875 3598 igitur
896 3523 1042 3599 partium
1098 3539 1138 3586 eo
1154 3525 1225 3600 ipso
1247 3527 1297 3586 est
1309 3525 1478 3601 acceptior
1491 3523 1572 3586 tides
1582 3525 1705 3596 vestra,
1717 3523 1805 3601 quod
1821 3539 1898 3586 eam

246 3630 321 3681 cum
336 3636 438 3682 causa
452 3621 614 3683 instructa
625 3635 684 3698 pro
699 3617 865 3682 audienda
879 3621 1043 3682 sententia
1098 3622 1239 3684 servatis
1254 3622 1289 3683 in
1298 3622 1406 3683 medio
1414 3621 1599 3684 infidelium
1610 3623 1796 3695 nationum,
1808 3621 1898 3684 inter

245 3718 281 3778 in
310 3719 423 3782 nostra
452 3719 630 3797 praesentia
655 3717 854 3792 constitutis,
885 3713 1042 3781 dilectum
1098 3735 1181 3797 quas
1193 3720 1311 3782 lucetis
1335 3719 1432 3796 quasi
1453 3720 1598 3781 luceruae
1624 3719 1659 3779 in
1687 3719 1849 3792 tenebris,
1864 3724 1898 3782 et

245 3815 351 3877 illium
368 3819 517 3880 nostrum
537 3819 588 3889 G„
613 3817 727 3880 Sancti
741 3816 907 3878 Theodori
928 3817 1044 3879 diaco-
1096 3817 1254 3879 redoletis
1269 3817 1365 3894 quasi
1381 3817 1453 3878 lilia
1475 3817 1563 3878 inter
1583 3817 1709 3893 spinas,
1735 3819 1896 3895 reporta-

244 3929 323 3974 num
346 3914 561 3986 cardinalem,
579 3915 660 3992 ipsis
677 3915 828 3976 dedimus
843 3915 1039 3986 auditorem,
1099 3915 1164 3978 turi
1180 3915 1257 3976 tidei
1272 3915 1391 3976 vestrae
1402 3913 1657 3976 desiderabilem
1672 3915 1784 3988 tinem,
1802 3915 1899 3977 salu-

245 4010 392 4086 quicum
407 4012 610 4088 inspexisset
631 4013 706 4074 acta
718 4012 839 4089 judicii
862 4011 1042 4100 diligenter
1085 4013 1162 4074 ,tem
1178 4012 1365 4074 vestrarum
1374 4011 1529 4075 videlicet
1541 4012 1740 4074 animarum.
1754 4013 1898 4089 Propter

245 4105 831 4186 etaudissetquaeprccuratoresipsi
842 4111 1043 4172 curaverunt
1096 4109 1182 4188 quod
1200 4111 1290 4172 tuam
1309 4110 1525 4171 exhortamur
1544 4110 1580 4170 in
1594 4111 1736 4172 Domino
1751 4109 1895 4171 celsitu·

125 4279 127 4287 γ
246 4219 429 4282 proponere
444 4220 556 4268 coram
571 4221 623 4274 eo,
640 4221 712 4278 nos,
730 4207 779 4267 eis
792 4222 851 4282 per
865 4209 937 4285 ejus
955 4207 1040 4268 tide-
1097 4207 1220 4280 dinem,
1237 4207 1274 4268 ut
1286 4209 1377 4269 certa
1391 4207 1432 4268 de
1448 4207 1668 4284 promissione
1694 4207 1816 4268 Christi
1835 4206 1894 4267 di-

244 4303 309 4364 lem
322 4295 520 4366 'relationem
533 4303 656 4366 auditis
666 4304 838 4380 etplenius
850 4303 1037 4377 intellectis,
1095 4304 1201 4366 centis
1219 4322 1226 4364 r
1242 4303 1303 4376 Qui
1319 4302 1531 4366 confitebitur
1545 4319 1598 4364 me
1613 4317 1725 4365 coram
1746 4302 1896 4364 bomini-

244 4402 432 4479 privilegiis
448 4417 578 4479 quoque
597 4417 637 4462 ac
652 4401 868 4477 indulgentiis
893 4403 1038 4479 Aposto-
1094 4401 1166 4475 bus,
1182 4400 1362 4463 confitebor
1375 4401 1407 4464 et
1421 4415 1686 4478 egoeumcoram
1696 4401 1796 4462 Patre
1805 4415 1891 4473 mco,

243 4500 317 4561 licea
343 4501 437 4562 Sedis
464 4499 623 4562 exhibitis
650 4515 709 4576 pro
737 4499 940 4561 monasterio
966 4501 1038 4576 ipso
1095 4499 1151 4575 qui
1177 4499 1228 4560 est
1245 4500 1281 4560 in
1295 4499 1405 4572 ccelis;
1432 4499 1465 4558 in
1487 4499 1708 4570 confessione,
1726 4513 1766 4559 ac
1793 4497 1894 4560 laude

243 4596 423 4674 diligenter
444 4597 614 4676 inspectis,
629 4596 670 4659 de
685 4597 825 4660 fratrum
850 4598 1038 4658 nestrorum
1094 4596 1202 4656 sancti
1221 4595 1366 4658 nominis
1388 4599 1461 4672 ejus
1481 4595 1578 4657 firma
1598 4595 1793 4672 stabilisque
1810 4608 1893 4670 per-

243 4695 383 4757 consilio
412 4697 535 4758 dictum
562 4695 799 4758 monasterium
831 4695 1039 4757 decrevimus
1093 4693 1204 4765 sistas,
1233 4697 1265 4754 ei
1282 4692 1324 4754 ad
1351 4691 1594 4769 persistendum
1616 4693 1652 4754 in
1676 4707 1716 4754 ea
1743 4690 1896 4752 subditos

242 4791 396 4863 liberum,
413 4796 446 4855 et
458 4794 498 4853 ad
523 4794 629 4855 solum
644 4797 830 4856 Romanum
843 4793 1038 4855 Pontificem
1093 4791 1169 4852 tuos
1177 4789 1329 4868 exemplo
1336 4790 1460 4851 senctae
1467 4789 1893 4861 conversationisinduoas,

242 4891 421 4968 pertinere,
445 4890 528 4951 illud
554 4890 595 4951 ab
617 4892 825 4969 impetitione
849 4891 954 4968 partis
977 4889 1039 4951 ad·
1094 4889 1130 4949 ut
1144 4890 1219 4964 post
1232 4888 1331 4966 hujus
1344 4887 1548 4950 transitoriae
1563 4889 1640 4949 vitae
1663 4885 1894 4948 inevitabilem

241 5003 348 5051 versae
367 4989 435 5050 tam
467 5003 568 5065 super
593 4987 657 5062 bis,
686 5005 760 5066 quae
789 4989 915 5050 olima
950 4987 1038 5049 dicto
1092 4987 1229 5057 exitum,
1255 4999 1323 5048 una
1349 5001 1425 5047 cum
1451 4985 1534 5061 ipsis
1559 4997 1699 5060 regnum
1725 4983 1895 5045 merearis

242 5087 489 5164 praedecessore
504 5087 620 5147 nostro
634 5086 699 5163 ipsi
714 5086 931 5148 ambianensi
948 5085 1039 5162 epis·
1093 5084 1252 5160 consequi
1267 5083 1517 5159 sempiternum.

241 5201 324 5262 copo
348 5185 455 5262 quoad
481 5184 723 5261 possessorium
748 5183 938 5261 adjudicata
965 5183 1039 5244 lue-
1133 5183 1220 5242 Sane
1233 5195 1334 5256 super
1347 5195 1386 5241 eo
1403 5179 1489 5256 quod
1504 5179 1544 5240 de
1559 5177 1897 5256 passagiocarissimi

240 5282 330 5353 runt,
348 5299 447 5359 quarn
468 5297 569 5359 super
581 5281 669 5354 aliis,
687 5295 760 5359 quae
776 5281 816 5341 ad
828 5279 1040 5358 jurisdictio-
1093 5279 1128 5338 in
1141 5277 1272 5338 Christo
1289 5275 1350 5337 tilii
1362 5277 1468 5338 nostri
1486 5273 1656 5337 Frederici
1669 5275 1812 5337 illustris
1826 5277 1898 5337 Ro-

241 5393 317 5439 nem
333 5393 392 5440 seu
407 5379 645 5457 subjectionem
659 5379 828 5456 pertinere
843 5378 1036 5448 noscuntur,
1093 5389 1266 5436 manorum
1294 5373 1506 5450 imperatoris
1540 5387 1672 5450 semper
1702 5371 1835 5449 augusti
1863 5377 1899 5435 et

241 5476 485 5538 sententialiter
502 5476 726 5539 absolventes.
753 5475 846 5536 Nulli
861 5490 952 5552 ergo,
974 5476 1036 5536 etc.
1092 5473 1182 5549 regis
1199 5469 1510 5532 Siciliaecertiilcari
1522 5470 1703 5542 desideras,
1724 5472 1757 5532 te
1770 5485 1811 5531 ac
1831 5484 1898 5530 ex-

243 5573 277 5635 ili
292 5573 366 5650 quis
381 5574 503 5646 autem,
516 5575 578 5635 etc.
595 5573 713 5635 batum
727 5573 893 5644 Laterani,
909 5572 1039 5634 1Vidus
1095 5569 1230 5632 fortium
1247 5571 1338 5629 tuum
1354 5568 1395 5629 ad
1409 5568 1514 5645 ipsius
1526 5571 1639 5630 Terrae
1664 5569 1794 5629 Sanctae
1817 5582 1900 5630 suc-

242 5671 334 5743 maii,
349 5686 438 5734 anno
453 5672 581 5733 octavo.
1097 5681 1229 5728 cursum
1243 5659 1419 5740 magnifice
1434 5663 1615 5741 offerenda
1626 5663 1776 5727 tideituae
1786 5665 1899 5726 zelum
