4032 6326
309 371 369 435 250
925 377 1101 440 scitetur
1124 377 1168 438 111
1189 378 1336 442 OPFRA.
1903 379 1954 440 Ἃ]

302 532 437 608 santes,
465 533 545 598 dicii
581 533 776 635 monasterii
809 534 988 598 monachos
1019 551 1102 613 quo·
1156 533 1363 608 desistentes,
1374 537 1508 614 injuriis
1518 538 1552 600 et
1561 538 1691 602 vestros
1706 534 1870 599 subditos
1885 551 1904 597 a
1918 537 1953 598 si·

307 629 482 696 dammodo
512 633 811 708 excommunicant,
837 629 915 694 dum
939 635 991 694 eis
1017 632 1102 694 alios
1156 632 1290 694 milibus
1299 635 1556 710 compescentes,
1566 633 1686 697 iratres
1695 633 1953 712 praedictosnon

306 729 552 792 communicare
587 745 653 793 non
687 731 812 803 sinunt,
848 746 891 792 ax
919 745 984 808 quo
1019 729 1101 792 illud
1156 728 1345 806 impediatis
1358 745 1420 791 nec
1431 731 1617 808 patiamini,
1634 734 1802 810 quantum
1817 729 1954 792 invehis

305 825 406 891 eham
421 829 534 890 evenit
548 828 798 900 inconveniens,
807 827 844 889 ut
853 828 919 905 ipsi
933 829 1100 900 monachi,
1158 825 1266 898 suerit,
1286 823 1327 888 ab
1347 825 1424 888 aliis
1443 827 1608 905 impediri,
1630 829 1817 906 quominus
1838 827 1954 888 christi

218 977 223 992 ,
306 928 468 1000 quantum
481 925 523 988 ad
538 926 612 998 hoc,
622 925 816 1004 judicentur
826 925 953 1002 judicio
967 925 1103 988 Judaeo-
1157 923 1270 984 fideles
1303 938 1403 985 causa
1433 926 1606 998 orationis,
1639 941 1738 1002 quum
1768 922 1951 996 voluerint,

301 1023 517 1099 rumetum
539 1022 589 1084 eis
610 1023 859 1084 communicant
876 1023 912 1084 iu
935 1023 1101 1099 praedictis
1157 1035 1271 1080 eorum
1282 1021 1402 1084 adeant
1413 1022 1572 1084 ecclesias
1581 1023 1615 1084 et
1624 1021 1788 1098 capellas,
1798 1023 1901 1096 grata
1911 1022 1953 1082 eis

299 1109 470 1196 ¹rtrajorem
501 1119 879 1182 excommunicationem
911 1119 1099 1192 incurrunt,
1156 1117 1304 1178 subsidia
1327 1122 1361 1180 et
1379 1119 1452 1195 pias
1474 1120 1702 1196 eleemosynas
1722 1117 1906 1193 erogando
1926 1119 1953 1180 et

307 1231 406 1294 quam
419 1218 520 1279 etiam
534 1217 814 1278 excommunicati
826 1217 1101 1280 communicando
1155 1211 1308 1288 eligendo
1324 1215 1359 1276 in
1381 1216 1579 1277 coemeteriis
1595 1215 1693 1293 juxta
1707 1211 1849 1276 indulta
1866 1213 1953 1274 Sedis

305 1313 440 1377 fuerant
454 1314 635 1376 incursuri.
652 1314 811 1376 Nolentes
823 1313 926 1390 igitur
940 1314 1012 1376 haec
1026 1330 1102 1376 cre·
1154 1311 1354 1387 Apostollcae
1382 1313 1598 1390 sepulturam.
1632 1313 1752 1374 Datum
1781 1311 1951 1379 Laterani,

303 1409 376 1474 ,bris
391 1411 432 1472 ad
445 1427 506 1474 nos
521 1411 724 1474 clamoribus
734 1413 804 1488 jam
819 1411 948 1488 perlata
961 1411 1100 1473 ulterius
1155 1408 1186 1468 ll
1200 1421 1307 1470 nonas
1320 1411 1483 1486 januarii,
1503 1409 1714 1487 pontificatus
1734 1409 1852 1471 nostri
1872 1423 1952 1470 anno

305 1507 368 1570 suh
378 1508 644 1570 dissimulatione
654 1509 810 1582 transire,
826 1508 922 1570 robis
932 1509 1100 1571 universis
1154 1504 1308 1580 sepono.

305 1607 339 1670 et
360 1606 502 1683 singulis
524 1621 584 1684 per
603 1605 793 1682 Apostolica
813 1606 938 1683 scripta
957 1606 1099 1668 manda·

304 1711 390 1777 mus,
425 1705 587 1782 quatenus
623 1702 816 1780 hujusmodi
849 1703 1032 1766 sententias
1064 1704 1099 1764 in

306 1799 460 1864 fraudem
484 1801 734 1879 privilegiorum
759 1801 948 1863 nostrorum
970 1801 1012 1863 de
1035 1816 1101 1863 cae·
1500 1815 1607 1906 XLII

304 1899 377 1962 tero
390 1915 459 1961 non
473 1899 603 1971 ieratis,
625 1898 704 1977 quia
723 1898 752 1959 si
774 1911 874 1975 super
892 1897 957 1959 hoc
978 1898 1022 1959 ad
1038 1913 1101 1960 nos

304 1995 414 2059 denuo
439 1996 567 2058 clamor
598 1995 799 2068 ascenderit,
826 2010 895 2056 non
917 1995 1100 2072 poterimus
1283 1969 1335 2028 Aa
1349 1968 1532 2030 ²⁶²i²i³3⁷⁴⁸⁰⁸
1546 1969 1821 2045 Cimiifldeioe·

304 2093 559 2156 conniventibus
571 2093 678 2156 oculis
693 2091 911 2170 pertransire,
926 2093 1007 2170 quin
1021 2107 1101 2170 pro-
1426 2095 1673 2172 timonium.

304 2191 509 2266 mhlgabores
527 2190 646 2254 talium
665 2190 905 2256 sententiarum
923 2190 1100 2254 severitate
1224 2217 1359 2284 [ppmphkffi
1373 2217 1435 2273 pah,
1448 2217 1503 2272 Μ,
1519 2219 1658 2282 mm,
1671 2235 1697 2288 p,
1712 2219 1769 2283 m,
1783 2235 1811 2273 Β,
1823 2217 1896 2287 m]

305 2287 416 2350 dehita
432 2289 643 2365 castigemus.
658 2287 778 2350 Datum
792 2287 961 2360 Laterani,
976 2290 1025 2350 itt
1037 2287 1101 2352 ha-

304 2383 420 2449 lendas
442 2385 604 2463 januarii,
634 2384 846 2462 pontificatus
875 2385 980 2447 nostri
1010 2401 1099 2448 anno

306 2483 458 2564 septimo.

1155 2342 1298 2402 Honorius
1321 2341 1504 2404 commendat
1526 2345 1655 2404 ordinem
1684 2343 1897 2404 rhenonum
1921 2343 1945 2401 ln

1190 2432 1385 2506 recuperanda
1406 2433 1491 2492 Terra
1512 2433 1616 2492 Sancta
1637 2431 1820 2494 laborantem
1837 2433 1945 2492 munitl-

1190 2520 1292 2578 centiae
1306 2519 1408 2580 Christi
1421 2521 1557 2594 lidelium,
1572 2523 1715 2596 proposita
1731 2523 1921 2596 induigentia.

1194 2657 1363 2719 Honorius
1371 2657 1557 2735 episcopus,
1567 2673 1683 2720 servus
1693 2673 1871 2720 servorum
1880 2655 1942 2727 Dei,

660 2706 747 2794 XLI
1156 2755 1322 2816 universis
1337 2754 1460 2816 curisti
1476 2753 1641 2828 aretinus,
1661 2755 1703 2816 au
1725 2771 1812 2834 quos
1831 2755 1944 2816 utera

304 2860 357 2921 Au
370 2861 654 2934 archiepiscopos,
670 2861 857 2932 episcopos,
870 2857 1019 2930 abiasar,
1034 2857 1097 2922 etc.
1154 2851 1229 2913 istra
1254 2852 1478 2929 pervenerint,
1503 2852 1644 2915 salutem
1668 2853 1702 2914 et
1723 2851 1942 2930 apostoticam

579 2989 597 3046 4
609 2987 733 3062 imum,
748 2987 830 3046 Μ
1154 2947 1429 3012 benedictionem.

1193 3046 1244 3108 Ad
1271 3046 1478 3123 eripiendam
1500 3046 1541 3108 de
1565 3062 1770 3124 paganorum
1793 3043 1941 3108 manibus

383 3111 596 3177 [stratilatis.
608 3111 664 3162 Μ’
677 3113 778 3170 ”⁶⁸⁸⁹
791 3125 817 3176 Ρ·
832 3111 888 3170 m
903 3118 929 3164 ²·
943 3111 1015 3176 Μ’]
1154 3143 1278 3206 terram
1291 3143 1395 3212 illam,
1409 3158 1509 3221 quam
1523 3144 1685 3205 Dominus
1697 3147 1796 3207 Jesus
1814 3143 1940 3204 chistus

306 3235 449 3294 nonnius
462 3243 541 3293 vetat
561 3233 753 3308 parochianos
773 3233 929 3307 prohibui,
948 3236 1100 3307 luuffliuus
1155 3239 1289 3317 proprio
1304 3241 1468 3316 sanguine
1483 3241 1702 3314 consecravit,
1720 3243 1814 3303 tanto
1832 3239 1940 3304 lortius
1995 3279 1996 3322 ,

340 3323 449 3382 ordinis
458 3323 625 3380 Tis⁰i⁰¹ii⁰i
637 3322 776 3380 amicales
788 3320 977 3395 frequentent,
992 3324 1020 3380 ei
1033 3323 1099 3382 sub·
1155 3338 1188 3398 et
1214 3336 1373 3398 libentius
1396 3335 1516 3399 debent
1546 3338 1719 3401 intendere
1751 3335 1937 3402 Christiani
1995 3327 1996 3394 l

341 3410 413 3470 Μὴ
440 3417 573 3486 ⁰ffi3⁰⁰tt
587 3411 619 3468 ¹¹²
641 3410 814 3470 wrm
839 3411 902 3484 ‘’ii''
924 3412 1100 3484 ”dulim
1155 3435 1278 3512 quanto
1301 3434 1437 3512 propius
1466 3433 1499 3496 et
1524 3435 1660 3508 certius,
1694 3437 1731 3496 ut
1756 3447 1933 3512 speramus,

342 3507 480 3574 ium·
1154 3532 1302 3610 ejusdem
1311 3532 1411 3593 terrae
1421 3530 1576 3593 liberatio
1587 3532 1845 3609 appropinquat.
1857 3530 1938 3604 Quis

193 3701 196 3708 ,
346 3636 513 3700 Honorius
522 3636 709 3714 episcopus,
719 3647 836 3697 servus
845 3647 1016 3697 amorum
1027 3635 1097 3709 Dei,
1155 3629 1228 3708 quis
1250 3627 1339 3689 enim
1362 3628 1397 3689 in
1420 3627 1566 3690 adventu
1589 3629 1709 3688 summi
1734 3629 1839 3706 Regis
1861 3625 1938 3688 desi-

305 3733 552 3798 venerahilibus
561 3732 719 3796 iratribus
729 3731 1002 3810 archiepiscopis,
1014 3733 1100 3810 epis·
1155 3726 1250 3788 derat
1263 3741 1338 3787 esse
1351 3726 1452 3798 tutus,
1467 3725 1504 3786 ut
1517 3723 1559 3786 ah
1573 3739 1614 3786 eo
1629 3729 1762 3787 aeternae
1776 3719 1937 3788 felicitatis
1994 3723 1995 3754 i

304 3834 409 3912 copis,
445 3834 479 3896 et
512 3832 642 3895 dilectis
675 3831 755 3892 tiliis
788 3829 975 3901 abhatibus,
1002 3831 1098 3909 prio·
1155 3823 1292 3901 6666666
1309 3824 1541 3898 6068666666,
1562 3819 1598 3884 iu
1621 3822 1778 3884 instantis
1798 3817 1938 3884 666686·

305 3930 410 4002 ribus,
426 3931 488 3992 etc.
1155 3921 1233 3984 tatis
1248 3920 1390 3983 articulo
1410 3934 1479 3980 suae
1498 3917 1595 3982 dehet
1613 3919 1801 3981 devotionis
1823 3917 1936 3980 indicia

346 4025 849 4088 eravemdiieotorumffltorum
865 4025 1006 4088 fratrum
1019 4029 1100 4088 noe
1155 4016 1395 4087 demonstrare,
1412 4029 1549 4076 securus
1564 4015 1690 4092 utrque,
1713 4015 1811 4092 quod.
1826 4017 1856 4076 si
1875 4014 1935 4090 ipse

298 4123 420 4204 -pitalis
438 4124 569 4184 Sancte
588 4123 704 4183 ilariae
724 4122 1006 4184 Theutonicomm
1025 4123 1101 4186 Hio-
1155 4114 1340 4191 opportuno
1356 4113 1518 4173 honorum
1535 4112 1682 4172 omnium
1699 4113 1856 4174 servierit
1872 4109 1934 4171 lar-

305 4219 537 4298 rosolymitani
559 4218 745 4294 recepimus
762 4219 991 4294 quaestionem,
1013 4221 1099 4298 quod
1154 4211 1266 4285 giwii,
1285 4225 1454 4286 nunquam
1469 4207 1533 4269 sibi
1548 4208 1663 4269 dssssu
1682 4210 1805 4285 poterit
1818 4219 1934 4270 merces

306 4319 441 4398 quidam
456 4317 605 4380 vestrum
618 4315 839 4392 parochianos
855 4331 932 4376 suos
943 4316 984 4378 ad
997 4318 1101 4379 eccle·
1155 4323 1286 4384 magna,
1306 4323 1405 4384 quum
1419 4305 1462 4367 sii
1473 4305 1683 4382 omnipotens
1698 4307 1859 4368 Dominus
1877 4305 1935 4364 iii·

305 4418 375 4478 sias
390 4417 425 4479 et
435 4413 581 4492 capellas
596 4411 734 4474 fratrum
750 4412 897 4488 ipsorum
911 4428 1013 4475 causa
1028 4429 1101 4476 ora.
1154 4406 1310 4482 pissimus
1321 4402 1511 4474 retributor,
1526 4403 1583 4478 qui
1596 4417 1655 4480 pro
1667 4403 1811 4465 terrenis
1823 4401 1933 4464 coeles-

305 4515 409 4578 tionis
421 4512 591 4584 accedere,
601 4527 641 4572 ac
652 4510 704 4572 eis
719 4509 774 4586 pia
787 4509 924 4585 elargiri
937 4509 1099 4574 heneilcia
1157 4503 1213 4574 iis,
1230 4503 1263 4564 si
1276 4514 1336 4579 pio
1349 4499 1552 4562 transitoriis
1565 4499 1621 4561 dui
1633 4501 1769 4561 aeiernu·
1787 4501 1830 4561 Ut
1845 4498 1934 4574 igitur

307 4623 375 4674 non
388 4611 593 4689 permittunt,
607 4609 687 4686 quin
702 4607 780 4678 imo,
791 4607 878 4683 quod
888 4609 1025 4684 gravius
1037 4612 1098 4682 est,
1155 4615 1214 4662 vos
1224 4598 1358 4677 possitis
1368 4596 1468 4672 hujus
1478 4595 1706 4658 retributionis
1719 4597 1858 4674 praemia
1867 4605 1933 4672 pm·

299 4709 470 4785 eligentes
484 4709 519 4768 in
539 4719 655 4768 eorum
674 4705 874 4768 coemeteriis
898 4707 1098 4783 sepulturas,
1155 4696 1288 4768 mereri,
1304 4694 1346 4756 66
1363 4693 1560 4756 miiisudum
1582 4694 1700 4756 vostras
1717 4687 1933 4755 subventionis
1992 4709 1993 4774 l

307 4809 342 4868 et
354 4804 503 4866 caritatis
519 4804 568 4865 eis
582 4802 941 4876 subsidiapxhibentes
959 4804 1102 4866 interdi-
1156 4793 1340 4855 subsidium
1354 4793 1466 4851 Terrus
1480 4791 1609 4852 Saucius
1623 4789 1818 4851 hilaresvos
1834 4791 1933 4851 ostsu-
1992 4785 1993 4865 l

302 4917 385 4966 cere
398 4916 439 4962 ac
453 4899 741 4962 excommunicare
757 4904 962 4976 praesumunt
979 4901 1015 4962 in
1029 4901 1102 4963 dic-
1155 4891 1233 4952 dst's
1248 4887 1385 4959 6666ῑὶ8,
1405 4891 1449 4958 si,
1466 4889 1522 4965 (lui
1538 4887 1579 4947 ud
1594 4887 1742 4965 eiusdem
1756 4889 1855 4948 iuurae
1870 4897 1933 4946 suu·

307 5001 417 5062 torum
435 4995 574 5058 imaum
589 5007 656 5055 non
675 4994 839 5058 modicum
854 4997 1098 5060 detrimentum.
1154 5003 1289 5050 cunum
1307 4983 1461 5047 laborare
1477 4985 1698 5061 personaliter
1712 4997 1779 5044 non
1793 4979 1929 5060 potesta

309 5097 393 5169 Quia
412 5092 515 5170 igitur
531 5088 763 5168 praedictorum
782 5092 922 5155 fratrum
942 5094 1099 5172 injmiam
1156 5089 1228 5163 ejus
1253 5083 1372 5145 saiisffl
1395 5079 1629 5143 ⁶0i0¹¹⁸0liii¹18
1657 5081 1691 5142 si
1715 5081 1930 5157 1666668666·
1991 5109 1992 5140 1

307 5194 400 5257 tanto
418 5191 528 5253 minus
547 5186 757 5250 dissimulare
774 5205 960 5265 possumus,
978 5193 1100 5269 quanto
1155 5183 1247 5244 ribus
1262 5196 1379 5241 manus
1394 5179 1496 5240 vestri
1511 5179 1632 5238 auxilii
1651 5177 1842 5254 porrigatis.
1859 5173 1930 5240 Uni·

308 5289 453 5367 amplius
473 5283 596 5348 Christi
615 5283 826 5360 pauperihus,
845 5300 985 5361 quorum
999 5288 1100 5349 iidem
1155 5277 1346 5342 versitatum
1361 5277 1507 5338 vestram
1523 5275 1635 5352 itaque
1649 5275 1832 5352 rogandam
1847 5270 1932 5335 duxi-

309 5383 453 5449 ministri
466 5381 624 5451 existunt,
640 5379 674 5442 et
687 5382 797 5442 Terrae
816 5383 946 5444 Sancta
960 5399 1100 5445 succur-
1155 5391 1229 5438 mus
1250 5377 1283 5438 et
1304 5373 1512 5444 monendam,
1533 5387 1593 5449 per
1611 5372 1800 5449 Apostolica
1822 5369 1930 5446 scripta

309 5483 362 5546 sui
385 5482 437 5544 est
459 5478 633 5549 damnosa;
664 5475 874 5539 universitati
894 5479 1015 5540 vestre
1042 5495 1101 5556 per
1154 5474 1250 5538 vobis
1262 5471 1456 5534 mandantes
1476 5473 1510 5533 et
1524 5471 1560 5531 in
1579 5469 1811 5532 remissionem
1822 5479 1929 5546 pecca·

308 5575 498 5659 apostolica
515 5575 639 5652 scripta
656 5572 850 5636 mandamus
864 5575 1098 5653 praeoipientlo,
1156 5573 1281 5633 minum
1301 5568 1523 5647 injungentes,
1540 5567 1704 5646 quatenus
1721 5565 1852 5630 dilectis
1865 5561 1929 5626 tiliis
1990 5577 1991 5650 ξ

309 5679 472 5757 quatenus
487 5675 519 5736 et
539 5687 599 5734 vos
620 5671 684 5748 ipsi
705 5671 835 5748 penitus
854 5671 896 5733 ab
911 5673 1100 5750 hujusmodi
1156 5666 1314 5730 hatrihus
1332 5664 1450 5726 domus
1473 5665 1603 5725 Sancta
1625 5663 1741 5724 Mariae
1762 5659 1930 5724 Theutoui-
1990 5651 1991 5727 l
