3948 6326
268 334 328 396 599
886 331 1062 392 HONORII
1084 333 1129 392 111
1151 332 1312 394 OPERA..
1843 332 1895 393 600

269 490 430 556 ventilata
441 491 576 560 diutius,
591 491 624 552 et
632 491 766 552 tandem
781 505 840 566 per
850 488 1061 552 diffinitivam

269 589 467 652 sententiam
480 588 667 660 terminata,
690 587 881 648 mandasset
902 587 1061 664 praedicta

269 687 451 755 observari,
468 686 553 747 sicut
562 685 598 746 in
614 688 685 761 eius
699 685 829 759 regesto
843 684 973 760 plenius
986 699 1062 745 con·

269 784 405 856 tinetur,
438 783 535 844 bonae
568 782 738 844 memoriae
776 781 927 842 Clemens
962 797 1059 858 papa,

270 897 444 942 successor
455 881 571 958 ipsine,
594 879 763 940 intellecto
785 878 872 956 quod
893 878 1006 954 plures
1021 877 1061 938 de

273 977 418 1054 capitulo
428 979 552 1050 vestro,
565 976 729 1046 absentes,
740 991 782 1035 ex
791 975 933 1038 honesta
948 991 1059 1047 causa,

267 1075 416 1151 tempore
438 1074 679 1152 compromissi,
703 1089 745 1133 ne
772 1073 1061 1148 compromittere-

271 1173 327 1244 tur
336 1172 551 1234 inhibuerant
570 1171 778 1248 appellando,
797 1169 913 1231 statuit
928 1170 1061 1232 irritan-

272 1269 350 1340 dum
366 1268 521 1346 quicquid
533 1268 655 1330 iactum
672 1268 780 1329 luerat
792 1267 828 1328 in
843 1267 992 1329 absentia
1004 1282 1063 1328 eo-

271 1366 432 1438 rumdem,
452 1365 622 1426 mandavit
645 1365 739 1426 bonae
764 1365 931 1425 memoriae
957 1363 1061 1424 Heliae

270 1461 489 1538 Burdegalen.
520 1461 781 1538 archiepiscopo,
808 1462 844 1521 ut
869 1460 1062 1536 praedictam

273 1561 306 1621 S.
320 1559 470 1620 Severini
491 1559 667 1620 ecclesiam
686 1558 866 1630 ordinaret,
881 1556 1061 1618 secundum

270 1656 391 1718 statum
406 1655 528 1716 ibidem
542 1655 769 1730 observatum3
787 1655 842 1731 qui
858 1655 898 1716 de
909 1653 1061 1731 personis

269 1751 400 1812 idoneis
421 1753 526 1828 ipsam
550 1751 718 1814 ordinavit
732 1751 907 1813 ecclesiam
922 1751 956 1811 in
975 1752 1062 1812 statu

269 1850 506 1911 canonicorum
544 1849 765 1922 saecularium,
802 1865 898 1926 quem
935 1849 1063 1909 invenit

269 1963 290 2009 a
308 1947 527 2023 quadraginta
542 1947 639 2007 annis
652 1949 742 2008 retro
757 1945 967 2007 observatum
981 1961 1062 2006 con-

270 2043 364 2106 tinue
390 2044 425 2104 in
450 2043 575 2104 eadem.
604 2043 816 2105 Postmodum
845 2057 936 2113 vero,
962 2057 1061 2118 quum

271 2142 467 2216 procurator
489 2140 640 2200 ecclesiae
665 2139 777 2200 Sancti
793 2139 933 2199 Andreae
947 2139 1063 2201 volens

272 2238 434 2299 suscitare
454 2236 642 2313 hujusmodi
658 2237 885 2313 quaestionem,
903 2235 981 2297 ad...
999 2236 1062 2297 ab·

270 2333 380 2396 batem
396 2334 508 2395 Sancti
528 2337 546 2396 J
549 2333 690 2395 ohannis
707 2333 921 2409 angeliacen.
939 2335 971 2394 et
985 2349 1063 2394 suos

271 2430 416 2506 collegas
441 2431 572 2491 nostras
599 2444 698 2506 super
721 2430 784 2491 hoc
808 2430 936 2491 litteras
957 2430 1064 2506 impe-

271 2529 402 2599 trasset,
419 2527 458 2587 de
474 2527 592 2588 litteris
611 2526 761 2602 praedicti
779 2525 956 2588 Clementis
971 2543 1062 2604 prae-

272 2617 458 2685 decessoris
482 2623 597 2695 nostri,
621 2625 655 2684 et
678 2639 836 2700 processu
857 2622 987 2699 praefati
1002 2639 1062 2684 ar-

271 2720 1063 2798 cbiepiscopiillarumauctoritatehabito,nulla

270 2818 358 2879 facta
393 2819 524 2894 penitus
557 2817 735 2890 mentione,
773 2833 844 2888 nos,
875 2833 917 2877 ex
943 2818 1063 2879 litteris

272 2914 1062 2992 episcoporum,abbatumetaliorumquamplu-

270 3013 359 3073 rium
372 3012 550 3083 intellecto,
568 3011 653 3088 quod
674 3013 866 3088 atempore‚
886 3014 981 3088 cujus
997 3029 1063 3073 non

270 3108 1065 3180 extatmemoriaineademecclesiavestradue-

272 3207 350 3266 rant
373 3205 523 3266 canonici
543 3204 771 3273 saeculares...,
793 3207 921 3266 cantori
943 3207 1062 3267 Petro-

272 3301 438 3378 goricensi
456 3303 489 3362 et
509 3301 645 3376 collegis
662 3305 735 3378 ejus
750 3301 899 3363 dedimus
914 3303 949 3362 in
964 3319 1062 3364 man-

270 3398 1061 3473 datis,utsiconstareteisremtalitersehabere,

270 3497 426 3557 revocato
442 3496 477 3555 in
498 3496 645 3567 irritum,
668 3495 788 3572 siquid
810 3497 958 3572 ipsarum
973 3497 1065 3558 litte-

271 3607 385 3654 rarum
420 3592 554 3654 obtentu
586 3593 621 3652 in
656 3593 885 3670 praejudicium
913 3593 1064 3655 ecclesiae

269 3693 390 3752 vestrae
409 3688 519 3751 suerat
543 3689 752 3759 attentatum,
776 3690 967 3753 inhiberent
981 3692 1063 3768 ipsis

268 3786 447 3865 judicibus,
476 3802 519 3847 ne
542 3788 682 3848 ulterius
702 3789 737 3847 in
753 3789 885 3863 negotio
900 3790 1062 3864 procede-

270 3884 347 3945 rent
370 3887 562 3955 memorate,
585 3885 618 3946 et
636 3885 677 3945 ab
702 3885 907 3962 impetitione
927 3887 1063 3963 capituli

272 3982 385 4044 Sancti
400 3982 539 4042 Andreae
559 3997 659 4057 super
674 3982 736 4042 hoc
753 3982 873 4044 dictam
889 3983 1062 4047 ecclesiam

271 4077 489 4148 absolventes
524 4078 672 4138 eamdem
703 4079 737 4138 in
773 4094 812 4139 eo
836 4081 923 4142 statu
949 4096 1064 4142 serva-

270 4176 356 4247 rent,
373 4175 407 4234 in
423 4190 486 4250 quo
508 4189 527 4234 a
541 4175 715 4249 sexaginta
732 4176 831 4235 annis
846 4178 937 4238 retro
952 4178 1063 4238 nosci-

269 4275 326 4334 tur
349 4272 509 4334 extitisse.
530 4273 600 4332 Duo
624 4287 773 4347 quorum,
790 4273 887 4334 tertio
904 4276 1062 4336 excusato

270 4369 432 4445 legitime,
447 4385 547 4445 quum
569 4369 618 4428 eis
638 4369 841 4430 constitisset
855 4371 1004 4445 plenarie
1022 4372 1063 4432 de

270 4467 448 4543 praedictis
477 4465 687 4541 saepedictam
715 4465 891 4527 ecclesiam
919 4469 1062 4529 vestram

270 4579 371 4640 super
394 4564 456 4624 hoc
485 4563 526 4623 ab
550 4563 756 4639 impetitione
779 4563 908 4640 praelati
926 4567 1062 4642 capituli

271 4659 513 4722 sententialiter
540 4659 759 4733 absolventes,
774 4662 932 4723 statutum
956 4679 1064 4724 saecu·

271 4757 391 4818 larium
405 4759 640 4818 canonicorum
661 4757 903 4819 observandum
920 4761 954 4819 in
969 4775 1007 4821 ea
1022 4759 1063 4820 de

271 4854 392 4916 caetero
404 4855 632 4924 decreverunt,
642 4855 901 4918 contradictores
907 4856 1006 4933 juxta
1017 4859 1063 4918 te·

271 4967 386 5013 norem
398 4951 544 5012 mandati
554 4953 735 5027 apostolici
748 4954 1065 5015 excommunicatio-

270 5051 323 5113 nis
344 5049 515 5112 sententiae
534 5050 767 5124 supponentes.
787 5052 957 5127 Quumque
976 5049 1063 5111 luis-

269 5151 319 5212 set
329 5148 370 5210 ab
378 5147 493 5209 eadem
503 5145 666 5206 sententia
675 5148 947 5222 provocatum,ac
965 5165 1065 5224 super

270 5249 333 5308 hoc
360 5245 439 5306 ad...
470 5243 622 5305 abbatem
645 5243 757 5304 Planae
787 5244 896 5321 Sylva>
921 5261 1064 5323 suosque

271 5344 417 5419 collegas
443 5342 561 5403 litterae
583 5356 603 5402 a
632 5340 716 5401 Sede
738 5342 928 5417 Apostolica
954 5343 1064 5420 impe-

271 5444 378 5513 tratae,
394 5441 526 5502 tandem
542 5439 581 5500 de
592 5453 756 5500 consensu
772 5441 945 5516 utriusque
961 5442 1064 5516 partis

270 5541 304 5602 et
313 5539 464 5624 judicum
479 5537 738 5614 praedictorum
728 5553 764 5598 m
774 5537 982 5598 venerabiles
996 5537 1066 5599 lra-

271 5643 338 5701 tres
362 5636 530 5698 nostros...
559 5636 772 5710 Bigorriten,
798 5637 867 5698 et...
888 5639 1063 5699 Convena-

1115 505 1189 550 rum
1203 489 1375 566 episcopos
1397 489 1458 552 sub
1473 491 1564 552 certa
1578 503 1676 566 poena
1685 490 1719 551 et
1727 493 1895 567 juramenti

1115 587 1279 662 religione
1293 585 1357 647 luit
1370 601 1470 663 super
1482 588 1545 648 hoc
1561 587 1594 648 et
1613 586 1809 665 quibusdam
1829 587 1895 649 aliis
1963 643 1964 664 ς

1116 683 1268 745 articulis
1289 698 1309 744 a
1329 683 1479 760 partibus
1499 685 1784 760 compromissum,
1795 685 1847 760 qui
1859 686 1893 745 ad
1963 705 1964 752 3

1116 781 1289 843 arbitrium
1302 780 1529 857 procedentes,
1548 781 1777 852 intercaetera,
1789 783 1894 859 quain
1963 793 1964 870 j

1116 879 1188 954 ipso
1215 879 1426 940 continentur
1447 877 1597 950 arbitrio,
1624 878 1770 954 capitulo
1789 880 1895 945 Sancti

1118 975 1257 1036 Andreae
1268 975 1661 1051 invirtutejuramentiin
1670 976 1893 1051 compromisso

1116 1071 1318 1144 exhibiti-et
1333 1087 1430 1149 poena
1446 1071 1701 1148 quingentarum
1723 1085 1895 1132 marcarum

1117 1169 1151 1229 in
1175 1169 1291 1230 eodem
1317 1184 1476 1245 expresso
1510 1168 1702 1230 arbitrando
1736 1169 1894 1242 dixemnt,

1117 1267 1202 1343 quod
1223 1282 1324 1342 super
1350 1266 1438 1328 statu
1453 1266 1690 1327 canonicorum
1706 1265 1895 1342 regularium

1116 1363 1151 1424 in
1175 1365 1287 1426 vestra
1315 1363 1525 1425 reformando
1547 1363 1700 1435 ecclesia,
1726 1364 1780 1425 vel
1808 1365 1896 1424 eiiam

1116 1458 1280 1533 faciendo,
1303 1459 1428 1520 nullam
1443 1460 1539 1521 vobis
1554 1459 1594 1521 de
1613 1461 1733 1521 caetero
1758 1461 1898 1522 moveant
1963 1477 1964 1490 ¹

1117 1557 1169 1618 vel
1205 1555 1333 1618 moveri
1359 1556 1483 1618 iaciant
1503 1556 1592 1618 dicto
1617 1556 1673 1617 vel
1696 1557 1802 1628 iacto,
1828 1573 1898 1618 con·
1963 1623 1964 1632 J

1117 1669 1218 1714 sensu
1245 1655 1299 1716 vel
1323 1655 1475 1726 consilio,
1503 1654 1734 1730 quaestionem.
1762 1656 1894 1726 Quorum

1117 1752 1292 1813 arbitrium
1306 1751 1369 1816 luit
1383 1767 1403 1813 a
1426 1751 1579 1829 partibus.
1588 1752 1804 1828 acceptatum,
1821 1752 1897 1812 sicut
1963 1767 1964 1832 ι

1117 1851 1255 1926 apparet
1282 1866 1342 1926 per
1370 1849 1538 1912 exhibitas
1566 1849 1661 1911 nobis
1688 1849 1815 1911 litteras
1838 1851 1896 1910 mm
1963 1897 1964 1924 ,

1118 1946 1319 2008 arbitrorum
1343 1947 1464 2023 sigillis
1487 1963 1585 2024 quam
1599 1947 1744 2024 partium
1763 1961 1897 2008 commu·
1963 1931 1964 2018 J

1118 2044 1216 2114 nitas,
1236 2044 1321 2121 quod
1348 2049 1381 2106 et
1400 2061 1461 2106 nos
1484 2046 1703 2120 postmodum,
1721 2044 1763 2104 ad
1778 2043 1897 2120 petitio-
1963 2063 1964 2128 j

1118 2155 1193 2202 nem
1212 2143 1369 2214 vestram,
1384 2141 1581 2204 auctoritate
1602 2140 1792 2218 Apostolica
1810 2140 1897 2200 duxi·

1118 2253 1191 2299 mus
1206 2238 1478 2310 confirmandum,
1493 2239 1590 2315 prout
1604 2237 1638 2298 in
1649 2237 1775 2298 eisdem
1790 2237 1896 2298 litteris
1963 2225 1964 2252 l

1118 2336 1318 2398 arbitrorum
1335 2337 1493 2413 ipsorum,
1515 2337 1547 2398 et
1567 2335 1709 2412 partium
1730 2335 1895 2412 perspexi·

1118 2450 1190 2494 mus
1206 2434 1337 2510 plenius
1366 2434 1540 2496 contineri.
1566 2436 1689 2495 Verum
1712 2433 1791 2510 quia
1811 2447 1896 2508 super
1963 2485 1964 2500 ,

1119 2531 1206 2592 statu
1225 2531 1459 2593 canonicorum
1480 2530 1683 2606 regularium
1699 2531 1734 2590 in
1750 2529 1894 2606 praedicta
1963 2515 1964 2538 ³

1118 2630 1228 2689 vestra
1250 2627 1391 2689 ecclesia
1406 2627 1579 2688 statuendo
1595 2626 1737 2688 diversae
1757 2625 1897 2687 commis-

1119 2724 1240 2796 siones,
1265 2725 1437 2786 sententiae
1461 2739 1501 2786 ao
1527 2723 1806 2794 confirmationes,
1823 2723 1896 2782 sicut
1963 2729 1964 2812 ᾗ

1119 2820 1312 2897 praedictum
1326 2821 1386 2892 eat,
1403 2821 1519 2882 contra
1537 2821 1686 2882 eamdem
1700 2820 1896 2882 ecclesiane
1963 2815 1964 2842 ³

1120 2919 1204 2979 Sede
1230 2917 1420 2994 apostolica
1435 2919 1644 2987 emanarunt,
1661 2917 1839 2995 apraelatis
1851 2932 1896 2978 aa

1118 3015 1215 3076 bitris
1237 3014 1299 3076 luit
1324 3013 1419 3076 vobis
1443 3015 1639 3091 injunctum,
1656 3015 1694 3076 ut
1708 3013 1796 3076 inira
1811 3015 1895 3075 bien·
1963 3017 1964 3072 ἲ

1120 3113 1210 3172 nium
1226 3128 1246 3172 a
1260 3113 1408 3188 tempore
1426 3112 1504 3172 talis
1519 3111 1649 3172 arbitrii
1664 3127 1764 3187 super
1779 3113 1829 3172 his
1843 3114 1895 3172 Sa·
1963 3127 1964 3190 ὲ

1119 3208 1192 3270 dem
1217 3206 1441 3286 apostolicam
1466 3209 1688 3281 consuleritis,
1711 3211 1745 3270 et
1763 3209 1897 3283 suscipe-
1963 3209 1964 3298 j

1119 3307 1199 3378 retis
1215 3305 1387 3367 humiliter
1401 3306 1487 3383 quod
1503 3306 1576 3383 ipsa
1592 3306 1681 3367 circa
1701 3306 1764 3366 hoc
1777 3305 1897 3366 duxerit
1963 3301 1964 3358 l

1118 3403 1358 3475 ordinandum3
1375 3402 1461 3479 quod
1481 3417 1614 3479 vesper
1634 3402 1790 3464 dilectum
1805 3402 1895 3462 filium
1963 3417 1964 3472 ι

1119 3505 1155 3562 G.
1180 3500 1221 3562 de
1245 3503 1367 3574 Burgo,
1392 3499 1544 3576 nepotem
1569 3498 1772 3560 venerabilis
1797 3499 1896 3559 fratris
1963 3535 1964 3562 ;

1118 3597 1262 3659 nostri...
1275 3595 1494 3672 Burdegalen.
1513 3595 1768 3673 archiepiscopi,
1785 3611 1895 3658 conca·
1963 3583 1964 3662 Ϊ

1119 3694 1274 3757 nonicum
1289 3695 1322 3754 et
1340 3694 1589 3770 procuratorem
1607 3695 1765 3767 vestrum,
1778 3695 1897 3770 propter
1963 3695 1964 3716 ¹

1118 3793 1181 3853 hoc
1196 3791 1236 3852 ad
1250 3793 1397 3852 nostram
1410 3790 1621 3866 praesentiam
1634 3790 1841 3862 destinatum,
1852 3789 1898 3849 de

1118 3891 1192 3950 rote
1208 3904 1247 3949 ac
1264 3889 1456 3948 reverenter
1467 3888 1653 3964 implentes,
1663 3889 1759 3949 nobis
1771 3887 1896 3948 humili·
1963 3883 1964 3968 J

1119 3987 1169 4047 ter
1186 3985 1409 4062 supplicastis,
1423 3985 1460 4046 ut
1472 3984 1565 4046 vobis
1579 3985 1611 4046 et
1625 3985 1776 4048 ecclesiae
1790 3987 1896 4047 vestrae

1117 4082 1352 4160 tranquillitati
1364 4083 1501 4158 paterna
1512 4082 1736 4144 sollicitudine
1749 4085 1783 4144 in
1797 4085 1896 4160 poste·
1963 4157 1964 4162 ἵ

1117 4197 1190 4240 rum
1200 4179 1423 4256 providentes,
1433 4175 1555 4240 statum
1564 4179 1798 4241 canonicorum
1809 4195 1898 4240 saecu·
1963 4163 1964 4194 ³

1117 4277 1238 4336 larium
1250 4275 1505 4337 decerneremus
1518 4275 1599 4337 inibi
1611 4276 1651 4338 de
1667 4279 1787 4339 caetero
1802 4276 1898 4338 obser·
1963 4287 1964 4342 ἶ

1117 4373 1272 4436 vandum.
1290 4373 1448 4434 Nolentes
1463 4373 1565 4448 igitur
1575 4373 1725 4435 eamdem
1736 4375 1897 4436 ecclesiam
1963 4411 1964 4444 ,

1117 4471 1261 4533 vestram
1277 4471 1451 4530 occasione
1465 4470 1654 4548 hujusmodi
1667 4470 1707 4532 de
1722 4473 1838 4533 caetero
1851 4469 1896 4530 la·
1963 4501 1964 4504 π

1117 4569 1224 4644 tigare
1239 4567 1420 4637 laboribus,
1442 4568 1476 4627 et
1487 4567 1653 4642 expensis,
1667 4569 1788 4630 vestris
1802 4568 1899 4647 preci·

1117 4665 1178 4726 bus
1194 4665 1356 4734 inclinati,
1373 4665 1494 4725 statum
1510 4665 1745 4726 canonicorum
1767 4666 1897 4727 saecula·

1117 4763 1215 4833 rium,
1233 4777 1331 4838 quem
1352 4777 1371 4821 a
1393 4761 1568 4835 sexaginta
1583 4763 1672 4823 retro
1688 4763 1785 4824 annis
1799 4779 1840 4824 ex
1851 4763 1899 4822 lit·
1963 4747 1964 4832 t

1118 4860 1199 4921 teris
1208 4859 1441 4936 predictorum
1454 4859 1600 4919 cantoris
1614 4860 1896 4936 Petregorioensis,
1963 4839 1964 4932 J

1118 4959 1152 5018 et
1166 4956 1302 5031 collegae
1318 4955 1423 5032 ipsius
1444 4970 1544 5032 super
1564 4955 1628 5016 hoc
1649 4955 1898 5034 delegatornma
1963 4959 1964 5016 3

1119 5053 1214 5114 nobis
1230 5053 1265 5113 in
1284 5069 1324 5114 ea
1339 5052 1567 5114 intelleximus
1587 5053 1816 5127 observatum,
1831 5070 1899 5114 auc·

1118 5151 1252 5212 toritate
1277 5149 1466 5227 ApostolIca
1490 5149 1737 5223 confirmamus,
1760 5153 1794 5212 et
1821 5167 1898 5227 pra·
1963 5173 1964 5242 ᾗ

1119 5249 1222 5309 sentis
1238 5247 1351 5324 scripti
1367 5247 1552 5324 patrocinio
1566 5249 1819 5320 communimus,
1836 5247 1897 5307 dis·
1963 5249 1964 5336 l

1118 5346 1248 5408 trictius
1269 5343 1469 5417 inhibentes,
1486 5345 1612 5421 nequis
1628 5345 1835 5420 sepedictam
1852 5360 1898 5404 ec·
1963 5349 1964 5376 ³

1120 5441 1255 5501 clesiam
1274 5441 1418 5500 vestram
1442 5454 1542 5515 super
1569 5439 1632 5500 hoc
1657 5442 1833 5515 praesumat
1850 5437 1896 5496 ul·

1119 5537 1224 5599 terius
1237 5536 1428 5599 molestare.
1450 5535 1542 5597 Nulli
1557 5552 1636 5614 ergo
1650 5537 1783 5600 omnino
1799 5535 1896 5598 homi·
1963 5555 1964 5584 ³

1122 5651 1200 5696 num
1215 5635 1313 5698 liceat
1329 5635 1414 5696 lianc
1429 5634 1584 5709 paginam
1598 5635 1720 5697 nostrae
1736 5636 1897 5698 confirma·
1963 5585 1964 5766 J

1963 6215 1964 6240 l
