4104 6330
117 370 169 432 leo
424 353 426 358 ’
714 371 943 434 nrrsronm.
967 373 1045 442 ma.
1069 374 1122 434 vr.
1682 377 1742 438 iro

114 527 383 592 sanctilonennis
393 529 606 606 aureliacen.
616 532 648 593 et
658 531 893 611 archipresby·
947 533 1029 594 serit
1059 532 1171 612 omnia
1193 531 1281 595 bona
1311 549 1384 606 sua,
1410 534 1499 596 bona
1519 536 1635 598 viroris
1658 551 1739 609 suae,

112 625 225 688 terode
243 627 359 688 cosma
381 627 487 702 regali
510 629 716 692 xanctonen.
737 631 891 692 dioecesis
947 631 1249 708 quantumcumque
1264 629 1442 693 laudabilis
1457 633 1741 704 ethonestae‚tam

111 725 141 785 et
163 723 318 800 magistro
342 726 558 787 constantino
588 727 702 788 Natali
728 728 889 790 canonico
947 727 1083 788 mobilia
1098 743 1196 805 qnam
1215 728 1398 790 immobilia
1416 745 1475 806 pro
1498 746 1567 791 suae
1582 730 1739 792 volunta-

110 821 304 882 llanctonen.
946 825 990 886 tis
1020 824 1114 886 libito
1140 824 1276 887 alienat.
1308 827 1417 897 Quare
1438 827 1474 887 lit
1497 827 1677 899 interdum,
1706 829 1742 890 nt

143 919 282 980 Dilectus
294 919 384 980 illius
396 921 437 981 H.
453 919 494 982 de
508 919 620 983 Vilors
633 922 776 984 clericus
796 921 891 984 nobis
946 921 1019 984 viro
1039 922 1194 984 defuncto
1219 939 1305 984 uxor
1326 925 1497 986 remaneat
1521 925 1679 998 indotata,
1707 925 1741 988 et

110 1016 251 1092 exposuit
266 1017 415 1092 graviter
440 1020 683 1095 conquerendo,
709 1019 793 1098 quod
816 1035 891 1082 cum
944 1019 1141 1095 superstites
1153 1019 1214 1080 lilii
1229 1021 1387 1082 extremis
1402 1021 1598 1099 subjaceant
1610 1023 1740 1084 incom-

109 1127 161 1190 pro
182 1115 251 1191 ejus
274 1115 504 1192 provisione...
532 1117 658 1178 decano
685 1117 718 1180 et
745 1118 891 1195 capitulo
946 1116 1053 1178 modis
1066 1118 1282 1194 paupertatis.
1299 1118 1373 1179 Alia
1388 1134 1519 1195 quoque
1535 1120 1739 1181 consuetudo

108 1210 319 1286 angolismen.
345 1208 475 1274 litteras
501 1213 718 1286 misissemus,
745 1214 891 1278 decanus
945 1217 1079 1276 estnon
1094 1215 1739 1294 impariterreprobanda‚scilicetquod

107 1306 310 1384 ipselitteras·
320 1309 529 1386 vilipendens
545 1311 678 1372 easdem
688 1313 723 1372 ln
739 1313 890 1375 nostrum
945 1311 974 1371 si
995 1311 1047 1374 vir
1064 1312 1163 1374 ducat
1178 1328 1327 1384 uxorem,
1343 1330 1416 1390 qnae
1429 1314 1493 1375 lide
1506 1315 1653 1392 coniugii
1667 1316 1741 1377 vio-

107 1408 136 1466 et
145 1406 297 1468 Ecclesiae
311 1409 470 1470 Romanae
485 1409 708 1487 contemptum
723 1425 781 1472 eas
795 1410 887 1472 reci·
945 1409 1022 1482 lata,
1039 1411 1223 1474 committat
1244 1410 1444 1472 adulterium
1471 1412 1656 1486 manifeste,
1685 1412 1739 1474 vel

107 1517 176 1581 pere
188 1504 364 1566 recusavit.
379 1506 485 1577 Quum
497 1507 608 1568 autem
624 1507 731 1569 dictus
745 1509 891 1570 decanus
945 1506 1066 1568 exinde
1087 1507 1220 1584 publica
1239 1508 1327 1568 lama
1353 1508 1492 1581 laboret,
1521 1509 1738 1572 nibilominus

105 1599 296 1674 maluererit,
311 1602 340 1663 si
360 1617 414 1664 res
428 1603 476 1664 ita
491 1619 527 1664 se
542 1603 653 1678 babet,
670 1605 766 1668 nobis
784 1595 889 1667 inde·
945 1604 1153 1667 medietatem
1161 1605 1309 1666 omnium
1318 1603 1679 1684 bonorumquaefuerit
1686 1607 1739 1668 vir

105 1697 190 1758 votus
216 1699 250 1759 et
272 1697 466 1761 inobediens
496 1701 654 1774 inveniri,
691 1717 790 1779 qnam
814 1717 889 1764 cum
945 1702 1094 1779 adeptus,
1113 1703 1323 1779 impudenter
1336 1703 1441 1779 exigit
1462 1705 1496 1765 et
1514 1702 1663 1781 improbe
1678 1721 1739 1781 ap-

104 1795 281 1857 raverentia
296 1797 428 1859 nostras
449 1799 620 1874 suscipere
634 1799 775 1872 litteras,
802 1799 889 1877 quod
945 1799 1130 1874 prehendit,
1145 1815 1219 1876 quae
1235 1799 1344 1876 potius
1357 1800 1520 1877 privanda
1534 1801 1621 1864 esset
1635 1802 1740 1863 omni·

106 1891 325 1955 continebatur
347 1893 383 1956 in
409 1895 458 1956 eis
473 1896 646 1959 humiliter
665 1897 888 1976 adimplendo,
944 1895 1005 1958 bus
1020 1897 1085 1958 viri
1098 1897 1205 1960 bonis.
1225 1898 1334 1968 Quare
1349 1913 1449 1974 super
1468 1899 1520 1959 his
1539 1898 1635 1960 vobis
1653 1915 1736 1976 pro-

105 1990 150 2052 vel
175 1990 407 2054 rationabilem
431 1994 668 2069 praetendendo
695 1997 889 2058 excusatio·-
944 1994 1058 2056 videre
1077 2010 1138 2072 per
1159 1994 1277 2056 sedem
1292 1995 1514 2072 apostolicam
1542 1996 1738 2074 suppliciter

105 2103 182 2160 nem,
197 2103 300 2166 quare
312 2089 347 2150 id
359 2089 433 2152 lieri
455 2107 523 2152 non
539 2092 684 2166 deberet,
696 2093 890 2156 discretioni
944 2091 1148 2168 postulastis.
1174 2093 1243 2154 Nos
1274 2092 1386 2168 itaque
1419 2094 1518 2154 saluti
1545 2095 1578 2156 et
1601 2093 1738 2156 utilitati

105 2189 212 2248 vestre
235 2201 297 2264 per
318 2187 508 2264 apostolica
531 2190 656 2267 scripta
680 2191 886 2266 mandamns,
943 2189 1065 2250 vestrae
1080 2189 1218 2266 provide
1235 2191 1409 2252 consulere
1425 2191 1607 2268 cupientes,
1622 2193 1738 2254 tenore

106 2284 255 2360 quatenus
272 2299 373 2362 super
388 2286 452 2348 boc
463 2287 604 2350 veritate
620 2287 814 2364 diligentius
832 2288 888 2350 in·
944 2288 1159 2364 praesentium
1184 2287 1393 2348 declaramus
1412 2303 1470 2350 vos
1489 2303 1555 2349 non
1570 2288 1677 2350 teneri
1696 2289 1737 2350 ad

106 2381 225 2456 quisita,
235 2381 345 2444 sirem
358 2383 553 2446 inveneritis
565 2384 612 2447 ita
621 2401 706 2458 esse,
716 2386 889 2462 praelatum
934 2384 1135 2464 ,hujusmodi
1146 2384 1402 2446 consuetudines
1413 2387 1571 2462 tanquam
1579 2385 1649 2462 juri
1660 2401 1738 2448 con·

105 2477 251 2541 decanum
287 2480 340 2542 ad.
355 2483 503 2544 nostram
530 2484 666 2559 propter
689 2484 752 2546 boc
780 2485 889 2546 citetis
943 2481 1066 2542 trarias
1082 2481 1317 2543 observandas.
1332 2482 1451 2544 Datum
1474 2482 1592 2556 Alatri,
1609 2486 1652 2545 Vl
1672 2483 1736 2545 lta·

105 2578 316 2652 praesentiam,
326 2578 435 2656 ipsum
444 2580 480 2641 ut
493 2580 533 2640 ad
543 2597 605 2642 nos
618 2581 732 2643 veniat
743 2597 803 2659 per
811 2597 890 2644 cen·
944 2578 1061 2641 tendas
1073 2579 1174 2657 junii,
1189 2594 1277 2641 anno
1292 2580 1397 2642 sexto.

105 2687 204 2735 suram
222 2675 488 2738 ecclesiasticam
510 2678 732 2755 appellatione
752 2681 889 2757 postpo-

104 2771 159 2831 sita
169 2772 417 2850 compellentes.
434 2775 548 2836 Testes
567 2776 689 2848 autem,
707 2777 769 2840 etc.
796 2779 888 2850 Quod

106 2867 129 2927 sl
144 2882 204 2930 non
230 2885 359 2944 omnes,
376 2871 437 2932 etc.
469 2873 588 2934 Datum
617 2875 735 2948 alatri,
762 2877 806 2938 VI
827 2875 890 2937 lra-
1265 2903 1417 2991 CXCVI

106 2962 425 3045 lendasJun11,anno
441 2970 547 3031 sexto.
1012 3053 1065 3114 Aa
1086 3054 1322 3115 mammem
1336 3053 1370 3116 εἰ
1398 3052 1671 3116 Valenpmempm

1248 3154 1436 3226 episcopos.

426 3261 556 3351 CXCV
1235 3289 1445 3348 armassem.

132 3413 179 3474 Ad
197 3415 369 3488 majorem
384 3413 418 3475 el
433 3416 619 3492 balvenses
641 3419 681 3476 de
697 3418 847 3489 Rllpetla.
968 3420 1107 3488 [bouquet
1117 3423 1175 3474 lice.
1189 3421 1233 3473 des
1244 3421 1319 3482 illst,
1334 3423 1477 3484 xlx..723;
1493 3425 1602 3488 aegest,
1614 3424 1659 3477 lib.
1670 3425 1717 3485 Vl,

381 3545 415 3604 rr
434 3545 503 3604 mari
523 3547 602 3604 aare.
1261 3500 1336 3567 erist
1354 3501 1422 3566 aas]

944 3615 1134 3691 Litidantibus
1157 3616 1193 3675 de
1214 3619 1399 3692 prepositura
1418 3619 1593 3677 brivatensis
1607 3619 1736 3678 ecclesia

127 3667 238 3733 [ἥψω
249 3669 298 3720 lib.
308 3669 434 3736 vlepist.
449 3670 505 3720 ⁴¹⁶¹
516 3670 574 3722 ¹⁵³·
585 3671 708 3724 ΝΟΜ
719 3669 754 3723 ‘¹¹¹
766 3671 860 3737 Μ’]
978 3706 1010 3763 Ρ.
1026 3705 1063 3763 de
1078 3707 1180 3763 belnae
1194 3712 1223 3762 et
1237 3705 1365 3779 ejusdem
1380 3707 1435 3764 loci
1452 3715 1579 3777 cantore,
1601 3723 1666 3765 cum
1687 3723 1738 3765 rex

105 3791 140 3848 be
152 3795 292 3866 perversis
303 3795 629 3868 consuetudinibusque
639 3797 667 3854 in
677 3797 794 3870 liupella
805 3797 886 3870 vige·
979 3793 1126 3866 Philippus
1141 3790 1266 3852 dedisset
1281 3795 1308 3851 in
1325 3796 1468 3853 mandatis
1482 3795 1736 3854 archembaldode

133 3881 209 3954 bant,
230 3885 436 3942 consuluerunt
461 3884 637 3959 burgensem
662 3884 790 3943 declarat
813 3887 886 3943 Pon·
979 3881 1130 3952 Borbooio,
1147 3890 1179 3940 ut
1190 3884 1220 3940 P.
1232 3881 1267 3940 de
1282 3885 1385 3942 botzac
1400 3886 1584 3958 praepositura
1604 3885 1738 3957 spoliare·

134 3969 195 4028 illex
215 3973 281 4030 illos
305 3987 362 4030 non
390 3973 480 4030 teneri
505 3973 542 4030 ad
571 3973 735 4046 huiusmodi
765 3987 885 4031 consue·
978 3977 1034 4040 tur,
1062 3971 1204 4029 Honorius
1235 3972 1461 4031 controversiam
1491 3973 1658 4032 auctoritate
1685 3989 1739 4033 sua

134 4059 239 4124 tudines
266 4060 463 4120 observandas
482 4069 617 4134 tanquam
641 4061 886 4136 jnrizcontrarias.
978 4058 1169 4117 dirimendam
1184 4059 1321 4118 decernit.

139 4195 314 4269 Honorius,
341 4195 416 4269 etc,
443 4197 574 4259 dilectis
604 4197 681 4280 filiis
705 4197 838 4276 majori
856 4197 891 4260 et
982 4195 1152 4257 Honorius
1167 4195 1647 4274 episcopus...,venerabilibus
1662 4199 1737 4262 ira-

105 4285 316 4368 burgensibus
331 4295 371 4356 de
387 4295 540 4371 Rupella.
943 4293 1049 4355 tribus
1084 4293 1276 4358 vivariensi
1302 4293 1349 4374 (1)
1372 4296 1405 4357 et
1432 4297 1665 4360 valentinensi
1686 4295 1734 4378 (2)

140 4391 217 4460 Quia
229 4407 335 4464 error,
347 4393 400 4454 cui
412 4408 479 4453 non
492 4393 661 4455 resistitur
673 4393 886 4470 approbatur,
943 4391 1119 4470 episcopis,
1149 4393 1182 4454 et
1210 4391 1330 4454 dilecto
1352 4392 1421 4454 illio
1441 4393 1590 4456 sacristae
1613 4398 1737 4457 Roma-

106 4501 243 4551 erroneae
259 4490 617 4568 consuetudinesque
631 4493 737 4553 sacris
753 4491 889 4554 obviant
943 4491 1050 4561 nensi‚
1081 4490 1281 4552 Viennensis
1307 4490 1471 4576 diocesia,
1496 4491 1649 4564 salutem,
1671 4494 1735 4554 etc.

106 4581 270 4659 institutis,
286 4587 364 4648 sunt
384 4588 502 4648 merito
521 4587 695 4650 abolendae
713 4605 788 4648 cum
809 4589 887 4650 ino·
981 4587 1030 4649 Ad
1057 4588 1205 4648 nostram
1233 4586 1450 4656 audientiam,
1475 4591 1512 4649 P.
1543 4586 1583 4649 de
1615 4591 1736 4652 Lotzac

106 4677 165 4742 litae
186 4684 320 4760 pariant
343 4685 579 4761 corruptelam.
596 4687 645 4746 Ex
660 4687 755 4763 parte
778 4686 888 4764 siqui·
943 4685 1120 4762 praeposito
1149 4685 1300 4746 ecclesiae
1325 4684 1530 4746 Brivatensis
1555 4685 1734 4762 referente,

106 4775 170 4839 dem
189 4783 300 4843 vestra
327 4780 391 4844 tuit
412 4783 617 4859 propositum
641 4799 754 4845 coram
778 4784 887 4852 nobis,
943 4782 1094 4859 pervenit
1108 4781 1207 4859 quod,
1233 4796 1307 4842 cum
1331 4782 1409 4842 olim
1425 4783 1542 4844 cantor
1556 4785 1736 4862 etquidem

107 4877 182 4950 quod
199 4877 233 4940 in
251 4880 338 4942 terra
353 4881 464 4943 vestra
480 4880 620 4942 servatae
634 4884 711 4943 sunt
728 4879 888 4943 hactenus
944 4879 1097 4942 canonici
1119 4879 1268 4956 ejusdem
1289 4879 1439 4942 ecclesiae
1456 4881 1737 4945 claromontensis

107 4969 170 5035 dnae
184 4976 440 5038 consuetudines
455 4977 613 5050 abusivae,
633 4995 693 5056 per
706 4995 787 5056 quas
803 4978 890 5041 iove·
944 4977 1098 5038 dioecesis
1123 4993 1224 5054 super
1246 4977 1465 5056 praepositura
1494 4979 1599 5057 ipsius
1614 4980 1679 5043 loci
1695 4981 1736 5043 ad

108 5067 155 5129 tur
168 5073 515 5151 multiplicismateria
540 5075 726 5152 pravitatis,
742 5091 888 5152 vergen-
943 5073 1168 5138 venerabilem
1192 5073 1329 5137 fratrem
1350 5075 1499 5137 nostrum
1517 5079 1736 5139 Lemovicen-

107 5165 143 5226 tis
157 5169 189 5230 in
210 5170 394 5248 periculum
417 5173 615 5234 animarum.
631 5175 705 5234 Una
726 5172 887 5250 siquidem
944 5189 1013 5234 sem
1037 5171 1229 5250 episcopum
1250 5171 1318 5252 (3),
1343 5176 1377 5235 et
1395 5173 1436 5235 de
1456 5176 1596 5237 Bosceto
1614 5175 1739 5236 Cister-

107 5259 169 5326 haec
184 5269 243 5341 est,
260 5270 347 5346 quod
363 5269 391 5330 si
406 5269 493 5332 forte
512 5271 682 5348 indigena,
696 5271 749 5334 vel
771 5273 888 5334 extra·
944 5270 1065 5332 ciensis
1081 5269 1208 5332 ordinis
1223 5271 1256 5332 et
1274 5271 1385 5333 Sancti
1400 5271 1576 5333 Theoiredi
1589 5271 1739 5348 abbates,

107 5377 179 5424 nous
188 5366 405 5442 prodigaliter
416 5368 498 5431 vitio
511 5369 564 5430 vel
581 5367 722 5441 incuria,
736 5385 796 5430 seu
807 5386 891 5446 quo-
945 5369 1060 5430 contra
1101 5384 1176 5430 eum
1209 5369 1417 5446 apostolicas
1456 5369 1587 5431 litteras
1625 5370 1736 5448 impe·

108 5471 237 5538 cumque
261 5479 341 5526 casu
371 5463 439 5525 alio
464 5463 687 5542 dissipaverit,
717 5466 770 5528 vel
799 5466 889 5528 ami·
943 5467 1065 5529 trasset
1081 5464 1149 5546 (4);
1175 5465 1262 5528 idem
1282 5481 1376 5528 exeo
1392 5467 1585 5530 sesentiens
1606 5469 1742 5531 adlctis

139 5617 176 5684 (ll
191 5619 334 5679 Bernardo
348 5620 385 5679 de
400 5621 544 5681 lindoscc.
980 5623 1021 5695 (3)
1038 5623 1162 5683 bernard
1176 5623 1212 5681 de
1228 5627 1351 5683 Favena.

139 5688 312 5761 (tidererdo
326 5707 378 5752 seu
392 5693 516 5752 Girnldo.
920 5757 921 5760 ,
980 5697 1021 5769 (i)
1036 5697 1139 5756 Melias
1154 5697 1363 5769 impetrassent

1916 5289 1928 5322 t
