4080 6328
94 323 149 384 901

94 481 202 558 potIus
214 494 257 540 ax
270 465 409 540 accessu
419 478 531 541 vestro
547 479 718 542 materiam
737 479 882 542 dissolu-

93 578 193 640 tionis
219 577 395 652 accipiant,
421 576 498 636 dum
526 575 783 640 consalutautur
808 593 882 638 cum

93 674 235 745 clariola,
261 675 294 734 et
314 689 372 750 per
393 673 543 734 officinas
568 674 768 746 discurrunt,
784 691 882 750 quam

92 771 277 833 doctrinam
302 771 465 846 recipiant
483 771 672 832 salutarem.
694 773 777 842 Quia
802 786 882 832 vero

91 885 202 932 causae
227 869 415 944 hujusmodi
430 867 559 929 frivolae
579 869 666 938 sunt,
688 885 749 930 nee
768 884 883 932 aarum

93 967 268 1028 occasione
281 965 401 1027 fraires
414 967 504 1042 ipsos
515 966 550 1027 in
560 964 756 1026 exhibendis
769 981 885 1043 procu·

90 1063 279 1126 rationibus
294 1063 459 1124 credimus
475 1079 549 1124 esse
565 1064 741 1140 cogendos
763 1063 884 1124 trater-

90 1161 191 1222 niiati
212 1162 333 1222 vestrae
352 1176 411 1236 per
424 1161 614 1237 apostolica
637 1161 760 1236 scripta
784 1176 883 1221 man-

90 1259 210 1320 damus
235 1260 269 1320 et
293 1256 443 1318 districte
470 1257 693 1335 praecipimus,
722 1259 884 1334 quatenus

90 1355 213 1416 tratres
241 1356 331 1432 ipsos
354 1356 469 1416 contra
484 1355 646 1416 indultam
668 1354 774 1416 sibia
801 1354 884 1415 Sada

89 1453 282 1530 apostolica
295 1451 492 1524 libertatem,
505 1453 615 1513 necin
628 1451 808 1528 praedictis,
823 1467 885 1512 nec

89 1550 123 1610 in
139 1550 219 1610 aliis
241 1549 441 1626 aggravatio,
465 1565 528 1610 nec
549 1551 740 1612 exactiones
755 1547 885 1625 aliquas

89 1647 157 1708 illis
185 1647 356 1725 imponere
380 1648 600 1723 praesumatis.
627 1646 785 1724 Alioquin
817 1661 885 1707 non

87 1745 275 1820 poterimus
319 1743 380 1805 sub
415 1743 679 1806 dissimulatione
719 1743 882 1814 transire,

88 1836 171 1912 quin
192 1850 305 1898 eorum
323 1835 531 1898 indemnitati
554 1837 669 1898 contra
693 1835 892 1897 exactiones

88 1933 223 1994 vestras
242 1934 381 2008 paterna
407 1932 632 1994 sollicitudine
660 1933 883 1996 consulamus.

90 2031 214 2091 Datum
236 2030 350 2102 Reate,
374 2031 419 2092 IX
445 2029 606 2092 kalendas
629 2030 773 2105 augusti,
796 2045 884 2107 pon-

87 2127 239 2188 titicatus
259 2127 365 2188 nostri
386 2142 475 2188 anno
499 2126 640 2190 decimo.

468 2440 507 2526 ΙΙ

84 2604 138 2662 Ad
162 2602 349 2662 deroldum
374 2602 570 2673 episcopum
602 2601 884 2675 Frtstnqcasem,

124 2699 371 2758 eberhardum
394 2699 435 2758 da
463 2699 577 2778 Solent
598 2696 632 2756 at
658 2699 886 2756 Wernheram

125 2793 268 2856 Sarrctoe
281 2797 412 2866 Graccis,
426 2779 842 2854 abbateaGovtatoottertsts
853 2793 886 2852 et

126 2894 374 2954 Paaaooteasis
391 2893 587 2952 dioecesum.

393 3029 428 3087 25
442 3028 506 3102 julli
522 3029 601 3086 litt.

274 3153 389 3218 [haagen
403 3151 467 3202 hist.
486 3151 633 3214 salisburg,
646 3149 713 3212 tot]

83 3275 264 3337 blandateis
277 3284 317 3346 ut,
339 3293 369 3334 rc
384 3276 535 3348 diligenter
554 3275 698 3346 inquisita,
720 3272 885 3331 Eberhardo

120 3369 342 3440 archiepiscopo
367 3365 566 3438 Salzburgensi
588 3362 747 3421 concedant
768 3363 883 3420 liberta-

121 3467 185 3515 tem
200 3454 365 3512 instituendi
385 3455 482 3511 sedem
502 3453 694 3510 cathedralem
717 3453 745 3508 in
764 3453 884 3509 eeclesia

120 3549 152 3604 S.
173 3543 295 3603 Andreae
310 3544 345 3601 de
361 3545 478 3601 tarent.

124 3680 298 3743 HonorIus
308 3679 492 3756 episcopus,
502 3691 617 3737 servus
631 3691 803 3736 servorum
812 3675 883 3746 Dei,

81 3777 274 3858 venerabili
302 3776 398 3836 tratri
426 3775 581 3850 episcopo
606 3772 823 3847 Frisingensi,
853 3772 886 3832 et

81 3874 222 3938 dilectIs
247 3873 325 3934 tiliis
350 3872 390 3933 de
415 3872 524 3933 Salem
543 3870 575 3931 et
593 3868 633 3928 de
653 3869 782 3930 Sanctae
803 3869 886 3929 Cru-

82 3976 134 4036 cis
155 3970 332 4036 abbatibus
347 3968 608 4030 constantiensis
629 3968 662 4028 et
677 3965 884 4029 pataviensis

80 4073 283 4139 dioecesum,
310 4066 509 4127 salutemet
536 4065 759 4142 apostolicam
778 4065 884 4126 bene-

81 4167 281 4231 dictionem.
661 4237 669 4250 Ι

125 4261 342 4328 Venerabilis
368 4259 470 4322 irater
493 4261 607 4322 noster
634 4259 883 4336 salzburgensis

82 4360 363 4436 archiepiscopus
379 4357 457 4420 olim
472 4357 609 4434 provide
623 4357 784 4432 cogitans,
798 4358 884 4433 quod

81 4477 165 4523 cum
181 4455 320 4520 haberet
335 4454 503 4516 dioecesim
519 4453 615 4516 valde
630 4453 796 4526 diffusam,
818 4471 884 4516 non

80 4557 261 4621 sufficeret
283 4552 450 4614 universis
464 4550 690 4614 habitantibus
712 4551 747 4612 in
769 4553 885 4614 eadem

82 4652 253 4734 pastorali
265 4649 488 4712 sollicitudine
503 4649 687 4722 imminere,
703 4649 884 4726 vidensque

82 4752 177 4831 quod
205 4748 322 4814 messis
344 4746 475 4823 quidem
498 4745 612 4818 multa,
635 4747 781 4822 operarii
805 4761 884 4808 vero

80 4849 203 4930 pauci,
219 4844 350 4921 rogavit
363 4844 539 4906 Dominum
559 4843 688 4916 messIs,
709 4845 746 4906 ut
765 4859 885 4920 opera-

81 4950 160 5010 rios
187 4941 378 5013 destinaret,
408 4940 486 5018 quia
512 4941 619 5018 primo
639 4956 659 5003 a
681 4940 789 5002 felicis
811 4957 883 5002 me-

80 5043 209 5108 moriae
221 5037 414 5104 Innocentio
426 5037 669 5115 praedecessore
684 5041 798 5100 nostro
811 5054 885 5114 pos·

82 5137 211 5202 tulavit
227 5135 392 5198 instanter
406 5137 440 5196 et
454 5133 588 5196 undem
604 5132 747 5204 obtinuit
761 5150 884 5196 novum

82 5234 319 5315 episcopatum
334 5231 369 5292 in
386 5231 526 5294 ecclesia
551 5230 739 5294 chiemensi
763 5233 882 5294 creari.

83 5331 307 5399 Postmodum
333 5344 463 5406 quoque
490 5330 561 5406 J'am
599 5328 766 5400 sentiens,
797 5329 907 5406 quod¹

83 5447 178 5494 onus
198 5427 347 5491 divinum
361 5426 397 5488 in
412 5426 523 5502 plures
539 5425 669 5486 lucilius
689 5427 882 5500 sustinetur,

85 5529 168 5608 post
183 5524 327 5588 validam
343 5537 477 5600 precum
492 5522 685 5584 instantiam
706 5523 738 5612 et
754 5521 882 5586 delibe-

83 5624 257 5687 rationem
283 5637 302 5682 a
327 5619 422 5682 nobis
443 5619 658 5697 praehabitam
681 5618 882 5695 diligentem,

719 315 948 382 natsvoLAE.
971 322 1049 382 LlB.
1072 323 1111 382 X.

1667 321 1728 382 902

935 480 1125 558 impetravit
1136 479 1386 542 seccoviensem
1399 477 1575 542 ecclesiam
1592 479 1665 542 lteri
1675 495 1729 542 ca-

935 577 1139 652 thedralem;
1158 577 1277 638 deinde
1291 593 1370 638 vero
1386 579 1617 648 considerans,
1640 577 1725 656 quod

937 675 1107 736 commissi
1134 674 1197 736 sibi
1226 674 1337 750 gregIs
1362 676 1525 735 Dominici
1552 674 1728 736 multitudo

937 770 1045 832 adhuc
1069 771 1196 846 indiget
1214 772 1353 832 alterius
1378 775 1457 832 onia
1476 773 1630 848 pastoris,
1654 788 1730 832 cnm

937 867 1008 944 ipse
1034 869 1170 944 propter
1197 868 1326 929 viarum
1355 869 1503 944 pericula
1534 869 1593 928 vix
1620 869 1731 930 valeat

936 965 1039 1026 totam
1055 964 1223 1024 dioecesim
1245 965 1394 1037 visitare,
1411 967 1496 1042 apud
1521 982 1581 1026 nos
1604 980 1729 1042 oppor-

937 1062 1016 1123 tune
1028 1061 1149 1124 institit
1157 1062 1354 1137 importune,
1366 1064 1402 1124 ut
1414 1063 1447 1122 in
1461 1063 1601 1124 ecclesia
1617 1065 1649 1123 S.
1662 1067 1731 1124 An-

937 1159 1026 1220 dreae
1053 1159 1093 1219 de
1115 1159 1256 1230 Lavent,
1284 1160 1406 1236 inqua
1432 1175 1506 1220 cum
1526 1160 1732 1220 ministrarat

938 1271 1023 1317 unus
1036 1255 1207 1334 presbyter
1219 1257 1404 1327 saecularis,
1418 1257 1452 1318 in
1466 1273 1504 1318 ea
1518 1257 1731 1333 praepositum

938 1355 972 1413 et
983 1355 1179 1415 conventum
1193 1355 1398 1429 regularium
1411 1355 1541 1415 noviter
1551 1353 1730 1427 ordinavit,

939 1450 1160 1528 episcopalem
1178 1451 1288 1515 sedem
1306 1452 1482 1515 instituere
1503 1451 1729 1526 dignaremur.

979 1544 1042 1606 Sed
1066 1561 1127 1606 nos
1153 1546 1203 1606 rei
1230 1547 1498 1609 circumstantIas
1526 1547 1729 1618 nescientes,

938 1644 1048 1703 utrum
1063 1643 1219 1704 videlicet
1235 1642 1486 1719 salzburgensis
1506 1643 1658 1704 ecclesiae
1673 1659 1731 1704 ca-

939 1739 1035 1817 pituli
1050 1741 1083 1801 et
1097 1739 1267 1817 praepositi
1289 1740 1322 1802 et
1343 1741 1524 1803 conventus
1541 1743 1573 1801 S.
1590 1740 1731 1801 Andreae

938 1837 979 1897 ad
993 1837 1025 1896 id
1041 1851 1197 1898 assensus
1213 1838 1395 1911 accederet,
1415 1839 1448 1898 at
1462 1853 1505 1898 an
1519 1838 1552 1898 id
1572 1837 1731 1899 Salzbur-

938 1935 1050 2009 gensis
1086 1935 1236 1996 ecclosias
1273 1934 1462 2012 expediret,
1490 1935 1543 1996 vel
1572 1934 1732 1996 ecclesias

940 2033 973 2090 S.
996 2031 1137 2093 Andreae
1153 2033 1368 2106 servarentur
1382 2032 1557 2104 indemnis,
1583 2033 1615 2092 et
1634 2031 1733 2107 igno-

939 2128 1053 2189 rantes
1084 2129 1309 2207 provisionem
1351 2130 1383 2190 et
1416 2129 1585 2190 dioecesim
1620 2128 1732 2191 futuro
1819 2123 1823 2142 ‘

939 2226 1093 2304 epIscopo
1117 2227 1347 2303 assignandas,
1374 2226 1521 2304 ejusdem
1542 2225 1730 2302 archiepis-

940 2338 1021 2400 copo
1042 2323 1195 2399 precibus
1218 2328 1298 2385 tunc
1324 2323 1479 2385 duximus
1504 2322 1728 2384 annuendum.

939 2421 1054 2496 Nuper
1071 2422 1182 2482 autem
1206 2437 1360 2497 persnas
1385 2420 1480 2482 nobis
1496 2420 1623 2482 litteras
1643 2419 1729 2480 inti-

940 2517 1053 2589 mavit,
1078 2518 1163 2594 quod
1183 2519 1320 2596 paratus
1344 2519 1417 2579 erat
1439 2517 1550 2579 tuturo
1576 2517 1731 2594 eplacopo

939 2629 1040 2677 unam
1055 2613 1186 2676 diaetam
1207 2617 1240 2677 et
1265 2616 1436 2677 dimidiam
1459 2616 1494 2676 in
1518 2615 1653 2676 dloecesi
1669 2629 1730 2675 as-

940 2712 1096 2786 signare,
1124 2713 1178 2772 cui
1204 2712 1371 2774 trecentas
1393 2727 1523 2773 marcas
1549 2712 1584 2771 in
1611 2710 1732 2772 annuis

939 2807 1122 2870 redditibus
1137 2809 1317 2886 deputavit,
1334 2812 1407 2887 post
1429 2809 1593 2871 obtentam
1607 2807 1732 2869 anobis
1786 2795 1791 2799 ’

940 2921 1040 2982 super
1062 2905 1126 2966 hoc
1154 2906 1323 2967 licentiam
1348 2907 1577 2982 assignandas.
1604 2905 1734 2966 Dictum

939 3019 1068 3082 qnoque
1098 3002 1339 3078 salzburgense
1373 3004 1568 3084 capitulum,
1603 3018 1733 3063 necnon

939 3101 1136 3176 praepositus
1159 3103 1192 3162 et
1215 3101 1395 3161 conventus
1419 3103 1451 3161 S.
1477 3101 1618 3161 Andreae
1641 3115 1676 3160 se
1698 3099 1732 3160 id

939 3197 1123 3273 acceptare,
1139 3197 1344 3258 transmissis
1360 3199 1401 3258 ad
1416 3213 1476 3258 nos
1494 3197 1614 3258 litteris
1628 3195 1732 3274 proti-

938 3292 1059 3355 tentur.
1091 3296 1199 3364 Quare
1224 3294 1433 3370 supradictus
1460 3294 1731 3370 archiepiscopus

938 3407 1054 3469 preces
1070 3391 1235 3467 supplices
1256 3391 1448 3463 inculcavit,
1466 3393 1501 3452 ut
1520 3391 1552 3450 id
1576 3391 1733 3466 dignare-

939 3469 1013 3548 mur
1023 3487 1205 3564 perducere
1219 3488 1259 3547 ad
1276 3488 1441 3548 effectum.

978 3585 1135 3646 Volentes
1157 3584 1260 3659 igitur
1282 3584 1391 3645 adhuc
1416 3584 1452 3644 in
1477 3584 1570 3645 tanto
1598 3584 1731 3658 negotio

939 3697 1013 3742 cum
1032 3681 1143 3741 debita
1164 3681 1355 3742 maturitate
1379 3681 1570 3758 procedere,
1599 3680 1729 3741 discre-

938 3777 1020 3840 tioni
1035 3778 1156 3838 vestrae
1170 3793 1230 3854 per
1242 3777 1431 3853 apostolica
1451 3761 1574 3854 scripta
1590 3777 1731 3838 manda-

939 3891 1022 3946 muS,
1042 3874 1214 3951 quatenus,
1227 3873 1432 3951 inquirentes
1445 3890 1546 3950 super
1557 3874 1609 3934 his
1623 3874 1732 3934 omni-

938 3971 999 4032 bus
1013 3972 1204 4047 diligentius
1216 3972 1402 4042 veritatem,
1419 3971 1448 4032 si
1467 3987 1507 4032 ea
1520 3971 1728 4043 inveneritis,

938 4069 1023 4129 sicut
1038 4068 1191 4144 superius
1207 4070 1284 4130 sunt
1297 4084 1466 4146 expressa,
1480 4070 1513 4130 et
1527 4069 1727 4145 specialiter,

938 4166 966 4226 si
984 4165 1217 4242 praedictorum
1238 4166 1387 4242 capituli,
1410 4166 1578 4244 praepositi
1599 4166 1631 4226 et
1650 4182 1732 4226 con-

937 4264 1055 4324 ventus
1071 4263 1111 4322 ad
1127 4262 1160 4322 id
1173 4278 1334 4324 accensus
1349 4265 1540 4334 accesserit,
1552 4264 1730 4322 memorato

938 4361 1198 4436 archiepiscopo,
1215 4360 1251 4420 in
1269 4359 1426 4437 praedicta
1447 4359 1589 4421 ecclesia
1608 4361 1640 4420 S.
1657 4364 1730 4421 An-

938 4443 1026 4519 dr'eae
1047 4457 1243 4518 instituendi
1276 4456 1497 4534 episcopalem
1530 4457 1642 4517 sedem
1668 4456 1733 4517 tri-

937 4554 1045 4617 buatis
1074 4554 1270 4616 auctoritate
1295 4553 1487 4630 apostolica
1516 4552 1729 4623 facultatem,

937 4653 1117 4713 reservatis
1141 4666 1200 4727 per
1215 4651 1325 4712 omnia
1344 4651 1529 4727 privilegiis
1542 4654 1575 4711 et
1590 4649 1730 4712 honori-

938 4749 998 4810 bus
1013 4747 1263 4824 archiepisoopo
1274 4750 1306 4809 et
1318 4748 1468 4809 acclesiae
1483 4747 1728 4824 salzburgensi,

938 4845 1024 4906 siout
1044 4845 1079 4905 in
1106 4844 1232 4905 duobus
1261 4845 1338 4905 aliis
1375 4845 1621 4921 episcopatibus
1654 4845 1731 4906 sunt

938 4943 1089 5012 servata,
1111 4943 1208 5018 prout
1229 4942 1391 5003 innostro
1406 4945 1439 5003 et
1453 4942 1561 5003 felicis
1574 4940 1732 5003 reeorda-

937 5040 1037 5101 tionis
1054 5039 1237 5107 lnnocentii
1249 5055 1343 5117 papae
1355 5039 1609 5116 praedecessoris
1625 5038 1730 5100 nostri

937 5137 1111 5213 rescriptis
1132 5137 1263 5214 plenius
1283 5137 1483 5199 continetur.
1498 5136 1589 5208 Quod
1612 5135 1641 5196 si
1664 5149 1730 5197 non

937 5249 1051 5296 omnes
1062 5233 1115 5294 his
1130 5233 1350 5311 exsequendis
1366 5233 1540 5310 potueritis
1555 5233 1727 5306 interesse,

938 5333 985 5404 tu,
1006 5330 1110 5394 irater
1128 5331 1293 5408 episcope,
1316 5345 1390 5392 cum
1419 5345 1533 5392 eorum
1559 5331 1665 5392 altero
1689 5345 1729 5392 aa

937 5429 1155 5490 nihilominus
1200 5429 1406 5505 exsequarIs.
1449 5430 1567 5489 Datum
1605 5429 1726 5500 Reate,

937 5527 1012 5587 VIII
1029 5525 1189 5586 kalendas
1209 5525 1363 5602 augusti,
1389 5524 1600 5601 pontificatus
1623 5526 1727 5586 nostri

938 5637 1026 5684 anno
1046 5637 1143 5683 nono.
