<?xml version="1.0" encoding="UTF-8"?>
<!DOCTYPE html PUBLIC "-//W3C//DTD XHTML 1.0 Transitional//EN"
    "http://www.w3.org/TR/xhtml1/DTD/xhtml1-transitional.dtd">
<html xmlns="http://www.w3.org/1999/xhtml" xml:lang="en" lang="en">
 <head>
  <title>
</title>
<meta http-equiv="Content-Type" content="text/html;charset=utf-8" />
  <meta name='ocr-system' content='tesseract 3.04.00' />
  <meta name='ocr-capabilities' content='ocr_page ocr_carea ocr_par ocr_line ocrx_word'/>
</head>
<body>
  <div class='ocr_page' id='page_1' title='image "./mediiaevibiblio06bottgoog/mediiaevibiblio06bottgoog_0101.png"; bbox 0 0 4104 6330; ppageno 0'>
   <div class='ocr_carea' id='block_1_1' title="bbox 295 355 1939 426">
    <p class='ocr_par' dir='ltr' id='par_1_1' title="bbox 295 325 2039 442">
     <span class='ocr_line' id='line_1_1' title="bbox 295 355 1939 426; baseline 0.003 -8"><span class='ocrx_word' id='word_1_1' title='bbox 295 359 351 420; x_wconf 76' lang='lat' dir='ltr'><strong>m</strong></span> <span class='ocrx_word' id='word_1_2' title='bbox 910 357 1326 425; x_wconf 59' lang='lat' dir='ltr'><strong>mmmm.</strong></span> <span class='ocrx_word' id='word_1_3' title='bbox 1880 355 1939 426; x_wconf 73' lang='lat' dir='ltr'><strong>m</strong></span> 
     </span>
    </p>
   </div>
   <div class='ocr_carea' id='block_1_2' title="bbox 290 499 2039 604">
    <p class='ocr_par' dir='ltr' id='par_1_2' title="bbox 290 499 2039 604">
     <span class='ocr_line' id='line_1_2' title="bbox 290 499 2039 604; baseline 0.002 -22"><span class='ocrx_word' id='word_1_4' title='bbox 290 519 460 604; x_wconf 86' lang='lat' dir='ltr'><strong>judicibus</strong></span> <span class='ocrx_word' id='word_1_5' title='bbox 488 519 705 598; x_wconf 77' lang='lat' dir='ltr'><strong>praegravari,</strong></span> <span class='ocrx_word' id='word_1_6' title='bbox 735 519 834 597; x_wconf 89' lang='lat' dir='ltr'><strong>quod,</strong></span> <span class='ocrx_word' id='word_1_7' title='bbox 856 535 957 597; x_wconf 89' lang='lat' dir='ltr'><strong>quum</strong></span> <span class='ocrx_word' id='word_1_8' title='bbox 983 518 1087 592; x_wconf 89' lang='lat' dir='ltr'><strong>idern,</strong></span> <span class='ocrx_word' id='word_1_9' title='bbox 1143 520 1320 598; x_wconf 79' lang='lat' dir='ltr'><strong>preposito</strong></span> <span class='ocrx_word' id='word_1_10' title='bbox 1335 519 1378 582; x_wconf 90' lang='lat' dir='ltr'><strong>ad</strong></span> <span class='ocrx_word' id='word_1_11' title='bbox 1393 520 1511 586; x_wconf 81' lang='lat' dir='ltr'><strong>sedem</strong></span> <span class='ocrx_word' id='word_1_12' title='bbox 1525 521 1750 599; x_wconf 73' lang='lat' dir='ltr'><strong>apostolicam</strong></span> <span class='ocrx_word' id='word_1_13' title='bbox 1765 522 1935 594; x_wconf 83' lang='lat' dir='ltr'><strong>remandi,</strong></span> <span class='ocrx_word' id='word_1_14' title='bbox 2038 499 2039 538; x_wconf 61' lang='lat'><em>³</em></span> 
     </span>
    </p>
   </div>
   <div class='ocr_carea' id='block_1_3' title="bbox 294 615 2039 697">
    <p class='ocr_par' dir='ltr' id='par_1_3' title="bbox 294 615 2039 697">
     <span class='ocr_line' id='line_1_3' title="bbox 294 615 2039 697; baseline 0.003 -18"><span class='ocrx_word' id='word_1_15' title='bbox 294 616 512 696; x_wconf 79' lang='lat' dir='ltr'>pendentibus</span> <span class='ocrx_word' id='word_1_16' title='bbox 541 617 754 680; x_wconf 81' lang='lat' dir='ltr'><strong>citationibus</strong></span> <span class='ocrx_word' id='word_1_17' title='bbox 783 616 999 690; x_wconf 90' lang='lat' dir='ltr'><strong>eorumdem,</strong></span> <span class='ocrx_word' id='word_1_18' title='bbox 1030 631 1090 693; x_wconf 90' lang='lat' dir='ltr'><strong>per</strong></span> <span class='ocrx_word' id='word_1_19' title='bbox 1142 618 1178 678; x_wconf 92' lang='lat' dir='ltr'><strong>in</strong></span> <span class='ocrx_word' id='word_1_20' title='bbox 1194 621 1267 696; x_wconf 84' lang='lat' dir='ltr'><strong>ojus</strong></span> <span class='ocrx_word' id='word_1_21' title='bbox 1293 620 1327 682; x_wconf 90' lang='lat' dir='ltr'><strong>et</strong></span> <span class='ocrx_word' id='word_1_22' title='bbox 1352 619 1456 694; x_wconf 88' lang='lat' dir='ltr'><strong>partis</strong></span> <span class='ocrx_word' id='word_1_23' title='bbox 1480 635 1550 682; x_wconf 85' lang='lat' dir='ltr'><strong>suae</strong></span> <span class='ocrx_word' id='word_1_24' title='bbox 1565 620 1795 697; x_wconf 87' lang='lat' dir='ltr'><strong>praejudicium</strong></span> <span class='ocrx_word' id='word_1_25' title='bbox 1813 622 1939 684; x_wconf 67' lang='lat' dir='ltr'><strong>minere</strong></span> <span class='ocrx_word' id='word_1_26' title='bbox 2038 615 2039 666; x_wconf 66' lang='lat' dir='ltr'><strong>i</strong></span> 
     </span>
    </p>
   </div>
   <div class='ocr_carea' id='block_1_4' title="bbox 295 701 2039 796">
    <p class='ocr_par' dir='ltr' id='par_1_4' title="bbox 295 701 2039 796">
     <span class='ocr_line' id='line_1_4' title="bbox 295 701 2039 796; baseline 0.002 -19"><span class='ocrx_word' id='word_1_27' title='bbox 295 715 440 777; x_wconf 89' lang='lat' dir='ltr'><strong>nobilem</strong></span> <span class='ocrx_word' id='word_1_28' title='bbox 452 716 561 776; x_wconf 90' lang='lat' dir='ltr'><strong>virum</strong></span> <span class='ocrx_word' id='word_1_29' title='bbox 585 717 624 776; x_wconf 84' lang='lat' dir='ltr'><strong>A.</strong></span> <span class='ocrx_word' id='word_1_30' title='bbox 642 713 690 794; x_wconf 82' lang='lat'><strong>(1)</strong></span> <span class='ocrx_word' id='word_1_31' title='bbox 707 713 876 776; x_wconf 88' lang='lat' dir='ltr'><strong>dominum</strong></span> <span class='ocrx_word' id='word_1_32' title='bbox 889 714 1087 776; x_wconf 89' lang='lat' dir='ltr'><strong>Borbonan-</strong></span> <span class='ocrx_word' id='word_1_33' title='bbox 1143 715 1339 779; x_wconf 87' lang='lat' dir='ltr'><strong>inveneritis</strong></span> <span class='ocrx_word' id='word_1_34' title='bbox 1363 717 1572 788; x_wconf 82' lang='lat' dir='ltr'><strong>attentatum,</strong></span> <span class='ocrx_word' id='word_1_35' title='bbox 1602 718 1778 780; x_wconf 86' lang='lat' dir='ltr'><strong>adversam</strong></span> <span class='ocrx_word' id='word_1_36' title='bbox 1797 719 1937 796; x_wconf 84' lang='lat' dir='ltr'><strong>partem,</strong></span> <span class='ocrx_word' id='word_1_37' title='bbox 2038 701 2039 764; x_wconf 62' lang='lat' dir='ltr'><strong>i</strong></span> 
     </span>
    </p>
   </div>
   <div class='ocr_carea' id='block_1_5' title="bbox 295 805 2039 1089">
    <p class='ocr_par' dir='ltr' id='par_1_5' title="bbox 295 805 2039 1089">
     <span class='ocr_line' id='line_1_5' title="bbox 296 805 2039 894; baseline 0.002 -20"><span class='ocrx_word' id='word_1_38' title='bbox 296 829 376 884; x_wconf 89' lang='lat' dir='ltr'><strong>sem,</strong></span> <span class='ocrx_word' id='word_1_39' title='bbox 405 811 655 874; x_wconf 78' lang='lat' dir='ltr'>conestabulum</span> <span class='ocrx_word' id='word_1_40' title='bbox 678 811 857 884; x_wconf 76' lang='lat' dir='ltr'><strong>alvernie,</strong></span> <span class='ocrx_word' id='word_1_41' title='bbox 874 811 915 876; x_wconf 87' lang='lat' dir='ltr'><strong>de</strong></span> <span class='ocrx_word' id='word_1_42' title='bbox 934 811 1090 874; x_wconf 90' lang='lat' dir='ltr'><strong>mandato</strong></span> <span class='ocrx_word' id='word_1_43' title='bbox 1145 812 1260 875; x_wconf 89' lang='lat' dir='ltr'><strong>sieam</strong></span> <span class='ocrx_word' id='word_1_44' title='bbox 1283 829 1480 890; x_wconf 81' lang='lat' dir='ltr'>procurasse</span> <span class='ocrx_word' id='word_1_45' title='bbox 1504 815 1701 888; x_wconf 87' lang='lat' dir='ltr'><strong>constiterit,</strong></span> <span class='ocrx_word' id='word_1_46' title='bbox 1725 817 1940 894; x_wconf 76' lang='lat' dir='ltr'><strong>prepositum</strong></span> <span class='ocrx_word' id='word_1_47' title='bbox 2038 805 2039 870; x_wconf 64' lang='grc' dir='ltr'><strong>ἱ</strong></span> 
     </span>
     <span class='ocr_line' id='line_1_6' title="bbox 296 908 2039 990; baseline 0.001 -18"><span class='ocrx_word' id='word_1_48' title='bbox 296 910 462 974; x_wconf 82' lang='lat' dir='ltr'><strong>carissimi</strong></span> <span class='ocrx_word' id='word_1_49' title='bbox 481 909 517 970; x_wconf 90' lang='lat' dir='ltr'><strong>in</strong></span> <span class='ocrx_word' id='word_1_50' title='bbox 537 910 667 972; x_wconf 82' lang='lat' dir='ltr'><strong>Christo</strong></span> <span class='ocrx_word' id='word_1_51' title='bbox 683 909 744 970; x_wconf 88' lang='lat' dir='ltr'><strong>iiiii</strong></span> <span class='ocrx_word' id='word_1_52' title='bbox 761 909 867 972; x_wconf 84' lang='lat' dir='ltr'><strong>nostri</strong></span> <span class='ocrx_word' id='word_1_53' title='bbox 882 908 1030 987; x_wconf 87' lang='lat' dir='ltr'><strong>Philippi</strong></span> <span class='ocrx_word' id='word_1_54' title='bbox 1045 909 1090 973; x_wconf 90' lang='lat' dir='ltr'><strong>il·-</strong></span> <span class='ocrx_word' id='word_1_55' title='bbox 1144 910 1254 986; x_wconf 88' lang='lat' dir='ltr'><strong>ipsum</strong></span> <span class='ocrx_word' id='word_1_56' title='bbox 1270 910 1375 974; x_wconf 81' lang='lat' dir='ltr'><strong>tuisse</strong></span> <span class='ocrx_word' id='word_1_57' title='bbox 1386 911 1475 974; x_wconf 84' lang='lat' dir='ltr'><strong>diets</strong></span> <span class='ocrx_word' id='word_1_58' title='bbox 1488 912 1707 990; x_wconf 76' lang='lat' dir='ltr'><strong>praepositura</strong></span> <span class='ocrx_word' id='word_1_59' title='bbox 1718 929 1778 990; x_wconf 89' lang='lat' dir='ltr'><strong>per</strong></span> <span class='ocrx_word' id='word_1_60' title='bbox 1785 914 1939 976; x_wconf 84' lang='lat' dir='ltr'><strong>laicalem</strong></span> <span class='ocrx_word' id='word_1_61' title='bbox 2038 955 2039 970; x_wconf 66' lang='lat'><strong>,</strong></span> 
     </span>
     <span class='ocr_line' id='line_1_7' title="bbox 295 1006 2039 1089; baseline 0.004 -20"><span class='ocrx_word' id='word_1_62' title='bbox 295 1007 411 1070; x_wconf 89' lang='lat' dir='ltr'><strong>lustris</strong></span> <span class='ocrx_word' id='word_1_63' title='bbox 435 1008 524 1084; x_wconf 80' lang='lat' dir='ltr'><strong>regis</strong></span> <span class='ocrx_word' id='word_1_64' title='bbox 553 1009 769 1078; x_wconf 79' lang='lat' dir='ltr'><strong>Francorum,</strong></span> <span class='ocrx_word' id='word_1_65' title='bbox 781 1010 876 1084; x_wconf 88' lang='lat' dir='ltr'><strong>parte</strong></span> <span class='ocrx_word' id='word_1_66' title='bbox 893 1006 1000 1070; x_wconf 88' lang='lat' dir='ltr'><strong>altera</strong></span> <span class='ocrx_word' id='word_1_67' title='bbox 1019 1021 1092 1084; x_wconf 91' lang='lat' dir='ltr'><strong>pro·</strong></span> <span class='ocrx_word' id='word_1_68' title='bbox 1145 1009 1325 1085; x_wconf 90' lang='lat' dir='ltr'><strong>potentiam</strong></span> <span class='ocrx_word' id='word_1_69' title='bbox 1352 1009 1539 1087; x_wconf 88' lang='lat' dir='ltr'><strong>spoliatum,</strong></span> <span class='ocrx_word' id='word_1_70' title='bbox 1566 1009 1632 1082; x_wconf 82' lang='lat' dir='ltr'><strong>vel,</strong></span> <span class='ocrx_word' id='word_1_71' title='bbox 1657 1011 1834 1088; x_wconf 82' lang='lat' dir='ltr'><strong>quominus</strong></span> <span class='ocrx_word' id='word_1_72' title='bbox 1863 1027 1942 1089; x_wconf 91' lang='lat' dir='ltr'><strong>pos-</strong></span> <span class='ocrx_word' id='word_1_73' title='bbox 2038 1041 2039 1076; x_wconf 52' lang='grc' dir='ltr'><em>π</em></span> 
     </span>
    </p>
   </div>
   <div class='ocr_carea' id='block_1_6' title="bbox 296 1103 2039 1966">
    <p class='ocr_par' dir='ltr' id='par_1_6' title="bbox 296 1103 2039 1966">
     <span class='ocr_line' id='line_1_8' title="bbox 296 1103 1940 1185; baseline 0.001 -17"><span class='ocrx_word' id='word_1_74' title='bbox 296 1106 447 1178; x_wconf 86' lang='lat' dir='ltr'><strong>curante,</strong></span> <span class='ocrx_word' id='word_1_75' title='bbox 473 1105 692 1182; x_wconf 75' lang='lat' dir='ltr'><strong>praepositura</strong></span> <span class='ocrx_word' id='word_1_76' title='bbox 725 1105 799 1182; x_wconf 88' lang='lat' dir='ltr'><strong>ipsa</strong></span> <span class='ocrx_word' id='word_1_77' title='bbox 828 1104 947 1168; x_wconf 82' lang='lat' dir='ltr'><strong>suisset</strong></span> <span class='ocrx_word' id='word_1_78' title='bbox 975 1103 1091 1168; x_wconf 85' lang='lat' dir='ltr'><strong>illicite</strong></span> <span class='ocrx_word' id='word_1_79' title='bbox 1145 1105 1329 1168; x_wconf 86' lang='lat' dir='ltr'><strong>sessionem</strong></span> <span class='ocrx_word' id='word_1_80' title='bbox 1355 1105 1461 1184; x_wconf 87' lang='lat' dir='ltr'><strong>ipsius</strong></span> <span class='ocrx_word' id='word_1_81' title='bbox 1490 1106 1684 1184; x_wconf 75' lang='lat' dir='ltr'><strong>apraedlcto</strong></span> <span class='ocrx_word' id='word_1_82' title='bbox 1707 1123 1940 1185; x_wconf 80' lang='lat' dir='ltr'><strong>regeracupe-</strong></span> 
     </span>
     <span class='ocr_line' id='line_1_9' title="bbox 296 1201 1939 1281; baseline 0.002 -17"><span class='ocrx_word' id='word_1_83' title='bbox 296 1203 470 1281; x_wconf 88' lang='lat' dir='ltr'><strong>spoliatus,</strong></span> <span class='ocrx_word' id='word_1_84' title='bbox 500 1203 576 1279; x_wconf 90' lang='lat' dir='ltr'><strong>ipsi,</strong></span> <span class='ocrx_word' id='word_1_85' title='bbox 605 1202 703 1279; x_wconf 92' lang='lat' dir='ltr'><strong>prout</strong></span> <span class='ocrx_word' id='word_1_86' title='bbox 729 1202 771 1264; x_wconf 91' lang='lat' dir='ltr'><strong>ad</strong></span> <span class='ocrx_word' id='word_1_87' title='bbox 795 1215 910 1265; x_wconf 90' lang='lat' dir='ltr'><strong>eorum</strong></span> <span class='ocrx_word' id='word_1_88' title='bbox 945 1201 1091 1266; x_wconf 80' lang='lat' dir='ltr'><strong>osticium</strong></span> <span class='ocrx_word' id='word_1_89' title='bbox 1146 1217 1223 1264; x_wconf 89' lang='lat' dir='ltr'><strong>rare</strong></span> <span class='ocrx_word' id='word_1_90' title='bbox 1237 1204 1392 1281; x_wconf 87' lang='lat' dir='ltr'><strong>potuerit,</strong></span> <span class='ocrx_word' id='word_1_91' title='bbox 1404 1203 1594 1281; x_wconf 90' lang='lat' dir='ltr'><strong>impedisse,</strong></span> <span class='ocrx_word' id='word_1_92' title='bbox 1604 1205 1801 1268; x_wconf 89' lang='lat' dir='ltr'><strong>auctoritate</strong></span> <span class='ocrx_word' id='word_1_93' title='bbox 1810 1207 1939 1278; x_wconf 88' lang='lat' dir='ltr'><strong>nostra,</strong></span> 
     </span>
     <span class='ocr_line' id='line_1_10' title="bbox 297 1299 2039 1390; baseline 0.001 -26"><span class='ocrx_word' id='word_1_94' title='bbox 297 1299 497 1390; x_wconf 70' lang='lat' dir='ltr'><strong>pertinebat,</strong></span> <span class='ocrx_word' id='word_1_95' title='bbox 523 1317 590 1362; x_wconf 91' lang='lat' dir='ltr'><strong>non</strong></span> <span class='ocrx_word' id='word_1_96' title='bbox 610 1299 716 1364; x_wconf 90' lang='lat' dir='ltr'><strong>solum</strong></span> <span class='ocrx_word' id='word_1_97' title='bbox 733 1299 893 1362; x_wconf 83' lang='lat' dir='ltr'><strong>exhibere</strong></span> <span class='ocrx_word' id='word_1_98' title='bbox 914 1299 978 1362; x_wconf 90' lang='lat' dir='ltr'><strong>sibi</strong></span> <span class='ocrx_word' id='word_1_99' title='bbox 993 1313 1093 1377; x_wconf 89' lang='lat' dir='ltr'><strong>super</strong></span> <span class='ocrx_word' id='word_1_100' title='bbox 1146 1299 1276 1364; x_wconf 87' lang='lat' dir='ltr'><strong>subiato</strong></span> <span class='ocrx_word' id='word_1_101' title='bbox 1311 1301 1544 1378; x_wconf 67' lang='lat' dir='ltr'><strong>appellationis</strong></span> <span class='ocrx_word' id='word_1_102' title='bbox 1569 1302 1752 1376; x_wconf 86' lang='lat' dir='ltr'><strong>obstaculo,</strong></span> <span class='ocrx_word' id='word_1_103' title='bbox 1770 1317 1869 1380; x_wconf 83' lang='lat' dir='ltr'><strong>poena</strong></span> <span class='ocrx_word' id='word_1_104' title='bbox 1884 1319 1945 1366; x_wconf 86' lang='lat' dir='ltr'><strong>oa·</strong></span> <span class='ocrx_word' id='word_1_105' title='bbox 2038 1377 2039 1390; x_wconf 10' lang='grc' dir='ltr'>χ</span> 
     </span>
     <span class='ocr_line' id='line_1_11' title="bbox 297 1397 1942 1478; baseline -0.001 -16"><span class='ocrx_word' id='word_1_106' title='bbox 297 1400 361 1462; x_wconf 91' lang='lat' dir='ltr'><strong>boc</strong></span> <span class='ocrx_word' id='word_1_107' title='bbox 374 1399 461 1478; x_wconf 92' lang='lat' dir='ltr'><strong>quod</strong></span> <span class='ocrx_word' id='word_1_108' title='bbox 486 1398 631 1476; x_wconf 89' lang='lat' dir='ltr'><strong>postulat</strong></span> <span class='ocrx_word' id='word_1_109' title='bbox 656 1397 848 1475; x_wconf 88' lang='lat' dir='ltr'><strong>ordojuris,</strong></span> <span class='ocrx_word' id='word_1_110' title='bbox 870 1397 924 1461; x_wconf 83' lang='lat' dir='ltr'><strong>rel</strong></span> <span class='ocrx_word' id='word_1_111' title='bbox 945 1397 1092 1462; x_wconf 87' lang='lat' dir='ltr'><strong>scribere</strong></span> <span class='ocrx_word' id='word_1_112' title='bbox 1146 1398 1268 1462; x_wconf 89' lang='lat' dir='ltr'><strong>nonica</strong></span> <span class='ocrx_word' id='word_1_113' title='bbox 1295 1399 1457 1476; x_wconf 89' lang='lat' dir='ltr'><strong>puniatis,</strong></span> <span class='ocrx_word' id='word_1_114' title='bbox 1483 1402 1517 1462; x_wconf 85' lang='lat' dir='ltr'><strong>st</strong></span> <span class='ocrx_word' id='word_1_115' title='bbox 1554 1399 1670 1462; x_wconf 90' lang='lat' dir='ltr'><strong>eadem</strong></span> <span class='ocrx_word' id='word_1_116' title='bbox 1707 1400 1744 1462; x_wconf 91' lang='lat' dir='ltr'><strong>in</strong></span> <span class='ocrx_word' id='word_1_117' title='bbox 1783 1401 1942 1478; x_wconf 84' lang='lat' dir='ltr'><strong>expensis</strong></span> 
     </span>
     <span class='ocr_line' id='line_1_12' title="bbox 298 1492 1941 1576; baseline 0.001 -18"><span class='ocrx_word' id='word_1_118' title='bbox 298 1497 386 1559; x_wconf 91' lang='lat' dir='ltr'><strong>dicto</strong></span> <span class='ocrx_word' id='word_1_119' title='bbox 402 1495 484 1572; x_wconf 82' lang='lat' dir='ltr'><strong>regi,</strong></span> <span class='ocrx_word' id='word_1_120' title='bbox 501 1497 536 1557; x_wconf 94' lang='lat' dir='ltr'><strong>ut</strong></span> <span class='ocrx_word' id='word_1_121' title='bbox 547 1495 731 1571; x_wconf 81' lang='lat' dir='ltr'><strong>corrigeret</strong></span> <span class='ocrx_word' id='word_1_122' title='bbox 747 1492 832 1572; x_wconf 90' lang='lat' dir='ltr'><strong>quod</strong></span> <span class='ocrx_word' id='word_1_123' title='bbox 846 1493 969 1556; x_wconf 86' lang='lat' dir='ltr'><strong>factum</strong></span> <span class='ocrx_word' id='word_1_124' title='bbox 985 1493 1093 1556; x_wconf 78' lang='lat' dir='ltr'><strong>morat</strong></span> <span class='ocrx_word' id='word_1_125' title='bbox 1146 1511 1229 1572; x_wconf 90' lang='lat' dir='ltr'><strong>quas</strong></span> <span class='ocrx_word' id='word_1_126' title='bbox 1244 1509 1303 1572; x_wconf 89' lang='lat' dir='ltr'><strong>per</strong></span> <span class='ocrx_word' id='word_1_127' title='bbox 1315 1496 1476 1561; x_wconf 85' lang='lat' dir='ltr'><strong>malitiam</strong></span> <span class='ocrx_word' id='word_1_128' title='bbox 1491 1512 1586 1559; x_wconf 89' lang='lat' dir='ltr'><strong>suam</strong></span> <span class='ocrx_word' id='word_1_129' title='bbox 1600 1497 1793 1575; x_wconf 74' lang='lat' dir='ltr'><strong>saporatum</strong></span> <span class='ocrx_word' id='word_1_130' title='bbox 1806 1513 1941 1576; x_wconf 86' lang='lat' dir='ltr'><strong>praepo-</strong></span> 
     </span>
     <span class='ocr_line' id='line_1_13' title="bbox 298 1591 1942 1672; baseline 0.001 -18"><span class='ocrx_word' id='word_1_131' title='bbox 298 1593 333 1655; x_wconf 90' lang='lat' dir='ltr'><strong>iu</strong></span> <span class='ocrx_word' id='word_1_132' title='bbox 360 1593 424 1654; x_wconf 90' lang='lat' dir='ltr'><strong>bac</strong></span> <span class='ocrx_word' id='word_1_133' title='bbox 445 1594 550 1670; x_wconf 88' lang='lat' dir='ltr'><strong>parte,</strong></span> <span class='ocrx_word' id='word_1_134' title='bbox 580 1607 640 1670; x_wconf 92' lang='lat' dir='ltr'><strong>pro</strong></span> <span class='ocrx_word' id='word_1_135' title='bbox 665 1609 735 1654; x_wconf 90' lang='lat' dir='ltr'><strong>suaa</strong></span> <span class='ocrx_word' id='word_1_136' title='bbox 754 1591 939 1655; x_wconf 80' lang='lat' dir='ltr'><strong>uoluntatis</strong></span> <span class='ocrx_word' id='word_1_137' title='bbox 954 1591 1092 1653; x_wconf 90' lang='lat' dir='ltr'><strong>arbitrio</strong></span> <span class='ocrx_word' id='word_1_138' title='bbox 1147 1593 1248 1654; x_wconf 87' lang='lat' dir='ltr'><strong>situm</strong></span> <span class='ocrx_word' id='word_1_139' title='bbox 1261 1595 1296 1656; x_wconf 95' lang='lat' dir='ltr'><strong>in</strong></span> <span class='ocrx_word' id='word_1_140' title='bbox 1309 1594 1403 1656; x_wconf 88' lang='lat' dir='ltr'><strong>ouria</strong></span> <span class='ocrx_word' id='word_1_141' title='bbox 1418 1594 1507 1670; x_wconf 80' lang='lat' dir='ltr'><strong>regis</strong></span> <span class='ocrx_word' id='word_1_142' title='bbox 1531 1594 1660 1672; x_wconf 81' lang='lat' dir='ltr'><strong>praefati</strong></span> <span class='ocrx_word' id='word_1_143' title='bbox 1674 1597 1707 1657; x_wconf 90' lang='lat' dir='ltr'><strong>et</strong></span> <span class='ocrx_word' id='word_1_144' title='bbox 1721 1595 1808 1672; x_wconf 89' lang='lat' dir='ltr'><strong>apud</strong></span> <span class='ocrx_word' id='word_1_145' title='bbox 1820 1595 1942 1658; x_wconf 76' lang='lat' dir='ltr'><strong>sedem</strong></span> 
     </span>
     <span class='ocr_line' id='line_1_14' title="bbox 298 1688 1942 1772; baseline 0.001 -20"><span class='ocrx_word' id='word_1_146' title='bbox 298 1690 493 1763; x_wconf 85' lang='lat' dir='ltr'><strong>renuebant,</strong></span> <span class='ocrx_word' id='word_1_147' title='bbox 518 1691 749 1752; x_wconf 86' lang='lat' dir='ltr'><strong>verumetiam</strong></span> <span class='ocrx_word' id='word_1_148' title='bbox 779 1688 841 1751; x_wconf 90' lang='lat' dir='ltr'><strong>sibi</strong></span> <span class='ocrx_word' id='word_1_149' title='bbox 866 1689 899 1752; x_wconf 88' lang='lat' dir='ltr'><strong>et</strong></span> <span class='ocrx_word' id='word_1_150' title='bbox 922 1689 1092 1752; x_wconf 89' lang='lat' dir='ltr'><strong>canonicis</strong></span> <span class='ocrx_word' id='word_1_151' title='bbox 1146 1691 1372 1768; x_wconf 75' lang='lat' dir='ltr'><strong>apostolicam</strong></span> <span class='ocrx_word' id='word_1_152' title='bbox 1393 1691 1505 1754; x_wconf 84' lang='lat' dir='ltr'><strong>iacere</strong></span> <span class='ocrx_word' id='word_1_153' title='bbox 1517 1693 1686 1772; x_wconf 86' lang='lat' dir='ltr'><strong>compulit,</strong></span> <span class='ocrx_word' id='word_1_154' title='bbox 1709 1694 1753 1766; x_wconf 77' lang='lat' dir='ltr'><strong>ei,</strong></span> <span class='ocrx_word' id='word_1_155' title='bbox 1769 1693 1942 1768; x_wconf 78' lang='lat' dir='ltr'><strong>meutjus·</strong></span> 
     </span>
     <span class='ocr_line' id='line_1_15' title="bbox 297 1787 1942 1868; baseline 0.001 -18"><span class='ocrx_word' id='word_1_156' title='bbox 297 1789 404 1867; x_wconf 88' lang='lat' dir='ltr'><strong>partis</strong></span> <span class='ocrx_word' id='word_1_157' title='bbox 420 1803 489 1848; x_wconf 85' lang='lat' dir='ltr'><strong>suas</strong></span> <span class='ocrx_word' id='word_1_158' title='bbox 504 1787 545 1850; x_wconf 88' lang='lat' dir='ltr'><strong>ad</strong></span> <span class='ocrx_word' id='word_1_159' title='bbox 560 1789 634 1850; x_wconf 91' lang='lat' dir='ltr'><strong>loca</strong></span> <span class='ocrx_word' id='word_1_160' title='bbox 647 1804 713 1850; x_wconf 89' lang='lat' dir='ltr'><strong>non</strong></span> <span class='ocrx_word' id='word_1_161' title='bbox 732 1789 802 1851; x_wconf 88' lang='lat' dir='ltr'><strong>tuta</strong></span> <span class='ocrx_word' id='word_1_162' title='bbox 821 1787 931 1850; x_wconf 89' lang='lat' dir='ltr'><strong>citatis</strong></span> <span class='ocrx_word' id='word_1_163' title='bbox 948 1787 1093 1864; x_wconf 86' lang='lat' dir='ltr'><strong>aliquem</strong></span> <span class='ocrx_word' id='word_1_164' title='bbox 1148 1791 1217 1850; x_wconf 87' lang='lat' dir='ltr'><strong>tum</strong></span> <span class='ocrx_word' id='word_1_165' title='bbox 1241 1789 1353 1862; x_wconf 84' lang='lat' dir='ltr'><strong>fuerit,</strong></span> <span class='ocrx_word' id='word_1_166' title='bbox 1369 1789 1599 1860; x_wconf 88' lang='lat' dir='ltr'><strong>condemnata,</strong></span> <span class='ocrx_word' id='word_1_167' title='bbox 1617 1791 1749 1867; x_wconf 81' lang='lat' dir='ltr'><strong>cognita</strong></span> <span class='ocrx_word' id='word_1_168' title='bbox 1764 1805 1865 1868; x_wconf 86' lang='lat' dir='ltr'><strong>super</strong></span> <span class='ocrx_word' id='word_1_169' title='bbox 1887 1790 1942 1851; x_wconf 82' lang='lat' dir='ltr'><strong>bis</strong></span> 
     </span>
     <span class='ocr_line' id='line_1_16' title="bbox 299 1885 1939 1966; baseline 0.001 -18"><span class='ocrx_word' id='word_1_170' title='bbox 299 1903 453 1950; x_wconf 87' lang='lat' dir='ltr'><strong>securum</strong></span> <span class='ocrx_word' id='word_1_171' title='bbox 466 1886 588 1958; x_wconf 91' lang='lat' dir='ltr'><strong>locum,</strong></span> <span class='ocrx_word' id='word_1_172' title='bbox 603 1887 638 1948; x_wconf 92' lang='lat' dir='ltr'><strong>in</strong></span> <span class='ocrx_word' id='word_1_173' title='bbox 654 1903 720 1964; x_wconf 89' lang='lat' dir='ltr'><strong>quo</strong></span> <span class='ocrx_word' id='word_1_174' title='bbox 730 1886 770 1948; x_wconf 89' lang='lat' dir='ltr'><strong>ad</strong></span> <span class='ocrx_word' id='word_1_175' title='bbox 787 1885 988 1950; x_wconf 87' lang='lat' dir='ltr'><strong>decisionem</strong></span> <span class='ocrx_word' id='word_1_176' title='bbox 1003 1887 1094 1962; x_wconf 86' lang='lat' dir='ltr'><strong>ejus·</strong></span> <span class='ocrx_word' id='word_1_177' title='bbox 1146 1885 1729 1966; x_wconf 83' lang='lat' dir='ltr'><strong>raritate,appellatiouepostposita,</strong></span> <span class='ocrx_word' id='word_1_178' title='bbox 1740 1887 1939 1960; x_wconf 78' lang='lat' dir='ltr'><strong>decernatis,</strong></span> 
     </span>
    </p>
   </div>
   <div class='ocr_carea' id='block_1_7' title="bbox 298 1982 2039 2356">
    <p class='ocr_par' dir='ltr' id='par_1_7' title="bbox 298 1982 2039 2356">
     <span class='ocr_line' id='line_1_17' title="bbox 299 1982 2039 2062; baseline 0 -16"><span class='ocrx_word' id='word_1_179' title='bbox 299 1984 506 2061; x_wconf 82' lang='lat' dir='ltr'><strong>demuegotii</strong></span> <span class='ocrx_word' id='word_1_180' title='bbox 519 1985 644 2046; x_wconf 87' lang='lat' dir='ltr'><strong>diutius</strong></span> <span class='ocrx_word' id='word_1_181' title='bbox 658 1983 811 2060; x_wconf 88' lang='lat' dir='ltr'><strong>protelati</strong></span> <span class='ocrx_word' id='word_1_182' title='bbox 826 1982 962 2047; x_wconf 87' lang='lat' dir='ltr'><strong>insimul</strong></span> <span class='ocrx_word' id='word_1_183' title='bbox 977 1997 1094 2044; x_wconf 79' lang='lat' dir='ltr'><strong>coure-</strong></span> <span class='ocrx_word' id='word_1_184' title='bbox 1147 1983 1307 2048; x_wconf 82' lang='lat' dir='ltr'><strong>iacientes</strong></span> <span class='ocrx_word' id='word_1_185' title='bbox 1329 1985 1416 2062; x_wconf 92' lang='lat' dir='ltr'><strong>quod</strong></span> <span class='ocrx_word' id='word_1_186' title='bbox 1444 1985 1660 2048; x_wconf 82' lang='lat' dir='ltr'><strong>decreveritis</strong></span> <span class='ocrx_word' id='word_1_187' title='bbox 1686 2001 1941 2062; x_wconf 86' lang='lat' dir='ltr'><strong>percensuram</strong></span> <span class='ocrx_word' id='word_1_188' title='bbox 2038 1997 2039 2036; x_wconf 74' lang='lat'>1</span> 
     </span>
     <span class='ocr_line' id='line_1_18' title="bbox 299 2079 2039 2166; baseline -0.002 -20"><span class='ocrx_word' id='word_1_189' title='bbox 299 2084 421 2154; x_wconf 90' lang='lat' dir='ltr'><strong>nirent,</strong></span> <span class='ocrx_word' id='word_1_190' title='bbox 449 2082 632 2144; x_wconf 89' lang='lat' dir='ltr'><strong>concedere</strong></span> <span class='ocrx_word' id='word_1_191' title='bbox 658 2081 872 2157; x_wconf 78' lang='lat' dir='ltr'><strong>denegantes,</strong></span> <span class='ocrx_word' id='word_1_192' title='bbox 903 2080 1039 2156; x_wconf 81' lang='lat' dir='ltr'><strong>triginta</strong></span> <span class='ocrx_word' id='word_1_193' title='bbox 1062 2079 1095 2140; x_wconf 89' lang='lat' dir='ltr'><strong>st</strong></span> <span class='ocrx_word' id='word_1_194' title='bbox 1148 2081 1408 2146; x_wconf 88' lang='lat' dir='ltr'><strong>ecclesiasticam</strong></span> <span class='ocrx_word' id='word_1_195' title='bbox 1443 2083 1583 2146; x_wconf 86' lang='lat' dir='ltr'><strong>tirmiter</strong></span> <span class='ocrx_word' id='word_1_196' title='bbox 1619 2083 1803 2156; x_wconf 85' lang='lat' dir='ltr'><strong>observari,</strong></span> <span class='ocrx_word' id='word_1_197' title='bbox 1838 2083 1942 2146; x_wconf 88' lang='lat' dir='ltr'><strong>nullis</strong></span> <span class='ocrx_word' id='word_1_198' title='bbox 2038 2079 2039 2166; x_wconf 77' lang='lat' dir='ltr'>j</span> 
     </span>
     <span class='ocr_line' id='line_1_19' title="bbox 298 2179 2039 2262; baseline 0 -20"><span class='ocrx_word' id='word_1_199' title='bbox 298 2181 443 2257; x_wconf 88' lang='lat' dir='ltr'><strong>amplius</strong></span> <span class='ocrx_word' id='word_1_200' title='bbox 466 2181 518 2242; x_wconf 90' lang='lat' dir='ltr'><strong>de&#39;</strong></span> <span class='ocrx_word' id='word_1_201' title='bbox 532 2179 704 2242; x_wconf 87' lang='lat' dir='ltr'><strong>canonicis</strong></span> <span class='ocrx_word' id='word_1_202' title='bbox 729 2179 884 2242; x_wconf 80' lang='lat' dir='ltr'><strong>ecelesia</strong></span> <span class='ocrx_word' id='word_1_203' title='bbox 903 2179 1093 2242; x_wconf 76' lang='lat' dir='ltr'><strong>memorate</strong></span> <span class='ocrx_word' id='word_1_204' title='bbox 1148 2179 1268 2244; x_wconf 89' lang='lat' dir='ltr'><strong>littoris</strong></span> <span class='ocrx_word' id='word_1_205' title='bbox 1282 2180 1416 2244; x_wconf 85' lang='lat' dir='ltr'><strong>veritati</strong></span> <span class='ocrx_word' id='word_1_206' title='bbox 1441 2183 1474 2242; x_wconf 91' lang='lat' dir='ltr'><strong>et</strong></span> <span class='ocrx_word' id='word_1_207' title='bbox 1485 2180 1624 2258; x_wconf 84' lang='lat' dir='ltr'><strong>justitiae</strong></span> <span class='ocrx_word' id='word_1_208' title='bbox 1644 2180 1942 2259; x_wconf 87' lang='lat' dir='ltr'><strong>praejudicantibus</strong></span> <span class='ocrx_word' id='word_1_209' title='bbox 2038 2229 2039 2262; x_wconf 22' lang='grc' dir='ltr'>ᾖ</span> 
     </span>
     <span class='ocr_line' id='line_1_20' title="bbox 301 2276 2039 2356; baseline -0.002 -13"><span class='ocrx_word' id='word_1_210' title='bbox 301 2279 443 2343; x_wconf 88' lang='lat' dir='ltr'><strong>adduas</strong></span> <span class='ocrx_word' id='word_1_211' title='bbox 469 2277 540 2340; x_wconf 84' lang='lat' dir='ltr'><strong>tere</strong></span> <span class='ocrx_word' id='word_1_212' title='bbox 558 2278 689 2348; x_wconf 75' lang='lat' dir='ltr'><strong>dietas,</strong></span> <span class='ocrx_word' id='word_1_213' title='bbox 705 2292 772 2341; x_wconf 91' lang='lat' dir='ltr'><strong>non</strong></span> <span class='ocrx_word' id='word_1_214' title='bbox 795 2276 867 2338; x_wconf 88' lang='lat' dir='ltr'><strong>sine</strong></span> <span class='ocrx_word' id='word_1_215' title='bbox 880 2277 976 2353; x_wconf 78' lang='lat' dir='ltr'><strong>gravi</strong></span> <span class='ocrx_word' id='word_1_216' title='bbox 988 2276 1093 2353; x_wconf 86' lang='lat' dir='ltr'><strong>ipsius</strong></span> <span class='ocrx_word' id='word_1_217' title='bbox 1148 2277 1267 2340; x_wconf 80' lang='lat' dir='ltr'><strong>assde</strong></span> <span class='ocrx_word' id='word_1_218' title='bbox 1294 2277 1486 2354; x_wconf 76' lang='lat' dir='ltr'><strong>apostolica</strong></span> <span class='ocrx_word' id='word_1_219' title='bbox 1511 2279 1706 2356; x_wconf 83' lang='lat' dir='ltr'><strong>impetratis.</strong></span> <span class='ocrx_word' id='word_1_220' title='bbox 1729 2277 1942 2351; x_wconf 86' lang='lat' dir='ltr'><strong>Quodsinon</strong></span> <span class='ocrx_word' id='word_1_221' title='bbox 2038 2291 2039 2302; x_wconf 53' lang='lat'>*</span> 
     </span>
    </p>
   </div>
   <div class='ocr_carea' id='block_1_8' title="bbox 300 2373 1938 2454">
    <p class='ocr_par' dir='ltr' id='par_1_8' title="bbox 300 2373 1938 2454">
     <span class='ocr_line' id='line_1_21' title="bbox 300 2373 1938 2454; baseline -0.002 -17"><span class='ocrx_word' id='word_1_222' title='bbox 300 2377 452 2442; x_wconf 89' lang='lat' dir='ltr'><strong>ecclesiae</strong></span> <span class='ocrx_word' id='word_1_223' title='bbox 466 2375 781 2452; x_wconf 84' lang='lat' dir='ltr'><strong>laesions,prodicta</strong></span> <span class='ocrx_word' id='word_1_224' title='bbox 790 2373 1093 2438; x_wconf 85' lang='lat' dir='ltr'><strong>causamultotiens</strong></span> <span class='ocrx_word' id='word_1_225' title='bbox 1148 2390 1275 2444; x_wconf 88' lang='lat' dir='ltr'><strong>omues,</strong></span> <span class='ocrx_word' id='word_1_226' title='bbox 1300 2375 1363 2438; x_wconf 85' lang='lat' dir='ltr'><strong>ete.</strong></span> <span class='ocrx_word' id='word_1_227' title='bbox 1393 2377 1511 2438; x_wconf 86' lang='lat' dir='ltr'><strong>batum</strong></span> <span class='ocrx_word' id='word_1_228' title='bbox 1539 2376 1658 2449; x_wconf 75' lang='lat' dir='ltr'><strong>Alatri,</strong></span> <span class='ocrx_word' id='word_1_229' title='bbox 1688 2373 1732 2440; x_wconf 77' lang='lat' dir='ltr'><strong>Vl</strong></span> <span class='ocrx_word' id='word_1_230' title='bbox 1758 2375 1938 2454; x_wconf 74' lang='lat' dir='ltr'><strong>lisljunii,</strong></span> 
     </span>
    </p>
   </div>
   <div class='ocr_carea' id='block_1_9' title="bbox 195 2459 1701 2549">
    <p class='ocr_par' dir='ltr' id='par_1_9' title="bbox 195 2459 1701 2549">
     <span class='ocr_line' id='line_1_22' title="bbox 195 2459 1701 2549; baseline -0.001 -13"><span class='ocrx_word' id='word_1_231' title='bbox 195 2459 200 2470; x_wconf 75' lang='grc'><strong>“</strong></span> <span class='ocrx_word' id='word_1_232' title='bbox 301 2474 500 2545; x_wconf 81' lang='lat' dir='ltr'><strong>citaverunt,</strong></span> <span class='ocrx_word' id='word_1_233' title='bbox 515 2489 589 2536; x_wconf 90' lang='lat' dir='ltr'><strong>cum</strong></span> <span class='ocrx_word' id='word_1_234' title='bbox 605 2489 671 2536; x_wconf 90' lang='lat' dir='ltr'><strong>non</strong></span> <span class='ocrx_word' id='word_1_235' title='bbox 685 2471 843 2538; x_wconf 89' lang='lat' dir='ltr'><strong>deberent</strong></span> <span class='ocrx_word' id='word_1_236' title='bbox 858 2472 985 2537; x_wconf 77' lang='lat' dir='ltr'><strong>uncam</strong></span> <span class='ocrx_word' id='word_1_237' title='bbox 1000 2469 1092 2534; x_wconf 88' lang='lat' dir='ltr'><strong>mul·</strong></span> <span class='ocrx_word' id='word_1_238' title='bbox 1148 2471 1476 2549; x_wconf 81' lang='lat' dir='ltr'><strong>pontificatusnosiri</strong></span> <span class='ocrx_word' id='word_1_239' title='bbox 1491 2489 1579 2537; x_wconf 92' lang='lat' dir='ltr'><strong>anno</strong></span> <span class='ocrx_word' id='word_1_240' title='bbox 1594 2473 1701 2536; x_wconf 83' lang='lat' dir='ltr'><strong>sexto.</strong></span> 
     </span>
    </p>
   </div>
   <div class='ocr_carea' id='block_1_10' title="bbox 299 2568 1871 3137">
    <p class='ocr_par' dir='ltr' id='par_1_10' title="bbox 300 2568 1095 2639">
     <span class='ocr_line' id='line_1_23' title="bbox 300 2568 1095 2639; baseline -0.004 -7"><span class='ocrx_word' id='word_1_241' title='bbox 300 2571 477 2633; x_wconf 83' lang='lat' dir='ltr'><strong>titudinem</strong></span> <span class='ocrx_word' id='word_1_242' title='bbox 490 2585 646 2639; x_wconf 77' lang='lat' dir='ltr'><strong>evocare,</strong></span> <span class='ocrx_word' id='word_1_243' title='bbox 658 2569 717 2631; x_wconf 87' lang='lat' dir='ltr'><strong>sed</strong></span> <span class='ocrx_word' id='word_1_244' title='bbox 741 2569 782 2631; x_wconf 88' lang='lat' dir='ltr'><strong>ad</strong></span> <span class='ocrx_word' id='word_1_245' title='bbox 803 2568 978 2633; x_wconf 86' lang='lat' dir='ltr'><strong>ecelesiam</strong></span> <span class='ocrx_word' id='word_1_246' title='bbox 997 2583 1095 2630; x_wconf 90' lang='lat' dir='ltr'><strong>acoe-</strong></span> 
     </span>
    </p>

    <p class='ocr_par' dir='ltr' id='par_1_11' title="bbox 302 2666 1094 2746">
     <span class='ocr_line' id='line_1_24' title="bbox 302 2666 1094 2746; baseline -0.006 -15"><span class='ocrx_word' id='word_1_247' title='bbox 302 2670 393 2741; x_wconf 87' lang='lat' dir='ltr'><strong>dere,</strong></span> <span class='ocrx_word' id='word_1_248' title='bbox 418 2669 525 2746; x_wconf 89' lang='lat' dir='ltr'><strong>siper</strong></span> <span class='ocrx_word' id='word_1_249' title='bbox 548 2684 607 2731; x_wconf 89' lang='lat' dir='ltr'><strong>eos</strong></span> <span class='ocrx_word' id='word_1_250' title='bbox 628 2667 752 2730; x_wconf 80' lang='lat' dir='ltr'><strong>vellent</strong></span> <span class='ocrx_word' id='word_1_251' title='bbox 772 2667 903 2744; x_wconf 90' lang='lat' dir='ltr'><strong>plenius</strong></span> <span class='ocrx_word' id='word_1_252' title='bbox 924 2666 1094 2744; x_wconf 89' lang='lat' dir='ltr'><strong>inquirere</strong></span> 
     </span>
    </p>

    <p class='ocr_par' dir='ltr' id='par_1_12' title="bbox 301 2749 1633 2844">
     <span class='ocr_line' id='line_1_25' title="bbox 301 2749 1633 2844; baseline -0.004 -16"><span class='ocrx_word' id='word_1_253' title='bbox 301 2767 488 2839; x_wconf 84' lang='lat' dir='ltr'><strong>raritatem,</strong></span> <span class='ocrx_word' id='word_1_254' title='bbox 505 2781 565 2844; x_wconf 91' lang='lat' dir='ltr'><strong>pro</strong></span> <span class='ocrx_word' id='word_1_255' title='bbox 587 2781 623 2827; x_wconf 90' lang='lat' dir='ltr'><strong>se</strong></span> <span class='ocrx_word' id='word_1_256' title='bbox 633 2781 673 2827; x_wconf 89' lang='lat' dir='ltr'><strong>ac</strong></span> <span class='ocrx_word' id='word_1_257' title='bbox 688 2765 782 2843; x_wconf 89' lang='lat' dir='ltr'><strong>parte</strong></span> <span class='ocrx_word' id='word_1_258' title='bbox 797 2780 858 2825; x_wconf 90' lang='lat' dir='ltr'><strong>sua</strong></span> <span class='ocrx_word' id='word_1_259' title='bbox 870 2765 1017 2826; x_wconf 91' lang='lat' dir='ltr'><strong>nostram</strong></span> <span class='ocrx_word' id='word_1_260' title='bbox 1028 2779 1092 2825; x_wconf 90' lang='lat' dir='ltr'><strong>au·</strong></span> <span class='ocrx_word' id='word_1_261' title='bbox 1459 2749 1633 2838; x_wconf 81' lang='lat' dir='ltr'>CXCVII</span> 
     </span>
    </p>

    <p class='ocr_par' dir='ltr' id='par_1_13' title="bbox 299 2861 1871 3044">
     <span class='ocr_line' id='line_1_26' title="bbox 300 2861 1871 2979; baseline -0.004 -52"><span class='ocrx_word' id='word_1_262' title='bbox 300 2865 459 2927; x_wconf 90' lang='lat' dir='ltr'><strong>dientiam</strong></span> <span class='ocrx_word' id='word_1_263' title='bbox 473 2863 662 2941; x_wconf 84' lang='lat' dir='ltr'><strong>appellarit,</strong></span> <span class='ocrx_word' id='word_1_264' title='bbox 673 2863 807 2926; x_wconf 88' lang='lat' dir='ltr'><strong>octavas</strong></span> <span class='ocrx_word' id='word_1_265' title='bbox 827 2861 1094 2924; x_wconf 89' lang='lat' dir='ltr'><strong>Resurrectionis</strong></span> <span class='ocrx_word' id='word_1_266' title='bbox 1211 2901 1263 2961; x_wconf 57' lang='lat' dir='ltr'><strong>Aa</strong></span> <span class='ocrx_word' id='word_1_267' title='bbox 1279 2903 1475 2977; x_wconf 75' lang='lat' dir='ltr'><strong>Philippum</strong></span> <span class='ocrx_word' id='word_1_268' title='bbox 1507 2905 1726 2963; x_wconf 59' lang='lat' dir='ltr'><strong><em>Francorum</em></strong></span> <span class='ocrx_word' id='word_1_269' title='bbox 1742 2916 1871 2979; x_wconf 43' lang='lat' dir='ltr'><strong><em>reygm·</em></strong></span> 
     </span>
     <span class='ocr_line' id='line_1_27' title="bbox 299 2946 1558 3044; baseline -0.005 -18"><span class='ocrx_word' id='word_1_270' title='bbox 299 2965 482 3026; x_wconf 75' lang='lat' dir='ltr'><strong>Dominicis</strong></span> <span class='ocrx_word' id='word_1_271' title='bbox 502 2963 653 3040; x_wconf 84' lang='lat' dir='ltr'><strong>proxime</strong></span> <span class='ocrx_word' id='word_1_272' title='bbox 675 2959 862 3038; x_wconf 87' lang='lat' dir='ltr'><strong>praeteritas</strong></span> <span class='ocrx_word' id='word_1_273' title='bbox 877 2957 1094 3038; x_wconf 88' lang='lat' dir='ltr'><strong>appellationi</strong></span> <span class='ocrx_word' id='word_1_274' title='bbox 1479 2946 1496 3021; x_wconf 88' lang='lat'><strong>&#39;.</strong></span> <span class='ocrx_word' id='word_1_275' title='bbox 1542 3031 1558 3044; x_wconf 93' lang='lat'><strong>..</strong></span> 
     </span>
    </p>

    <p class='ocr_par' dir='ltr' id='par_1_14' title="bbox 302 3032 1650 3137">
     <span class='ocr_line' id='line_1_28' title="bbox 302 3032 1650 3137; baseline -0.003 -15"><span class='ocrx_word' id='word_1_276' title='bbox 302 3078 374 3122; x_wconf 76' lang='lat' dir='ltr'><strong>suaa</strong></span> <span class='ocrx_word' id='word_1_277' title='bbox 388 3061 567 3122; x_wconf 89' lang='lat' dir='ltr'><strong>terminum</strong></span> <span class='ocrx_word' id='word_1_278' title='bbox 582 3058 793 3137; x_wconf 76' lang='lat' dir='ltr'><strong>praefigendo.</strong></span> <span class='ocrx_word' id='word_1_279' title='bbox 1444 3032 1479 3090; x_wconf 75' lang='lat'><strong>²⁷</strong></span> <span class='ocrx_word' id='word_1_280' title='bbox 1491 3046 1560 3090; x_wconf 70' lang='lat'><strong>”¹⁸¹¹</strong></span> <span class='ocrx_word' id='word_1_281' title='bbox 1571 3033 1650 3090; x_wconf 73' lang='lat'><strong>¹²²²·</strong></span> 
     </span>
    </p>
   </div>
   <div class='ocr_carea' id='block_1_11' title="bbox 339 3153 2039 3229">
    <p class='ocr_par' dir='ltr' id='par_1_15' title="bbox 339 3153 2039 3229">
     <span class='ocr_line' id='line_1_29' title="bbox 339 3153 2039 3229; baseline 0 -1"><span class='ocrx_word' id='word_1_282' title='bbox 339 3167 432 3229; x_wconf 81' lang='lat' dir='ltr'><strong>Licet</strong></span> <span class='ocrx_word' id='word_1_283' title='bbox 446 3167 557 3227; x_wconf 88' lang='lat' dir='ltr'><strong>autem</strong></span> <span class='ocrx_word' id='word_1_284' title='bbox 584 3165 691 3226; x_wconf 88' lang='lat' dir='ltr'><strong>dictus</strong></span> <span class='ocrx_word' id='word_1_285' title='bbox 711 3161 814 3224; x_wconf 88' lang='lat' dir='ltr'><strong>abbas</strong></span> <span class='ocrx_word' id='word_1_286' title='bbox 840 3163 880 3225; x_wconf 88' lang='lat' dir='ltr'><strong>de</strong></span> <span class='ocrx_word' id='word_1_287' title='bbox 904 3164 1044 3225; x_wconf 86' lang='lat' dir='ltr'><strong>Boscsto</strong></span> <span class='ocrx_word' id='word_1_288' title='bbox 1063 3163 1095 3225; x_wconf 92' lang='lat' dir='ltr'><strong>et</strong></span> <span class='ocrx_word' id='word_1_289' title='bbox 1187 3153 1398 3220; x_wconf 67' lang='lat' dir='ltr'><strong>[nouqueaibin.</strong></span> <span class='ocrx_word' id='word_1_290' title='bbox 1412 3154 1506 3220; x_wconf 61' lang='lat' dir='ltr'><strong>pbri,</strong></span> <span class='ocrx_word' id='word_1_291' title='bbox 1519 3157 1631 3220; x_wconf 70' lang='lat' dir='ltr'><strong>aegest,</strong></span> <span class='ocrx_word' id='word_1_292' title='bbox 1644 3155 1906 3220; x_wconf 62' lang='lat' dir='ltr'><strong>inuiolatas]</strong></span> <span class='ocrx_word' id='word_1_293' title='bbox 2038 3203 2039 3228; x_wconf 58' lang='lat'><em>2</em></span> 
     </span>
    </p>
   </div>
   <div class='ocr_carea' id='block_1_12' title="bbox 301 3260 1945 3440">
    <p class='ocr_par' dir='ltr' id='par_1_16' title="bbox 301 3260 1945 3440">
     <span class='ocr_line' id='line_1_30' title="bbox 302 3260 1942 3344; baseline 0.001 -18"><span class='ocrx_word' id='word_1_294' title='bbox 302 3264 462 3340; x_wconf 82' lang='lat' dir='ltr'><strong>magister</strong></span> <span class='ocrx_word' id='word_1_295' title='bbox 484 3266 521 3324; x_wconf 89' lang='lat' dir='ltr'><strong>P.</strong></span> <span class='ocrx_word' id='word_1_296' title='bbox 544 3263 624 3324; x_wconf 91' lang='lat' dir='ltr'><strong>Bool</strong></span> <span class='ocrx_word' id='word_1_297' title='bbox 638 3260 819 3324; x_wconf 89' lang='lat' dir='ltr'><strong>canonicus</strong></span> <span class='ocrx_word' id='word_1_298' title='bbox 834 3261 1093 3328; x_wconf 83' lang='lat' dir='ltr'><strong>Lemovicensis,</strong></span> <span class='ocrx_word' id='word_1_299' title='bbox 1149 3271 1243 3343; x_wconf 79' lang='lat' dir='ltr'><strong>nogat</strong></span> <span class='ocrx_word' id='word_1_300' title='bbox 1261 3269 1424 3343; x_wconf 85' lang='lat' dir='ltr'><strong>Philippum</strong></span> <span class='ocrx_word' id='word_1_301' title='bbox 1453 3271 1607 3340; x_wconf 81' lang='lat' dir='ltr'><strong>Honorius,</strong></span> <span class='ocrx_word' id='word_1_302' title='bbox 1631 3279 1662 3328; x_wconf 89' lang='lat' dir='ltr'><strong>ut</strong></span> <span class='ocrx_word' id='word_1_303' title='bbox 1681 3271 1863 3344; x_wconf 80' lang='lat' dir='ltr'><strong>prepositum</strong></span> <span class='ocrx_word' id='word_1_304' title='bbox 1879 3271 1942 3328; x_wconf 84' lang='lat' dir='ltr'><strong>Bri·</strong></span> 
     </span>
     <span class='ocr_line' id='line_1_31' title="bbox 301 3357 1945 3440; baseline -0.004 -18"><span class='ocrx_word' id='word_1_305' title='bbox 301 3362 358 3440; x_wconf 91' lang='lat' dir='ltr'><strong>qui</strong></span> <span class='ocrx_word' id='word_1_306' title='bbox 374 3363 482 3423; x_wconf 89' lang='lat' dir='ltr'><strong>locum</strong></span> <span class='ocrx_word' id='word_1_307' title='bbox 505 3362 584 3423; x_wconf 90' lang='lat' dir='ltr'><strong>tuuc</strong></span> <span class='ocrx_word' id='word_1_308' title='bbox 611 3359 648 3420; x_wconf 91' lang='lat' dir='ltr'><strong>in</strong></span> <span class='ocrx_word' id='word_1_309' title='bbox 671 3358 787 3420; x_wconf 88' lang='lat' dir='ltr'><strong>eadem</strong></span> <span class='ocrx_word' id='word_1_310' title='bbox 810 3373 911 3420; x_wconf 88' lang='lat' dir='ltr'><strong>causa</strong></span> <span class='ocrx_word' id='word_1_311' title='bbox 926 3357 1096 3421; x_wconf 87' lang='lat' dir='ltr'><strong>obtinebat</strong></span> <span class='ocrx_word' id='word_1_312' title='bbox 1185 3359 1456 3428; x_wconf 80' lang='lat' dir='ltr'><strong>ratensiseeeiesiae,</strong></span> <span class='ocrx_word' id='word_1_313' title='bbox 1469 3359 1564 3417; x_wconf 83' lang='lat' dir='ltr'><strong>otiieio</strong></span> <span class='ocrx_word' id='word_1_314' title='bbox 1574 3361 1727 3418; x_wconf 87' lang='lat' dir='ltr'><strong>suominus</strong></span> <span class='ocrx_word' id='word_1_315' title='bbox 1740 3359 1945 3418; x_wconf 84' lang='lat' dir='ltr'><strong>rationabiliter</strong></span> 
     </span>
    </p>
   </div>
   <div class='ocr_carea' id='block_1_13' title="bbox 300 3446 1942 3634">
    <p class='ocr_par' dir='ltr' id='par_1_17' title="bbox 300 3446 1942 3634">
     <span class='ocr_line' id='line_1_32' title="bbox 300 3446 1942 3538; baseline -0.006 -24"><span class='ocrx_word' id='word_1_316' title='bbox 300 3455 449 3538; x_wconf 75' lang='lat' dir='ltr'><strong>episcopi</strong></span> <span class='ocrx_word' id='word_1_317' title='bbox 461 3455 900 3533; x_wconf 76' lang='lat' dir='ltr'><strong>memorati,00ramquih11s</strong></span> <span class='ocrx_word' id='word_1_318' title='bbox 915 3456 1094 3532; x_wconf 74' lang='lat' dir='ltr'><strong>appellatio</strong></span> <span class='ocrx_word' id='word_1_319' title='bbox 1184 3447 1336 3519; x_wconf 83' lang='lat' dir='ltr'><strong>spoliatum</strong></span> <span class='ocrx_word' id='word_1_320' title='bbox 1347 3447 1383 3505; x_wconf 88' lang='lat' dir='ltr'><strong>ab</strong></span> <span class='ocrx_word' id='word_1_321' title='bbox 1397 3446 1607 3506; x_wconf 66' lang='lat' dir='ltr'><strong>archembaldo</strong></span> <span class='ocrx_word' id='word_1_322' title='bbox 1622 3447 1657 3506; x_wconf 87' lang='lat' dir='ltr'><strong>de</strong></span> <span class='ocrx_word' id='word_1_323' title='bbox 1670 3448 1821 3518; x_wconf 82' lang='lat' dir='ltr'><strong>borbonio,</strong></span> <span class='ocrx_word' id='word_1_324' title='bbox 1839 3461 1942 3506; x_wconf 87' lang='lat' dir='ltr'><strong>cones-</strong></span> 
     </span>
     <span class='ocr_line' id='line_1_33' title="bbox 301 3535 1679 3634; baseline -0.011 -16"><span class='ocrx_word' id='word_1_325' title='bbox 301 3557 389 3619; x_wconf 84' lang='lat' dir='ltr'><strong>facta</strong></span> <span class='ocrx_word' id='word_1_326' title='bbox 413 3556 487 3629; x_wconf 82' lang='lat' dir='ltr'><strong>ruit,</strong></span> <span class='ocrx_word' id='word_1_327' title='bbox 503 3554 759 3634; x_wconf 87' lang='lat' dir='ltr'><strong>appellationem</strong></span> <span class='ocrx_word' id='word_1_328' title='bbox 779 3553 885 3629; x_wconf 89' lang='lat' dir='ltr'><strong>ipsam</strong></span> <span class='ocrx_word' id='word_1_329' title='bbox 905 3552 1094 3629; x_wconf 85' lang='lat' dir='ltr'><strong>redigentes</strong></span> <span class='ocrx_word' id='word_1_330' title='bbox 1184 3535 1280 3593; x_wconf 63' lang='lat' dir='ltr'><strong>iib⁰¹⁰</strong></span> <span class='ocrx_word' id='word_1_331' title='bbox 1292 3535 1444 3606; x_wconf 81' lang='lat' dir='ltr'><strong>Alvernioe,</strong></span> <span class='ocrx_word' id='word_1_332' title='bbox 1459 3537 1571 3596; x_wconf 81' lang='lat' dir='ltr'><strong>restitid</strong></span> <span class='ocrx_word' id='word_1_333' title='bbox 1583 3536 1679 3596; x_wconf 73' lang='lat' dir='ltr'><strong>riori.</strong></span> 
     </span>
    </p>
   </div>
   <div class='ocr_carea' id='block_1_14' title="bbox 301 3650 2039 5501">
    <p class='ocr_par' dir='ltr' id='par_1_18' title="bbox 301 3650 2039 5501">
     <span class='ocr_line' id='line_1_34' title="bbox 301 3650 1943 3740; baseline 0.004 -23"><span class='ocrx_word' id='word_1_334' title='bbox 301 3655 337 3718; x_wconf 87' lang='lat' dir='ltr'><strong>ln</strong></span> <span class='ocrx_word' id='word_1_335' title='bbox 353 3654 497 3734; x_wconf 90' lang='lat' dir='ltr'><strong>scriptis,</strong></span> <span class='ocrx_word' id='word_1_336' title='bbox 507 3669 565 3714; x_wconf 89' lang='lat' dir='ltr'><strong>eas</strong></span> <span class='ocrx_word' id='word_1_337' title='bbox 577 3651 625 3732; x_wconf 85' lang='lat'><strong>(2)</strong></span> <span class='ocrx_word' id='word_1_338' title='bbox 640 3650 827 3730; x_wconf 84' lang='lat' dir='ltr'><strong>sigillorum</strong></span> <span class='ocrx_word' id='word_1_339' title='bbox 840 3665 975 3712; x_wconf 90' lang='lat' dir='ltr'><strong>suorum</strong></span> <span class='ocrx_word' id='word_1_340' title='bbox 991 3651 1097 3715; x_wconf 91' lang='lat' dir='ltr'><strong>muni·</strong></span> <span class='ocrx_word' id='word_1_341' title='bbox 1189 3661 1358 3724; x_wconf 80' lang='lat' dir='ltr'><strong>Honorius</strong></span> <span class='ocrx_word' id='word_1_342' title='bbox 1399 3662 1656 3740; x_wconf 87' lang='lat' dir='ltr'><strong>episcopus.....‚</strong></span> <span class='ocrx_word' id='word_1_343' title='bbox 1697 3663 1871 3725; x_wconf 88' lang='lat' dir='ltr'><strong>carissimo</strong></span> <span class='ocrx_word' id='word_1_344' title='bbox 1908 3663 1943 3726; x_wconf 88' lang='lat' dir='ltr'><strong>in</strong></span> 
     </span>
     <span class='ocr_line' id='line_1_35' title="bbox 301 3747 1944 3838; baseline -0.004 -10"><span class='ocrx_word' id='word_1_345' title='bbox 301 3747 1944 3838; x_wconf 50' lang='lat' dir='ltr'><strong>mmmmfflmfflmwmmmmmwm·</strong></span> 
     </span>
     <span class='ocr_line' id='line_1_36' title="bbox 302 3845 2039 3936; baseline -0.006 -20"><span class='ocrx_word' id='word_1_346' title='bbox 302 3854 337 3916; x_wconf 91' lang='lat' dir='ltr'><strong>C.</strong></span> <span class='ocrx_word' id='word_1_347' title='bbox 354 3853 394 3913; x_wconf 89' lang='lat' dir='ltr'><strong>de</strong></span> <span class='ocrx_word' id='word_1_348' title='bbox 408 3853 557 3922; x_wconf 90' lang='lat' dir='ltr'><strong>Bosoeto,</strong></span> <span class='ocrx_word' id='word_1_349' title='bbox 583 3847 737 3914; x_wconf 89' lang='lat' dir='ltr'><strong>monachi</strong></span> <span class='ocrx_word' id='word_1_350' title='bbox 753 3845 983 3936; x_wconf 85' lang='lat' dir='ltr'><strong>Cistereieusis</strong></span> <span class='ocrx_word' id='word_1_351' title='bbox 999 3845 1094 3910; x_wconf 88' lang='lat' dir='ltr'><strong>ordi·</strong></span> <span class='ocrx_word' id='word_1_352' title='bbox 1151 3859 1222 3932; x_wconf 69' lang='lat' dir='ltr'><strong>ciae,</strong></span> <span class='ocrx_word' id='word_1_353' title='bbox 1237 3858 1388 3931; x_wconf 69' lang='lat' dir='ltr'><strong>salutem,</strong></span> <span class='ocrx_word' id='word_1_354' title='bbox 1401 3859 1463 3920; x_wconf 64' lang='lat' dir='ltr'><strong>eto,</strong></span> <span class='ocrx_word' id='word_1_355' title='bbox 2038 3893 2039 3896; x_wconf 63' lang='lat'><strong>,</strong></span> 
     </span>
     <span class='ocr_line' id='line_1_37' title="bbox 301 3939 2039 4034; baseline -0.004 -12"><span class='ocrx_word' id='word_1_356' title='bbox 301 3951 366 4022; x_wconf 70' lang='lat' dir='ltr'><strong>nis,</strong></span> <span class='ocrx_word' id='word_1_357' title='bbox 378 3949 498 4026; x_wconf 71' lang='lat' dir='ltr'><strong>quibus</strong></span> <span class='ocrx_word' id='word_1_358' title='bbox 513 3948 688 4026; x_wconf 68' lang='lat' dir='ltr'><strong>flliSCOPUS</strong></span> <span class='ocrx_word' id='word_1_359' title='bbox 701 3946 735 4008; x_wconf 64' lang='lat' dir='ltr'><strong>ei</strong></span> <span class='ocrx_word' id='word_1_360' title='bbox 758 3943 860 4008; x_wconf 59' lang='lat' dir='ltr'><strong>abbas</strong></span> <span class='ocrx_word' id='word_1_361' title='bbox 873 3943 913 4006; x_wconf 73' lang='lat'><strong>‘³0</strong></span> <span class='ocrx_word' id='word_1_362' title='bbox 931 3946 1095 4010; x_wconf 68' lang='lat' dir='ltr'><strong>BUSGhOiO</strong></span> <span class='ocrx_word' id='word_1_363' title='bbox 1189 3957 1326 4018; x_wconf 86' lang='lat' dir='ltr'><strong>Creator</strong></span> <span class='ocrx_word' id='word_1_364' title='bbox 1341 3956 1477 4018; x_wconf 88' lang='lat' dir='ltr'><strong>humaui</strong></span> <span class='ocrx_word' id='word_1_365' title='bbox 1488 3955 1621 4033; x_wconf 77' lang='lat' dir='ltr'><strong>generis</strong></span> <span class='ocrx_word' id='word_1_366' title='bbox 1635 3971 1674 4018; x_wconf 88' lang='lat' dir='ltr'><strong>ac</strong></span> <span class='ocrx_word' id='word_1_367' title='bbox 1682 3955 1895 4034; x_wconf 84' lang='lat' dir='ltr'><strong>Redemptor,</strong></span> <span class='ocrx_word' id='word_1_368' title='bbox 1907 3956 1942 4016; x_wconf 90' lang='lat' dir='ltr'><strong>in</strong></span> <span class='ocrx_word' id='word_1_369' title='bbox 2038 3939 2039 3996; x_wconf 76' lang='lat' dir='ltr'><strong>i</strong></span> 
     </span>
     <span class='ocr_line' id='line_1_38' title="bbox 301 4042 1944 4130; baseline -0.001 -15"><span class='ocrx_word' id='word_1_370' title='bbox 301 4047 452 4126; x_wconf 75' lang='lat' dir='ltr'><strong>praedicti</strong></span> <span class='ocrx_word' id='word_1_371' title='bbox 480 4047 634 4107; x_wconf 80' lang='lat' dir='ltr'><strong>dicuntur</strong></span> <span class='ocrx_word' id='word_1_372' title='bbox 656 4042 863 4109; x_wconf 75' lang='lat' dir='ltr'><strong>commisisse</strong></span> <span class='ocrx_word' id='word_1_373' title='bbox 888 4044 1095 4121; x_wconf 86' lang='lat' dir='ltr'><strong>postmodum</strong></span> <span class='ocrx_word' id='word_1_374' title='bbox 1151 4055 1245 4130; x_wconf 85' lang='lat' dir='ltr'><strong>cujus</strong></span> <span class='ocrx_word' id='word_1_375' title='bbox 1260 4069 1360 4114; x_wconf 91' lang='lat' dir='ltr'><strong>manu</strong></span> <span class='ocrx_word' id='word_1_376' title='bbox 1372 4054 1449 4114; x_wconf 89' lang='lat' dir='ltr'><strong>sunt</strong></span> <span class='ocrx_word' id='word_1_377' title='bbox 1463 4053 1611 4114; x_wconf 89' lang='lat' dir='ltr'><strong>omnium</strong></span> <span class='ocrx_word' id='word_1_378' title='bbox 1627 4056 1806 4130; x_wconf 87' lang='lat' dir='ltr'><strong>potestates</strong></span> <span class='ocrx_word' id='word_1_379' title='bbox 1820 4057 1853 4116; x_wconf 88' lang='lat' dir='ltr'><strong>et</strong></span> <span class='ocrx_word' id='word_1_380' title='bbox 1866 4070 1944 4114; x_wconf 89' lang='lat' dir='ltr'><strong>om-</strong></span> 
     </span>
     <span class='ocr_line' id='line_1_39' title="bbox 302 4139 2039 4229; baseline -0.007 -21"><span class='ocrx_word' id='word_1_381' title='bbox 302 4146 395 4208; x_wconf 86' lang='lat' dir='ltr'><strong>rices</strong></span> <span class='ocrx_word' id='word_1_382' title='bbox 414 4160 504 4212; x_wconf 89' lang='lat' dir='ltr'><strong>suas,</strong></span> <span class='ocrx_word' id='word_1_383' title='bbox 520 4143 617 4205; x_wconf 90' lang='lat' dir='ltr'><strong>tertio</strong></span> <span class='ocrx_word' id='word_1_384' title='bbox 637 4139 812 4222; x_wconf 88' lang='lat' dir='ltr'><strong>conjudice</strong></span> <span class='ocrx_word' id='word_1_385' title='bbox 837 4141 1095 4224; x_wconf 90' lang='lat' dir='ltr'><strong>appellationem</strong></span> <span class='ocrx_word' id='word_1_386' title='bbox 1151 4152 1242 4212; x_wconf 70' lang='lat' dir='ltr'><strong>nrum</strong></span> <span class='ocrx_word' id='word_1_387' title='bbox 1267 4155 1345 4228; x_wconf 69' lang='lat' dir='ltr'><strong>jura</strong></span> <span class='ocrx_word' id='word_1_388' title='bbox 1373 4165 1563 4226; x_wconf 64' lang='lat' dir='ltr'><strong>regnorum,</strong></span> <span class='ocrx_word' id='word_1_389' title='bbox 1594 4151 1634 4212; x_wconf 70' lang='lat' dir='ltr'><strong>aq</strong></span> <span class='ocrx_word' id='word_1_390' title='bbox 1664 4151 1728 4213; x_wconf 90' lang='lat' dir='ltr'><strong>boo</strong></span> <span class='ocrx_word' id='word_1_391' title='bbox 1765 4167 1942 4229; x_wconf 60' lang='lat' dir='ltr'><strong>personam</strong></span> <span class='ocrx_word' id='word_1_392' title='bbox 2038 4207 2039 4212; x_wconf 5' lang='grc' dir='ltr'>ἵ</span> 
     </span>
     <span class='ocr_line' id='line_1_40' title="bbox 303 4237 2039 4324; baseline -0.007 -3"><span class='ocrx_word' id='word_1_393' title='bbox 303 4241 410 4322; x_wconf 68' lang='lat' dir='ltr'><strong>ipsius</strong></span> <span class='ocrx_word' id='word_1_394' title='bbox 453 4242 621 4318; x_wconf 85' lang='lat' dir='ltr'><strong>tamquam</strong></span> <span class='ocrx_word' id='word_1_395' title='bbox 658 4240 841 4317; x_wconf 67' lang='lat' dir='ltr'><strong>legitimam</strong></span> <span class='ocrx_word' id='word_1_396' title='bbox 880 4237 1094 4316; x_wconf 87' lang='lat' dir='ltr'><strong>approbante,</strong></span> <span class='ocrx_word' id='word_1_397' title='bbox 1150 4249 1240 4310; x_wconf 89' lang='lat' dir='ltr'><strong>tuam</strong></span> <span class='ocrx_word' id='word_1_398' title='bbox 1256 4248 1297 4310; x_wconf 90' lang='lat' dir='ltr'><strong>ad</strong></span> <span class='ocrx_word' id='word_1_399' title='bbox 1321 4249 1415 4324; x_wconf 87' lang='lat' dir='ltr'><strong>regni</strong></span> <span class='ocrx_word' id='word_1_400' title='bbox 1431 4248 1550 4309; x_wconf 90' lang='lat' dir='ltr'><strong>solium</strong></span> <span class='ocrx_word' id='word_1_401' title='bbox 1572 4243 1773 4322; x_wconf 84' lang='lat' dir='ltr'><strong>sublimavit,</strong></span> <span class='ocrx_word' id='word_1_402' title='bbox 1790 4248 1948 4310; x_wconf 87' lang='lat' dir='ltr'><strong>uteccle-</strong></span> <span class='ocrx_word' id='word_1_403' title='bbox 2038 4277 2039 4282; x_wconf 14' lang='grc' dir='ltr'><strong>κ</strong></span> 
     </span>
     <span class='ocr_line' id='line_1_41' title="bbox 303 4337 2039 4423; baseline -0.005 -10"><span class='ocrx_word' id='word_1_404' title='bbox 303 4337 982 4418; x_wconf 69' lang='lat' dir='ltr'><strong>eademadpellai10110⁰0ssi0mpia‚ineos,</strong></span> <span class='ocrx_word' id='word_1_405' title='bbox 995 4337 1096 4398; x_wconf 65' lang='lat' dir='ltr'><strong>eiiam</strong></span> <span class='ocrx_word' id='word_1_406' title='bbox 1151 4346 1218 4406; x_wconf 91' lang='lat' dir='ltr'><strong>sias</strong></span> <span class='ocrx_word' id='word_1_407' title='bbox 1247 4347 1281 4407; x_wconf 90' lang='lat' dir='ltr'><strong>et</strong></span> <span class='ocrx_word' id='word_1_408' title='bbox 1308 4359 1468 4423; x_wconf 89' lang='lat' dir='ltr'><strong>personas</strong></span> <span class='ocrx_word' id='word_1_409' title='bbox 1500 4344 1745 4408; x_wconf 87' lang='lat' dir='ltr'><strong>ecclesiasticas</strong></span> <span class='ocrx_word' id='word_1_410' title='bbox 1771 4345 1868 4422; x_wconf 86' lang='lat' dir='ltr'><strong>regni</strong></span> <span class='ocrx_word' id='word_1_411' title='bbox 1896 4344 1945 4406; x_wconf 90' lang='lat' dir='ltr'><strong>tui</strong></span> <span class='ocrx_word' id='word_1_412' title='bbox 2038 4357 2039 4384; x_wconf 63' lang='lat'><em>³</em></span> 
     </span>
     <span class='ocr_line' id='line_1_42' title="bbox 303 4434 1943 4524; baseline -0.008 -7"><span class='ocrx_word' id='word_1_413' title='bbox 303 4441 377 4518; x_wconf 74' lang='lat' dir='ltr'><strong>1³⁰⁸i</strong></span> <span class='ocrx_word' id='word_1_414' title='bbox 392 4439 456 4502; x_wconf 65' lang='lat' dir='ltr'><strong>iiii</strong></span> <span class='ocrx_word' id='word_1_415' title='bbox 480 4436 646 4513; x_wconf 59' lang='lat' dir='ltr'><strong>&amp;fielium</strong></span> <span class='ocrx_word' id='word_1_416' title='bbox 662 4435 704 4496; x_wconf 68' lang='lat' dir='ltr'><strong>ab</strong></span> <span class='ocrx_word' id='word_1_417' title='bbox 722 4435 835 4497; x_wconf 74' lang='lat' dir='ltr'><strong>00d⁰m</strong></span> <span class='ocrx_word' id='word_1_418' title='bbox 860 4434 1038 4524; x_wconf 64' lang='lat' dir='ltr'><strong>Pi&#39;aei&#39;OSiiO</strong></span> <span class='ocrx_word' id='word_1_419' title='bbox 1055 4435 1095 4494; x_wconf 71' lang='lat' dir='ltr'><strong>ad</strong></span> <span class='ocrx_word' id='word_1_420' title='bbox 1152 4445 1367 4505; x_wconf 87' lang='lat' dir='ltr'><strong>manuteneas</strong></span> <span class='ocrx_word' id='word_1_421' title='bbox 1397 4445 1430 4504; x_wconf 90' lang='lat' dir='ltr'><strong>et</strong></span> <span class='ocrx_word' id='word_1_422' title='bbox 1455 4441 1623 4516; x_wconf 82' lang='lat' dir='ltr'><strong>defendas,</strong></span> <span class='ocrx_word' id='word_1_423' title='bbox 1651 4445 1683 4506; x_wconf 88' lang='lat' dir='ltr'><strong>et</strong></span> <span class='ocrx_word' id='word_1_424' title='bbox 1708 4446 1786 4520; x_wconf 88' lang='lat' dir='ltr'><strong>jura</strong></span> <span class='ocrx_word' id='word_1_425' title='bbox 1812 4457 1943 4516; x_wconf 89' lang='lat' dir='ltr'><strong>earum,</strong></span> 
     </span>
     <span class='ocr_line' id='line_1_43' title="bbox 306 4533 2039 4620; baseline -0.004 -12"><span class='ocrx_word' id='word_1_426' title='bbox 306 4537 423 4602; x_wconf 85' lang='lat' dir='ltr'><strong>sedem</strong></span> <span class='ocrx_word' id='word_1_427' title='bbox 463 4534 687 4614; x_wconf 74' lang='lat' dir='ltr'><strong>Ap08i01i0³m</strong></span> <span class='ocrx_word' id='word_1_428' title='bbox 723 4533 895 4605; x_wconf 74' lang='lat' dir='ltr'><strong>veniendi,</strong></span> <span class='ocrx_word' id='word_1_429' title='bbox 930 4533 1097 4596; x_wconf 71' lang='lat' dir='ltr'><strong>interdicti</strong></span> <span class='ocrx_word' id='word_1_430' title='bbox 1152 4542 1360 4620; x_wconf 89' lang='lat' dir='ltr'><strong>quantumin</strong></span> <span class='ocrx_word' id='word_1_431' title='bbox 1383 4539 1541 4612; x_wconf 82' lang='lat' dir='ltr'><strong>tefuerit,</strong></span> <span class='ocrx_word' id='word_1_432' title='bbox 1558 4539 1687 4603; x_wconf 88' lang='lat' dir='ltr'><strong>illibata</strong></span> <span class='ocrx_word' id='word_1_433' title='bbox 1708 4541 1946 4612; x_wconf 83' lang='lat' dir='ltr'><strong>conservae,ut</strong></span> <span class='ocrx_word' id='word_1_434' title='bbox 2038 4559 2039 4564; x_wconf 46' lang='lat'>¹</span> 
     </span>
     <span class='ocr_line' id='line_1_44' title="bbox 306 4631 2039 4716; baseline -0.008 -4"><span class='ocrx_word' id='word_1_435' title='bbox 306 4636 504 4698; x_wconf 67' lang='lat' dir='ltr'><strong>Sssssiffliiiflffl</strong></span> <span class='ocrx_word' id='word_1_436' title='bbox 539 4635 664 4696; x_wconf 71' lang='lat' dir='ltr'><strong>i0m0i0</strong></span> <span class='ocrx_word' id='word_1_437' title='bbox 692 4631 970 4710; x_wconf 82' lang='lat' dir='ltr'><strong>promulgarunt,</strong></span> <span class='ocrx_word' id='word_1_438' title='bbox 999 4647 1097 4708; x_wconf 66' lang='lat' dir='ltr'><strong>(luam</strong></span> <span class='ocrx_word' id='word_1_439' title='bbox 1152 4641 1286 4716; x_wconf 88' lang='lat' dir='ltr'><strong>propter</strong></span> <span class='ocrx_word' id='word_1_440' title='bbox 1314 4639 1377 4700; x_wconf 93' lang='lat' dir='ltr'><strong>boc</strong></span> <span class='ocrx_word' id='word_1_441' title='bbox 1405 4639 1440 4698; x_wconf 93' lang='lat' dir='ltr'><strong>in</strong></span> <span class='ocrx_word' id='word_1_442' title='bbox 1456 4639 1612 4715; x_wconf 88' lang='lat' dir='ltr'><strong>praesenti</strong></span> <span class='ocrx_word' id='word_1_443' title='bbox 1625 4637 1944 4716; x_wconf 88' lang='lat' dir='ltr'><strong>laudemapopulo,</strong></span> <span class='ocrx_word' id='word_1_444' title='bbox 2038 4675 2039 4678; x_wconf 59' lang='lat'><em>=</em></span> 
     </span>
     <span class='ocr_line' id='line_1_45' title="bbox 305 4727 1942 4816; baseline -0.006 -7"><span class='ocrx_word' id='word_1_445' title='bbox 305 4732 435 4816; x_wconf 69' lang='lat' dir='ltr'><strong>Piaeiflii</strong></span> <span class='ocrx_word' id='word_1_446' title='bbox 452 4731 675 4812; x_wconf 69' lang='lat' dir='ltr'><strong>01Ji⁸00i11⁸0i</strong></span> <span class='ocrx_word' id='word_1_447' title='bbox 702 4729 804 4790; x_wconf 66' lang='lat' dir='ltr'><strong>abhas</strong></span> <span class='ocrx_word' id='word_1_448' title='bbox 826 4727 1098 4805; x_wconf 73' lang='lat' dir='ltr'><strong>POSifflOdllmiii·</strong></span> <span class='ocrx_word' id='word_1_449' title='bbox 1152 4739 1184 4799; x_wconf 89' lang='lat' dir='ltr'><strong>et</strong></span> <span class='ocrx_word' id='word_1_450' title='bbox 1212 4737 1253 4799; x_wconf 90' lang='lat' dir='ltr'><strong>ab</strong></span> <span class='ocrx_word' id='word_1_451' title='bbox 1282 4737 1354 4814; x_wconf 88' lang='lat' dir='ltr'><strong>ipso</strong></span> <span class='ocrx_word' id='word_1_452' title='bbox 1375 4735 1576 4798; x_wconf 90' lang='lat' dir='ltr'><strong>retributore</strong></span> <span class='ocrx_word' id='word_1_453' title='bbox 1605 4737 1770 4798; x_wconf 89' lang='lat' dir='ltr'><strong>honorum</strong></span> <span class='ocrx_word' id='word_1_454' title='bbox 1796 4736 1942 4799; x_wconf 90' lang='lat' dir='ltr'><strong>omnium</strong></span> 
     </span>
     <span class='ocr_line' id='line_1_46' title="bbox 306 4824 1946 4910; baseline -0.007 -5"><span class='ocrx_word' id='word_1_455' title='bbox 306 4833 428 4893; x_wconf 65' lang='lat' dir='ltr'><strong>cimini</strong></span> <span class='ocrx_word' id='word_1_456' title='bbox 463 4829 573 4892; x_wconf 67' lang='lat' dir='ltr'><strong>minus</strong></span> <span class='ocrx_word' id='word_1_457' title='bbox 605 4827 852 4889; x_wconf 65' lang='lat' dir='ltr'><strong>raiiffllaiiiiiissr</strong></span> <span class='ocrx_word' id='word_1_458' title='bbox 883 4824 1095 4904; x_wconf 60' lang='lat' dir='ltr'><strong>alimitasse·</strong></span> <span class='ocrx_word' id='word_1_459' title='bbox 1152 4835 1312 4896; x_wconf 90' lang='lat' dir='ltr'><strong>merearis</strong></span> <span class='ocrx_word' id='word_1_460' title='bbox 1351 4831 1520 4896; x_wconf 82' lang='lat' dir='ltr'><strong>felicitatis</strong></span> <span class='ocrx_word' id='word_1_461' title='bbox 1556 4833 1689 4897; x_wconf 84' lang='lat' dir='ltr'><strong>aeteruae</strong></span> <span class='ocrx_word' id='word_1_462' title='bbox 1717 4835 1892 4910; x_wconf 83' lang='lat' dir='ltr'><strong>praeminm</strong></span> <span class='ocrx_word' id='word_1_463' title='bbox 1912 4833 1946 4894; x_wconf 91' lang='lat' dir='ltr'><strong>in</strong></span> 
     </span>
     <span class='ocr_line' id='line_1_47' title="bbox 306 4923 1943 5008; baseline 0.001 -18"><span class='ocrx_word' id='word_1_464' title='bbox 306 4933 416 5003; x_wconf 89' lang='lat' dir='ltr'><strong>Quare</strong></span> <span class='ocrx_word' id='word_1_465' title='bbox 437 4943 457 4988; x_wconf 91' lang='lat' dir='ltr'><strong>a</strong></span> <span class='ocrx_word' id='word_1_466' title='bbox 480 4925 577 4990; x_wconf 91' lang='lat' dir='ltr'><strong>nobis</strong></span> <span class='ocrx_word' id='word_1_467' title='bbox 589 4925 695 4987; x_wconf 88' lang='lat' dir='ltr'><strong>dictus</strong></span> <span class='ocrx_word' id='word_1_468' title='bbox 712 4925 912 5002; x_wconf 87' lang='lat' dir='ltr'><strong>praepositus</strong></span> <span class='ocrx_word' id='word_1_469' title='bbox 928 4923 1099 4986; x_wconf 87' lang='lat' dir='ltr'><strong>humiliter</strong></span> <span class='ocrx_word' id='word_1_470' title='bbox 1152 4933 1274 4995; x_wconf 78' lang='lat' dir='ltr'><strong>futuro.</strong></span> <span class='ocrx_word' id='word_1_471' title='bbox 1291 4932 1500 4994; x_wconf 79' lang='lat' dir='ltr'><strong>Adnostram</strong></span> <span class='ocrx_word' id='word_1_472' title='bbox 1516 4931 1545 4991; x_wconf 91' lang='lat' dir='ltr'><strong>si</strong></span> <span class='ocrx_word' id='word_1_473' title='bbox 1570 4929 1702 5008; x_wconf 89' lang='lat' dir='ltr'><strong>quidem</strong></span> <span class='ocrx_word' id='word_1_474' title='bbox 1728 4931 1943 5002; x_wconf 88' lang='lat' dir='ltr'><strong>audientiam,</strong></span> 
     </span>
     <span class='ocr_line' id='line_1_48' title="bbox 307 5022 2039 5106; baseline 0 -16"><span class='ocrx_word' id='word_1_475' title='bbox 307 5025 497 5106; x_wconf 90' lang='lat' dir='ltr'><strong>postulabat</strong></span> <span class='ocrx_word' id='word_1_476' title='bbox 523 5026 560 5085; x_wconf 94' lang='lat' dir='ltr'><strong>ut</strong></span> <span class='ocrx_word' id='word_1_477' title='bbox 574 5022 638 5084; x_wconf 90' lang='lat' dir='ltr'><strong>sibi</strong></span> <span class='ocrx_word' id='word_1_478' title='bbox 662 5023 695 5084; x_wconf 90' lang='lat' dir='ltr'><strong>et</strong></span> <span class='ocrx_word' id='word_1_479' title='bbox 714 5023 801 5099; x_wconf 90' lang='lat' dir='ltr'><strong>parti</strong></span> <span class='ocrx_word' id='word_1_480' title='bbox 823 5037 892 5084; x_wconf 89' lang='lat' dir='ltr'><strong>suae</strong></span> <span class='ocrx_word' id='word_1_481' title='bbox 923 5022 1098 5098; x_wconf 87' lang='lat' dir='ltr'><strong>providere</strong></span> <span class='ocrx_word' id='word_1_482' title='bbox 1153 5031 1272 5092; x_wconf 74' lang='lat' dir='ltr'><strong>dilecto</strong></span> <span class='ocrx_word' id='word_1_483' title='bbox 1289 5029 1357 5091; x_wconf 81' lang='lat' dir='ltr'><strong>filio</strong></span> <span class='ocrx_word' id='word_1_484' title='bbox 1378 5033 1413 5090; x_wconf 87' lang='lat' dir='ltr'><strong>P.</strong></span> <span class='ocrx_word' id='word_1_485' title='bbox 1430 5029 1470 5091; x_wconf 89' lang='lat' dir='ltr'><strong>de</strong></span> <span class='ocrx_word' id='word_1_486' title='bbox 1490 5029 1620 5101; x_wconf 83' lang='lat' dir='ltr'><strong>Lotaac,</strong></span> <span class='ocrx_word' id='word_1_487' title='bbox 1633 5029 1811 5106; x_wconf 88' lang='lat' dir='ltr'><strong>praeposito</strong></span> <span class='ocrx_word' id='word_1_488' title='bbox 1824 5028 1945 5091; x_wconf 85' lang='lat' dir='ltr'><strong>Briva·</strong></span> <span class='ocrx_word' id='word_1_489' title='bbox 2038 5059 2039 5066; x_wconf 50' lang='lat'><strong>,</strong></span> 
     </span>
     <span class='ocr_line' id='line_1_49' title="bbox 307 5118 2039 5204; baseline -0.005 -6"><span class='ocrx_word' id='word_1_490' title='bbox 307 5140 407 5204; x_wconf 70' lang='lat' dir='ltr'><strong>super</strong></span> <span class='ocrx_word' id='word_1_491' title='bbox 422 5124 484 5185; x_wconf 91' lang='lat' dir='ltr'><strong>hoo</strong></span> <span class='ocrx_word' id='word_1_492' title='bbox 495 5121 757 5183; x_wconf 69' lang='lat' dir='ltr'><strong>miseiissffl&#39;diiei&#39;</strong></span> <span class='ocrx_word' id='word_1_493' title='bbox 767 5118 991 5196; x_wconf 64' lang='lat' dir='ltr'><strong>dignaremur·</strong></span> <span class='ocrx_word' id='word_1_494' title='bbox 1153 5129 1249 5200; x_wconf 90' lang='lat' dir='ltr'><strong>tensi,</strong></span> <span class='ocrx_word' id='word_1_495' title='bbox 1280 5126 1455 5200; x_wconf 80' lang='lat' dir='ltr'><strong>referente,</strong></span> <span class='ocrx_word' id='word_1_496' title='bbox 1484 5127 1635 5204; x_wconf 89' lang='lat' dir='ltr'><strong>pervenit</strong></span> <span class='ocrx_word' id='word_1_497' title='bbox 1649 5127 1735 5204; x_wconf 90' lang='lat' dir='ltr'><strong>quod</strong></span> <span class='ocrx_word' id='word_1_498' title='bbox 1760 5125 1882 5188; x_wconf 89' lang='lat' dir='ltr'><strong>nobilis</strong></span> <span class='ocrx_word' id='word_1_499' title='bbox 1895 5125 1947 5188; x_wconf 84' lang='lat' dir='ltr'><strong>rir</strong></span> <span class='ocrx_word' id='word_1_500' title='bbox 2038 5135 2039 5190; x_wconf 72' lang='grc' dir='ltr'>ξ</span> 
     </span>
     <span class='ocr_line' id='line_1_50' title="bbox 347 5211 2039 5309; baseline -0.008 -13"><span class='ocrx_word' id='word_1_501' title='bbox 347 5233 490 5309; x_wconf 84' lang='lat' dir='ltr'><strong>Ideoque</strong></span> <span class='ocrx_word' id='word_1_502' title='bbox 506 5227 698 5289; x_wconf 89' lang='lat' dir='ltr'><strong>discretioni</strong></span> <span class='ocrx_word' id='word_1_503' title='bbox 712 5225 1098 5304; x_wconf 79' lang='lat' dir='ltr'><strong>vestraeperbpostolica</strong></span> <span class='ocrx_word' id='word_1_504' title='bbox 1153 5230 1190 5287; x_wconf 76' lang='lat' dir='ltr'><strong>A.</strong></span> <span class='ocrx_word' id='word_1_505' title='bbox 1212 5223 1260 5305; x_wconf 93' lang='lat'><strong>(3)</strong></span> <span class='ocrx_word' id='word_1_506' title='bbox 1287 5225 1439 5286; x_wconf 90' lang='lat' dir='ltr'><strong>dominus</strong></span> <span class='ocrx_word' id='word_1_507' title='bbox 1455 5224 1495 5285; x_wconf 90' lang='lat' dir='ltr'><strong>de</strong></span> <span class='ocrx_word' id='word_1_508' title='bbox 1513 5224 1689 5296; x_wconf 92' lang='lat' dir='ltr'><strong>Borbonio,</strong></span> <span class='ocrx_word' id='word_1_509' title='bbox 1712 5223 1946 5286; x_wconf 89' lang='lat' dir='ltr'><strong>conestabulus</strong></span> <span class='ocrx_word' id='word_1_510' title='bbox 2038 5211 2039 5234; x_wconf 67' lang='lat'><em>³</em></span> 
     </span>
     <span class='ocr_line' id='line_1_51' title="bbox 308 5321 1945 5408; baseline -0.006 -16"><span class='ocrx_word' id='word_1_511' title='bbox 308 5331 432 5408; x_wconf 87' lang='lat' dir='ltr'><strong>scripta</strong></span> <span class='ocrx_word' id='word_1_512' title='bbox 447 5327 825 5402; x_wconf 83' lang='lat' dir='ltr'><strong>mandemusquatenus,</strong></span> <span class='ocrx_word' id='word_1_513' title='bbox 844 5323 872 5384; x_wconf 91' lang='lat' dir='ltr'><strong>si</strong></span> <span class='ocrx_word' id='word_1_514' title='bbox 889 5325 938 5385; x_wconf 89' lang='lat' dir='ltr'><strong>est</strong></span> <span class='ocrx_word' id='word_1_515' title='bbox 963 5323 1019 5395; x_wconf 89' lang='lat' dir='ltr'><strong>ita,</strong></span> <span class='ocrx_word' id='word_1_516' title='bbox 1040 5339 1098 5384; x_wconf 90' lang='lat' dir='ltr'><strong>re·</strong></span> <span class='ocrx_word' id='word_1_517' title='bbox 1153 5323 1330 5395; x_wconf 82' lang='lat' dir='ltr'><strong>Alverniae,</strong></span> <span class='ocrx_word' id='word_1_518' title='bbox 1348 5324 1456 5399; x_wconf 86' lang='lat' dir='ltr'><strong>ipsum</strong></span> <span class='ocrx_word' id='word_1_519' title='bbox 1475 5322 1515 5384; x_wconf 92' lang='lat' dir='ltr'><strong>de</strong></span> <span class='ocrx_word' id='word_1_520' title='bbox 1537 5321 1692 5385; x_wconf 87' lang='lat' dir='ltr'><strong>mandato</strong></span> <span class='ocrx_word' id='word_1_521' title='bbox 1707 5323 1777 5390; x_wconf 90' lang='lat' dir='ltr'><strong>tuo,</strong></span> <span class='ocrx_word' id='word_1_522' title='bbox 1792 5323 1877 5383; x_wconf 88' lang='lat' dir='ltr'><strong>sicut</strong></span> <span class='ocrx_word' id='word_1_523' title='bbox 1891 5321 1945 5382; x_wconf 91' lang='lat' dir='ltr'><strong>di-</strong></span> 
     </span>
     <span class='ocr_line' id='line_1_52' title="bbox 308 5407 1946 5501; baseline -0.007 -10"><span class='ocrx_word' id='word_1_524' title='bbox 308 5428 425 5491; x_wconf 85' lang='lat' dir='ltr'><strong>rocato</strong></span> <span class='ocrx_word' id='word_1_525' title='bbox 439 5427 475 5485; x_wconf 91' lang='lat' dir='ltr'><strong>in</strong></span> <span class='ocrx_word' id='word_1_526' title='bbox 490 5407 795 5501; x_wconf 68' lang='lat' dir='ltr'><strong>irritum&#39;qnidquid</strong></span> <span class='ocrx_word' id='word_1_527' title='bbox 814 5421 886 5499; x_wconf 91' lang='lat' dir='ltr'><strong>post</strong></span> <span class='ocrx_word' id='word_1_528' title='bbox 898 5421 1098 5498; x_wconf 88' lang='lat' dir='ltr'><strong>appellatio·</strong></span> <span class='ocrx_word' id='word_1_529' title='bbox 1155 5421 1251 5493; x_wconf 89' lang='lat' dir='ltr'><strong>citur,</strong></span> <span class='ocrx_word' id='word_1_530' title='bbox 1268 5419 1488 5497; x_wconf 87' lang='lat' dir='ltr'><strong>praepositura</strong></span> <span class='ocrx_word' id='word_1_531' title='bbox 1502 5435 1562 5482; x_wconf 90' lang='lat' dir='ltr'><strong>sua</strong></span> <span class='ocrx_word' id='word_1_532' title='bbox 1577 5421 1687 5480; x_wconf 87' lang='lat' dir='ltr'><strong>minus</strong></span> <span class='ocrx_word' id='word_1_533' title='bbox 1702 5419 1946 5482; x_wconf 87' lang='lat' dir='ltr'><strong>rationabiliter</strong></span> 
     </span>
    </p>
   </div>
   <div class='ocr_carea' id='block_1_15' title="bbox 309 5517 2039 5600">
    <p class='ocr_par' dir='ltr' id='par_1_19' title="bbox 309 5517 2039 5600">
     <span class='ocr_line' id='line_1_53' title="bbox 309 5517 2039 5600; baseline -0.006 -12"><span class='ocrx_word' id='word_1_534' title='bbox 309 5541 385 5588; x_wconf 90' lang='lat' dir='ltr'><strong>nem</strong></span> <span class='ocrx_word' id='word_1_535' title='bbox 397 5521 598 5600; x_wconf 87' lang='lat' dir='ltr'><strong>hujusmodi,</strong></span> <span class='ocrx_word' id='word_1_536' title='bbox 609 5521 641 5583; x_wconf 91' lang='lat' dir='ltr'><strong>et</strong></span> <span class='ocrx_word' id='word_1_537' title='bbox 654 5520 719 5583; x_wconf 91' lang='lat' dir='ltr'><strong>iter</strong></span> <span class='ocrx_word' id='word_1_538' title='bbox 731 5521 931 5597; x_wconf 86' lang='lat' dir='ltr'><strong>arreptuma</strong></span> <span class='ocrx_word' id='word_1_539' title='bbox 940 5519 1100 5597; x_wconf 81' lang='lat' dir='ltr'><strong>jamdicto</strong></span> <span class='ocrx_word' id='word_1_540' title='bbox 1155 5519 1481 5598; x_wconf 68' lang='lat' dir='ltr'><strong>spoliavitrldeoque</strong></span> <span class='ocrx_word' id='word_1_541' title='bbox 1508 5517 1721 5580; x_wconf 88' lang='lat' dir='ltr'><strong>serenitatem</strong></span> <span class='ocrx_word' id='word_1_542' title='bbox 1744 5520 1835 5579; x_wconf 91' lang='lat' dir='ltr'><strong>tuam</strong></span> <span class='ocrx_word' id='word_1_543' title='bbox 1847 5533 1947 5594; x_wconf 85' lang='lat' dir='ltr'><strong>roga·</strong></span> <span class='ocrx_word' id='word_1_544' title='bbox 2038 5585 2039 5592; x_wconf 7' lang='grc' dir='ltr'>χ</span> 
     </span>
    </p>
   </div>
   <div class='ocr_carea' id='block_1_16' title="bbox 346 5685 1775 5780">
    <p class='ocr_par' dir='ltr' id='par_1_20' title="bbox 346 5685 1775 5780">
     <span class='ocr_line' id='line_1_54' title="bbox 346 5685 1775 5780; baseline -0.005 -30"><span class='ocrx_word' id='word_1_545' title='bbox 346 5691 386 5766; x_wconf 85' lang='lat' dir='ltr'><strong>(i)</strong></span> <span class='ocrx_word' id='word_1_546' title='bbox 402 5688 652 5752; x_wconf 64' lang='lat' dir='ltr'><strong>archembaldum.</strong></span> <span class='ocrx_word' id='word_1_547' title='bbox 969 5685 971 5688; x_wconf 80' lang='grc'><strong>’</strong></span> <span class='ocrx_word' id='word_1_548' title='bbox 1031 5778 1033 5780; x_wconf 15' lang='lat'>¹</span> <span class='ocrx_word' id='word_1_549' title='bbox 1191 5685 1231 5762; x_wconf 76' lang='lat' dir='ltr'><strong>(l)</strong></span> <span class='ocrx_word' id='word_1_550' title='bbox 1251 5687 1355 5748; x_wconf 80' lang='lat' dir='ltr'><strong>Mettus</strong></span> <span class='ocrx_word' id='word_1_551' title='bbox 1369 5701 1444 5746; x_wconf 89' lang='lat' dir='ltr'><strong>eam.</strong></span> <span class='ocrx_word' id='word_1_552' title='bbox 1484 5685 1775 5761; x_wconf 75' lang='lat' dir='ltr'><strong>(iltdrcbembaldus.</strong></span> 
     </span>
    </p>
   </div>
   <div class='ocr_carea' id='block_1_17' title="bbox 0 0 2071 6324">
    <p class='ocr_par' dir='ltr' id='par_1_21' title="bbox 0 0 2071 6324">
     <span class='ocr_line' id='line_1_55' title="bbox 0 0 2071 6324; baseline 0 0"><span class='ocrx_word' id='word_1_553' title='bbox 0 0 2071 6324; x_wconf 95' lang='lat' dir='ltr'><strong> </strong></span> 
     </span>
    </p>
   </div>
  </div>
 </body>
</html>
