4002 6326
675 434 903 508 EPISTOLAE.
924 445 1003 508 LIB.
1026 447 1097 510 vn.
1655 437 1715 500 306

92 448 144 512 305

91 597 231 678 assensu,
243 596 482 684 possessiones,
503 597 654 666 homiues
670 605 703 666 et
716 620 770 667 res
785 591 869 667 alias
925 605 959 666 in
972 605 1170 682 gehennam.
1186 607 1292 678 Quum
1306 604 1409 682 igitur
1431 603 1519 666 idem
1540 597 1605 662 sibi
1623 597 1715 660 deci·

91 703 280 768 mouasterio
292 703 404 764 restro
419 717 438 762 a
450 700 554 763 nobili
568 703 641 764 viro
654 704 692 763 D.
713 702 754 763 de
763 701 869 764 Puhel
925 717 994 763 mas
1008 704 1043 764 in
1059 704 1190 779 signum
1203 702 1404 764 universalis
1413 698 1552 762 dominii
1565 697 1715 759 retinue-

91 818 142 880 pro
156 801 259 862 salute
272 799 391 860 animae
407 815 477 860 suae
501 799 556 876 pia
576 799 776 861 liberalitate
794 799 867 861 col·
923 799 977 871 rit,
993 801 1025 862 et
1035 801 1070 860 in
1079 803 1150 876 ejus
1160 800 1308 861 incidere
1316 815 1434 860 manus
1446 799 1489 858 sit
1498 793 1711 864 horrendum,

91 898 175 970 latas,
191 897 276 959 sicut
290 898 447 972 easjuste
468 897 501 958 et
528 895 665 972 pacifice
680 896 866 972 possidetis,
923 896 980 973 qui
993 897 1129 974 Angelis
1152 897 1366 974 peccantibus
1392 911 1458 956 non
1482 892 1639 971 pepercit,
1656 889 1713 951 sed

91 994 291 1057 etiulitteris
306 994 385 1054 inde
411 993 570 1055 contectis
596 993 718 1055 dicitur
736 993 868 1070 plenius
923 993 1117 1056 rudentibus
1145 994 1270 1056 inferni
1296 994 1461 1055 detractos
1489 992 1524 1051 in
1551 990 1713 1051 tartarum
1790 1005 1792 1008 ·

91 1091 251 1164 contineri,
267 1090 407 1152 robiset
422 1106 554 1166 perros
570 1090 677 1151 eidem
697 1090 868 1152 monaste·
921 1089 1058 1152 tradidit
1084 1090 1304 1163 cruciandos,
1344 1091 1473 1152 vestras
1505 1082 1713 1148 venerabiles

90 1187 336 1250 ricauctoritate
361 1187 552 1264 Apostolica
574 1188 819 1260 confirmamus,
836 1187 869 1250 at
923 1203 1093 1250 monemus
1106 1189 1140 1251 et
1162 1189 1378 1250 exhortamur
1399 1188 1435 1248 in
1450 1185 1587 1246 Domino
1607 1179 1715 1242 domi-

89 1285 248 1362 praeseutis
270 1285 385 1361 scripti
407 1284 591 1362 patrocinio
613 1285 866 1346 commuuimus.
922 1285 1086 1358 nationes,
1101 1300 1160 1362 per
1173 1284 1362 1362 Apostolica
1374 1285 1469 1346 robis
1479 1283 1603 1358 scripta
1627 1292 1715 1355 prae-

88 1382 169 1444 Nulli
192 1397 271 1458 ergo
298 1381 433 1443 omuino
461 1381 634 1442 hominum
657 1381 757 1443 liceat
781 1382 867 1443 hauc
922 1382 1074 1458 cipieudc
1098 1383 1309 1455 mandantes,
1327 1382 1488 1459 quatenus
1515 1377 1714 1454 simplicita-

88 1480 231 1556 pagiuam
273 1480 396 1542 nostrae
440 1477 702 1540 confirmationis
742 1478 868 1540 inirin-
922 1479 1026 1542 tatem
1051 1478 1084 1542 et
1123 1479 1330 1542 devotionem
1367 1479 1499 1556 patrum
1527 1477 1714 1538 vestrorum

88 1593 167 1653 gere,
194 1577 256 1638 etc.
288 1575 324 1637 si
346 1575 430 1654 quis,
458 1577 521 1638 etc.
551 1575 669 1638 Datum
686 1575 865 1652 [Laterani
922 1576 1093 1639 humiliter
1108 1577 1278 1650 imitando,
1291 1576 1436 1638 decimas
1446 1576 1577 1637 vestras
1590 1589 1665 1635 cum
1673 1587 1714 1634 ea

87 1675 125 1736 li
157 1673 317 1736 kalendas
356 1674 484 1751 aprilis,
515 1673 726 1750 pontificatus
762 1675 867 1736 nostri
921 1673 1124 1750 integritate,
1141 1691 1206 1753 qua
1234 1675 1268 1736 et
1295 1691 1315 1736 a
1338 1673 1443 1747 vohis,
1469 1677 1540 1735 eta
1564 1665 1740 1749 patribus¹

87 1786 163 1834 anuo
175 1770 326 1849 septimo.
922 1773 1042 1836 vestris
1057 1773 1217 1834 hactenus
1239 1772 1317 1833 sunt
1335 1772 1451 1834 solutae
1465 1769 1628 1842 ecclesiis,
1644 1769 1712 1832 imo

922 1870 986 1948 ipsi
1001 1873 1080 1942 De0‚
1103 1885 1170 1932 nou
1193 1869 1352 1946 tanquam
1366 1884 1409 1930 ex
1428 1867 1570 1946 justitia,
1594 1867 1648 1928 rel
1671 1881 1714 1928 ex

922 1967 1130 2039 necessitate,
1152 1967 1307 2028 hilariter
1321 1965 1528 2044 persolvatis,
1553 1964 1590 2025 ut
1602 1963 1635 2024 et
1648 1965 1715 2024 Do·

921 2067 1043 2138 minus,
1061 2065 1117 2142 qui
1131 2064 1278 2126 datorem
1293 2065 1435 2125 hilarem
1461 2061 1579 2138 diligit,
1600 2061 1716 2122 multi-

922 2163 1022 2241 plicet
1045 2179 1158 2224 semen
1188 2163 1336 2224 restrum
1369 2162 1402 2222 et
1424 2161 1565 2238 iustitiae
1593 2160 1714 2220 vestrae

921 2261 1053 2337 frugum
1070 2259 1190 2336 augeat
1213 2259 1427 2330 incrementa,
1445 2257 1572 2329 scituri,
1587 2254 1715 2332 quodsi

922 2373 1020 2419 secus
1042 2357 1189 2434 egeritis
1213 2356 1299 2433 quod
1322 2371 1389 2416 non
1404 2354 1580 2421 credimus,
1597 2353 1630 2413 id
1646 2366 1714 2412 nou

922 2454 1104 2532 poterimus
1116 2453 1368 2516 conniventibus
1383 2451 1488 2513 oculis
1497 2449 1711 2528 pertransire,

921 2568 964 2614 ue
980 2553 1117 2628 sanguis
1131 2553 1242 2614 vester
1254 2551 1294 2612 da
1303 2551 1426 2612 uostris
1439 2549 1592 2610 manibus
1599 2546 1715 2624 requi·

921 2650 1031 2722 ratum
1048 2649 1190 2711 sitautae
1216 2649 1251 2709 in
1277 2650 1392 2718 Deum,
1414 2646 1530 2723 atejus
1545 2659 1712 2721 sponsam·

921 2747 1115 2819 Ecclesiam,
1139 2745 1407 2823 praesumptionis
1430 2743 1591 2805 offensam
1606 2740 1715 2816 negle-

921 2845 1080 2915 xerimus,
1097 2843 1195 2921 prout
1221 2843 1261 2904 ad
1276 2844 1426 2905 nostrum
1450 2839 1595 2901 cilicium
1608 2837 1714 2914 perti-

116 2945 279 3006 Honorius
292 2946 478 3023 episcopus,
488 2961 787 3008 servusservorum
794 2946 864 3019 Dei,
921 2943 979 3003 net
992 2940 1158 3002 cohibere.
1171 2941 1289 3002 Datum
1305 2938 1472 3010 Laterani,
1490 2939 1532 2999 lv
1549 2935 1713 2996 kalendas

86 3041 240 3104 nobilibus
269 3042 364 3116 viris,
394 3042 580 3114 comitibus,
611 3041 804 3115 baronibus,
831 3044 864 3105 et
921 3039 1049 3116 aprilis,
1063 3037 1275 3115 pontificatus
1291 3037 1497 3098 uostriauuo
1514 3034 1666 3115 septimo.

83 3139 227 3202 universo
244 3140 367 3217 populo
380 3139 415 3200 in
429 3155 532 3216 regno
548 3139 728 3216 Huugariae
742 3141 868 3204 cousti-

84 3234 170 3306 tutis,
193 3237 337 3299 salutem
365 3238 398 3300 et
414 3237 638 3315 apostolicam
662 3235 867 3300 benedictio-⁴

84 3347 160 3394 uem.

374 2095 568 2182 LXXXVI

84 2247 434 2318 Adcomtlcs,barooas
446 2248 691 2308 ctontoersum
702 2249 867 2320 populum

171 2345 208 2411 tn
221 2358 330 2421 reguo
345 2347 542 2420 Hesperie
552 2344 766 2406 constitutos.

350 2473 384 2531 29
396 2473 490 2530 martii
504 2473 582 2531 1223.

242 2596 334 2662 [l'ejem
343 2595 579 2660 God.diplom.,lll,
592 2610 611 2655 r,
621 2595 689 2662 doh]

84 2719 167 2778 Status
181 2728 210 2778 et
220 2721 337 2779 ordines
355 2722 510 2794 Hungarioe
531 2720 567 2778 ad
581 2721 707 2780 decimes
726 2721 865 2792 ecclesiis,

62 2819 65 2830 ¹
113 2811 295 2880 more-solito,
312 2809 497 2883 praestandas,
512 2817 631 2883 paterne
655 2809 829 2868 adhortatur.

115 3433 202 3495 Tacti
217 3449 334 3494 sumus
350 3433 464 3495 dolore
479 3433 589 3495 cordis
603 3433 816 3506 intrinsecus,
834 3435 867 3496 et

82 3526 191 3603 iugiuti
205 3546 348 3592 moerore
355 3530 490 3602 turbati,
500 3531 599 3609 quod,
611 3547 713 3608 quum
723 3548 783 3594 ros
794 3532 865 3593 zelo

83 3623 195 3702 ddeiac
209 3628 399 3690 devotionis
415 3629 558 3700 accensi,
573 3629 665 3692 relut
677 3629 867 3691 adolescen-

82 3722 150 3785 tulae
162 3724 195 3785 in
206 3725 342 3787 odorem
351 3726 596 3802 unguentorum
607 3726 740 3788 Domini
749 3743 866 3788 excur-

83 3821 863 3896 reretishacteuus,deotmasecclesiis,imoDeo,

82 3919 252 3980 secuudum
263 3919 439 3997 quamdam
453 3919 670 3998 approbatam
686 3923 866 3984 consuetu-

82 4011 181 4078 dinem
203 4015 360 4079 hilariter
377 4016 608 4094 persolvendo,
624 4033 713 4079 nunc
732 4017 866 4081 homine

83 4108 183 4188 iniquo
204 4114 492 4191 superseminante
517 4115 657 4188 zizania,
674 4115 707 4178 et
732 4116 865 4178 veritati

1210 3387 1427 3476 LXXXVII

1020 3541 1072 3600 Ad
1085 3539 1255 3602 illustrem
1266 3553 1386 3615 regem
1406 3540 1611 3615 hungariae.

1195 3669 1229 3728 hs
1242 3668 1336 3726 martii
1351 3669 1430 3727 122³.

1086 3793 1179 3858 [Fejcm
1190 3793 1273 3844 Codex
1282 3793 1400 3858 diplom,
1408 3793 1452 3852 Ill,
1460 3807 1478 3853 1,
1489 3791 1557 3857 loo]

920 3907 1065 3968 hudream
1080 3909 1166 3968 etiam
1180 3923 1280 3982 regem
1292 3906 1433 3968 adsolitos
1442 3906 1569 3966 decimas
1581 3921 1638 3966 uon
1650 3905 1715 3965 sub·
1801 3948 1802 3951 ,

1145 3996 1301 4056 trahendas
1313 3996 1487 4056 cohortatur.

960 4115 1127 4177 Honorius
1138 4114 1325 4192 epIscopus,
1336 4130 1453 4176 servus
1461 4114 1712 4187 serrorumDei,

82 4221 141 4270 nou
153 4209 288 4274 obedire
298 4211 428 4273 vestros
444 4212 558 4273 oculos
570 4211 765 4286 fascinante,
775 4212 867 4275 deci·
920 4213 1044 4276 illustri
1059 4213 1132 4290 regi
1144 4213 1337 4289 Hungariae,
1354 4214 1538 4274 salutemet
1551 4212 1714 4290 Apostoli-

82 4319 143 4366 nas
163 4309 293 4370 solvere
308 4309 459 4381 renuitis,
484 4310 571 4372 sicut
589 4311 788 4388 accepimus,
807 4327 863 4373 se·
921 4327 993 4373 cam
1008 4310 1284 4372 benedictionem.

82 4404 211 4466 cundum
249 4407 522 4470 consuetudinem
558 4408 803 4484 supradictam
830 4409 866 4470 ut
960 4408 1152 4470 Deuotionis
1173 4409 1311 4485 puritas,
1340 4409 1373 4470 et
1401 4407 1595 4484 simplicitas
1623 4407 1712 4480 fidei,

83 4503 166 4575 quasi
180 4504 238 4564 ubi
252 4504 368 4580 pascat
387 4519 529 4581 sponsus
544 4505 714 4577 Ecclesiae,
732 4505 788 4566 ubi
801 4522 864 4568 cu·-
921 4505 1038 4584 quibus
1062 4507 1222 4568 hactenus
1249 4504 1510 4582 praedecessores
1539 4505 1586 4566 tui
1614 4519 1712 4580 reges

83 4594 130 4660 bet
143 4600 173 4661 in
185 4601 335 4673 meridie,
352 4601 488 4663 minime
505 4602 688 4675 Intellect0,
704 4604 866 4679 postgre-
920 4604 1112 4678 Huugariae,
1129 4619 1197 4664 non
1210 4603 1327 4670 solum,
1345 4602 1379 4662 iu
1404 4602 1577 4664 charitatis
1598 4602 1713 4663 latitu-

82 4709 146 4768 gem
166 4699 330 4760 sodalium
356 4701 429 4776 ejus
447 4699 638 4776 inciperetis
662 4702 810 4776 evagari,
825 4717 865 4762 ac
920 4701 997 4762 dine
1012 4700 1235 4769 ambularunt,
1250 4700 1381 4761 Domini
1397 4699 1601 4776 exquirendo
1614 4714 1713 4761 man*-

83 4791 107 4850 sl
131 4794 277 4857 Christus
302 4798 399 4858 Jesus
421 4797 498 4857 ante
523 4797 653 4858 vestros
680 4797 795 4858 oculos
821 4797 865 4859 sit
920 4798 1010 4870 data,
1041 4799 1073 4860 et
1095 4798 1129 4858 iu
1158 4798 1207 4858 ebs
1245 4797 1383 4859 dilatato
1412 4797 1511 4859 corde
1535 4799 1710 4872 currendo,

83 4894 285 4970 proscriptus,
303 4893 382 4964 eris
397 4909 456 4955 ros
476 4892 664 4966 fascinavit,
681 4895 866 4956 carissimii
921 4912 1035 4958 verum
1056 4897 1156 4957 etiam
1177 4895 1393 4956 consiliorum
1413 4896 1548 4958 semitas
1565 4897 1642 4958 suut
1658 4896 1714 4957 in-

83 4987 152 5057 Quis
164 4991 210 5052 sic
221 5007 282 5054 vos
297 4989 568 5052 feritaveritatis
577 4992 695 5054 semita
708 4991 865 5053 deviaret
920 4993 1038 5070 gressi,
1062 4993 1262 5054 nonnullos
1287 5009 1330 5054 ex
1351 4993 1400 5054 eis
1426 4993 1468 5054 ad
1493 5008 1712 5070 supernorum

83 5083 113 5144 ut
125 5085 324 5150 subtrahatIs
338 5088 478 5149 Domino
489 5091 567 5164 jura
578 5104 658 5162 sua;
674 5089 864 5166 intelligere
919 5106 987 5152 uon
1015 5090 1143 5152 tantum
1174 5091 1377 5152 consortium
1404 5089 1625 5163 adduxeruut,
1653 5091 1711 5152 sed

82 5183 287 5259 negligentes,
305 5184 390 5261 quod
410 5187 500 5248 terra
527 5187 559 5247 et
577 5186 668 5247 illius
690 5186 862 5262 plenitudo
919 5189 952 5251 et
971 5188 1153 5250 virtutibus
1175 5188 1399 5249 clarificantes
1423 5188 1456 5250 et
1480 5187 1596 5263 signis,
1622 5187 1712 5250 iace

83 5277 120 5338 sit
131 5284 210 5358 ejus,
234 5283 290 5360 qui
315 5282 371 5344 dat
394 5297 507 5344 semen
535 5284 669 5357 serenti,
687 5284 721 5345 et
745 5299 864 5360 panem
919 5287 997 5347 runt
1026 5286 1061 5346 iu
1092 5284 1193 5347 terris
1225 5285 1377 5361 catalogo
1415 5289 1605 5346 sanctorum
1646 5285 1711 5346 ad-

82 5379 259 5448 praestatad
275 5378 559 5454 manducandum
580 5381 638 5457 qui
652 5381 685 5443 et
699 5380 778 5442 iacii
794 5383 864 5442 ira·
920 5383 1031 5454 scribi,
1062 5384 1095 5445 et
1134 5383 1316 5444 christiana
1340 5381 1576 5444 venerabiliter
1603 5383 1712 5445 excoli

82 5470 139 5545 tus,
160 5477 196 5538 ut
218 5477 330 5538 decem
342 5479 462 5553 jugera
475 5477 649 5538 vinearum
664 5479 789 5539 iaciant
807 5479 863 5539 la·
918 5479 1060 5555 pietate;
1084 5495 1224 5557 quorum
1249 5481 1457 5542 devotionem
1472 5481 1504 5542 ei
1530 5481 1628 5542 iidem
1649 5481 1712 5542 sibi

82 5573 248 5642 gunculam
275 5589 395 5650 unam;
423 5574 457 5636 et
482 5576 550 5637 tres
577 5575 705 5636 modios
740 5575 864 5638 iaciant
918 5577 1086 5655 subjectus
1103 5577 1243 5654 populus
1259 5577 1431 5650 imitando,
1447 5576 1710 5640 benedictionem

83 5669 172 5756 modii
185 5672 322 5748 triginta
348 5671 524 5746 semeut1s3
541 5673 597 5749 qui
615 5674 648 5734 et
666 5675 861 5750 potestatem
918 5691 938 5736 a
953 5675 1091 5736 Domino
1107 5675 1147 5736 de
1163 5690 1239 5736 rore
1250 5675 1326 5736 coeli
1345 5675 1378 5737 et
1391 5675 1490 5737 terrae
1510 5675 1711 5752 pinguedine

84 5762 172 5828 habet
185 5771 257 5846 post
270 5769 342 5832 haec
356 5785 476 5847 corpus
502 5769 535 5832 et
553 5771 698 5832 animam
724 5773 864 5848 perdere
919 5771 1069 5835 noscitur
1082 5773 1259 5849 reperisse,
1275 5771 1351 5834 data
1373 5772 1437 5834 sibi
1456 5773 1552 5850 qirasi
1567 5773 1712 5851 undique
