4006 6346
104 403 109 410 '
199 389 260 452 567
815 384 991 447 bonomi
1012 384 1058 446 111
1078 383 1227 446 OPERA.

201 544 299 625 petiit
316 541 404 608 idern
421 544 687 616 archidiaconus,
704 545 737 605 et
751 543 993 606 ordinationem
1048 542 1200 620 gentibus
1213 539 1406 614 omittendo,
1428 545 1495 606 tuae
1516 541 1686 606 reddimus
1701 543 1836 607 celsitu·

201 643 391 722 hujusmodi
406 642 596 720 apostolico
624 641 783 704 roborare
811 641 994 702 munimine
1049 639 1120 700 dini
1131 640 1404 702 commendatum.
1418 643 1505 712 Sane
1514 640 1835 716 firmissimeteneas,

204 742 432 818 dignaremur.
444 741 588 818 Ideoque
601 739 795 801 discretioni
804 739 922 800 vestrae
935 752 995 814 per
1049 739 1082 799 et
1095 738 1286 798 nullatenus
1309 738 1452 810 dubites,
1470 739 1557 817 quod
1569 740 1617 801 sic
1636 755 1697 801 nos
1710 740 1760 802 tui
1775 741 1836 801 ho-

202 838 393 916 ltpostolica
430 838 554 914 scripta
588 836 801 908 mandamuS,
832 836 994 912 quatenus
1049 835 1140 896 noris
1160 836 1193 897 et
1214 836 1429 898 exaltationis
1448 839 1671 912 augmentum,
1693 839 1727 901 et
1747 839 1839 914 regni

201 936 290 1014 quod
305 951 406 1012 super
420 935 483 996 hoc
497 934 634 1013 provide
648 933 771 995 sactum
786 932 836 994 est
848 931 889 994 ab
903 931 995 1008 epis·
1048 932 1098 994 tui
1108 931 1383 1010 tranquillitatem
1396 933 1591 996 affectamus
1611 936 1643 997 et
1659 951 1786 1012 pacem,
1805 936 1839 998 ut

203 1049 286 1110 copo
305 1034 485 1096 memorato
509 1032 641 1094 faciatis
669 1030 908 1093 inviolabiliter
931 1028 994 1090 ob·
1050 1030 1216 1091 neminem
1238 1031 1354 1092 contra
1378 1030 1441 1093 hoo
1467 1033 1662 1109 supportare
1686 1033 1836 1106 velimus,

164 1145 172 1166 ·
203 1131 343 1203 servari,
374 1129 648 1201 contradictores,
674 1129 704 1188 si
726 1128 783 1204 qui
804 1126 929 1189 luerint
943 1124 996 1187 vel
1050 1143 1150 1204 quum
1170 1128 1279 1205 potius
1301 1128 1561 1206 quibuscumque
1583 1130 1699 1192 contra
1720 1133 1764 1202 te,
1785 1131 1840 1192 aut

181 1247 187 1256 “
204 1227 356 1300 rebelles,
372 1242 621 1304 percensuram
637 1225 907 1296 ecclesiasticam,
931 1239 995 1300 ap·
1050 1240 1190 1302 regnum
1203 1228 1296 1289 tuum
1307 1226 1703 1304 machinantibus‚parati
1714 1245 1837 1300 sumus,

204 1323 384 1401 pollatione
397 1325 592 1402 postposita,
614 1322 862 1400 compescendo.
878 1323 996 1384 Datum
1050 1324 1208 1401 tanquam
1220 1323 1261 1385 de
1273 1325 1387 1386 nostro
1402 1325 1540 1400 agerent
1559 1325 1743 1404 dispendio,
1765 1326 1838 1389 elti-

203 1421 371 1494 Latarani‚
389 1423 433 1484 IV
445 1421 520 1483 idus
534 1419 706 1493 februarii,
723 1434 811 1481 anno
827 1418 953 1481 octavo.
1051 1420 1175 1482 caciter
1194 1421 1340 1482 obviare.
1358 1421 1451 1483 Unde
1467 1423 1642 1485 carissimo
1660 1423 1697 1485 in
1712 1425 1839 1487 Christo

1053 1517 1122 1579 tilio
1137 1529 1250 1580 nostro
1263 1519 1350 1581 Betae
1363 1521 1446 1597 regi,
1465 1523 1542 1582 nato
1556 1521 1625 1594 tuo,
1637 1522 1761 1600 scripta
1771 1539 1840 1586 nos·

1052 1615 1237 1692 dirigimus,
1260 1617 1296 1679 ut
1311 1633 1346 1679 se
1361 1619 1420 1681 tibi
1441 1619 1545 1680 fllium
1567 1619 1721 1682 devotum
1746 1621 1841 1682 exhi-

542 1714 661 1802 GLIV
1051 1713 1103 1774 tra
1118 1713 1294 1786 hostetin
1309 1716 1400 1778 nullo
1416 1732 1435 1778 a
1451 1717 1546 1779 filiali
1561 1733 1596 1779 so
1611 1719 1799 1782 reverentia
1812 1719 1842 1781 at

1052 1810 1227 1873 devotione
1247 1813 1419 1886 subducat,
1440 1816 1635 1892 provisurus
1650 1818 1787 1889 attente,
1801 1833 1841 1878 ne

1053 1909 1229 1970 occasione
1255 1925 1327 1982 sua,
1352 1912 1406 1973 vel
1435 1927 1563 1982 eorum,
1585 1914 1642 1991 qui
1668 1930 1743 1975 cum
1769 1915 1841 1992 ipso

489 1997 521 2053 ss
537 1995 632 2053 martii
644 1993 722 2052 ¹²²4·
1053 2007 1236 2079 morantur,
1253 2023 1391 2084 regnum
1406 2011 1764 2088 contingatllungariae
1774 2027 1843 2089 por·

221 2120 397 2185 [atratum.
410 2118 698 2184 vutaptstaatttss.
712 2114 984 2178 harostedurhcilt
1053 2102 1191 2164 turbari.
1219 2104 1400 2166 Scribimus
1425 2107 1525 2169 etiam
1540 2108 1747 2171 morantibus
1769 2125 1842 2170 cum

1053 2200 1179 2272 codem,
1194 2201 1230 2262 ut
1245 2201 1286 2263 ad
1300 2202 1608 2266 devotionemtuam
1622 2205 1773 2282 praedicti
1784 2206 1843 2266 tilii

243 1868 295 1926 Ad
309 1869 505 1940 episcopum
516 1868 687 1940 quondam
695 1862 955 1924 Mttnatansem.

207 2244 241 2302 Ei
253 2242 384 2301 coneedit
397 2250 429 2301 ut
446 2259 512 2300 cum
527 2241 737 2316 pontificalibus
755 2239 889 2314 insigniis
903 2237 999 2296 divina

419 2330 512 2390 offici,
531 2331 786 2403 ,glebfflffipmp'
1053 2297 1102 2359 tui
1128 2298 1275 2360 animum
1303 2301 1531 2376 accendentes,
1559 2302 1644 2363 nihil
1673 2302 1739 2365 sihi
1763 2319 1842 2366 sua-

248 2457 427 2530 Honorius,
440 2457 515 2529 etc,
529 2455 714 2518 venerabili
729 2423 825 2518 fratri
839 2456 893 2516 W.
905 2453 999 2532 epis·
1055 2395 1166 2468 deant'
1198 2396 1348 2474 nihilque
1382 2398 1493 2463 samm
1529 2399 1595 2477 ipsi
1631 2402 1841 2478 Pfaesumaflb

210 2570 293 2632 copo
306 2555 470 2632 quondam
482 2554 682 2616 Mimatensi.

250 2655 356 2724 Quum
366 2653 571 2731 episcopatui
580 2650 770 2713 Mimatensi
785 2649 902 2727 sponte
923 2663 1000 2710 ces-

209 2750 491 2828 saris,episcopali
498 2749 606 2811 ordini
615 2746 1000 2818 cederenonintendens,

208 2846 426 2909 fraternitatis
442 2848 506 2910 tuae
517 2846 671 2924 precibus
690 2845 844 2907 inclinati
858 2859 1003 2921 praesen·

209 2944 293 3007 tium
312 2944 374 3006 tibi
401 2945 600 3007 auctoritate
622 2943 844 3015 concedimus,
866 2941 904 3003 ut
927 2956 1002 3003 cum

209 3041 358 3120 episcopi
379 3042 559 3104 dioecesani
581 3040 716 3108 licentia
731 3056 806 3102 cum
824 3038 1001 3117 pontifica-

209 3138 297 3200 libus
326 3139 433 3216 possis
457 3139 614 3215 insigniis
644 3139 757 3200 divina
781 3135 892 3199 cilicia
914 3136 1004 3196 cele-

209 3236 319 3298 brare.
344 3235 438 3297 Nulli
461 3251 551 3312 ergo,
579 3236 655 3306 etc,
677 3235 800 3296 nostrae
815 3233 1005 3295 concessio-

209 3333 274 3404 nis,
298 3334 359 3395 etc.
386 3332 422 3394 si
441 3333 515 3409 quis
539 3333 660 3403 autem,
678 3333 742 3392 etc.
767 3330 887 3391 Datum
902 3330 1003 3390 Late-

210 3430 297 3503 rani,
314 3432 357 3492 lv
370 3429 444 3490 idus
466 3429 589 3502 martii,
607 3443 695 3490 anno
710 3427 837 3490 octavo.
955 3475 958 3480 .

1055 2592 1106 2652 tas
1122 2591 1341 2669 perturbetur.
1365 2594 1527 2666 Quocirca
1540 2596 1772 2659 excellentiam
1786 2611 1842 2657 re-

1056 2689 1144 2765 giam
1170 2706 1342 2752 monemus
1367 2694 1400 2754 et
1423 2692 1597 2755 hortamur
1610 2695 1745 2768 attente,
1762 2710 1844 2771 qua-

1056 2787 1157 2848 tenus.
1168 2789 1319 2850 eumdem
1333 2789 1448 2850 natum
1463 2791 1567 2864 tuum,
1584 2791 1642 2869 qui
1654 2791 1695 2853 ad
1704 2795 1842 2868 tempus,

1056 2900 1124 2946 non
1145 2887 1258 2948 tamen
1274 2887 1331 2950 tua
1343 2887 1465 2949 dicitur
1479 2889 1620 2950 cessisse
1636 2889 1745 2966 culpa,
1762 2889 1845 2951 sicut

1057 2983 1142 3045 tanti
1167 2983 1256 3059 regis
1280 2984 1373 3046 decet
1392 2985 1508 3058 tilium,
1532 2987 1565 3047 et
1588 2985 1768 3058 haeredem,
1784 2985 1843 3048 be-

1057 3081 1157 3157 nigna
1172 3097 1211 3143 ac
1226 3081 1366 3144 honeste
1380 3081 1513 3144 studeas
1526 3085 1748 3162 pertractem
1760 3099 1841 3156 cum,

1059 3177 1087 3236 si
1113 3193 1209 3240 secus
1237 3176 1349 3252 tieret,
1373 3178 1525 3240 nonnulli
1548 3179 1703 3256 putarent
1727 3179 1843 3257 displi-

1059 3274 1168 3336 cuisse
1184 3273 1253 3346 tibi,
1271 3276 1357 3352 quod
1371 3275 1457 3338 idem
1471 3276 1560 3338 tilius
1573 3279 1650 3339 tuus
1665 3277 1755 3340 circa
1770 3292 1844 3338 uxo

1059 3371 1106 3432 ris
1128 3387 1196 3432 suae
1220 3373 1442 3448 receptionem
1467 3373 1630 3436 mandatis
1650 3374 1844 3452 Apostolicis

1060 3467 1215 3532 obedivit.
1242 3473 1361 3532 Datum
1385 3472 1553 3544 Laterani,
1566 3475 1610 3534 IV
1628 3471 1704 3534 idus
1724 3471 1843 3544 martii,

1060 3567 1269 3646 pontificatus
1280 3569 1386 3631 nostri
1400 3584 1488 3632 anno
1503 3571 1631 3633 octavo.

562 3705 659 3794 civ

310 3862 363 3921 Ad
377 3863 554 3921 Attdrcam
568 3871 687 3933 repam
705 3857 913 3930 Houpariae.
1397 3867 1514 3954 CLVI

488 3988 521 4046 ¹²
538 3985 724 4044 martiltitl.
1095 4017 1627 4080 aanoccesvtrosctattascum
1641 4022 1818 4096 Belcrepc

375 4111 466 4175 [Fejen
476 4110 538 4162 Cod.
552 4108 670 4174 diplom,
684 4109 728 4168 lll,
744 4122 762 4166 r,
779 4107 847 4172 lto]
1324 4117 1589 4178 oontmorantes.

182 4291 185 4296 .
212 4239 275 4308 Quo
290 4235 400 4294 lucillus
411 4233 566 4304 andream,
582 4247 682 4307 regem
705 4233 874 4305 ilungariae,
892 4229 928 4289 ad
942 4227 1005 4288 ont-
1333 4245 1366 4302 13
1383 4246 1478 4303 marm
1492 4246 1570 4305 1224,

248 4327 325 4384 cium
357 4325 446 4400 patris
475 4329 600 4393 revocet,
628 4321 786 4394 benignum
814 4320 854 4376 illi
881 4318 930 4376 dat
951 4333 1007 4376 res
1187 4367 1276 4433 [pelen
1291 4367 1353 4420 dod.
1367 4368 1513 4433 diplomat,
1527 4371 1569 4429 111,
1586 4385 1605 4430 ι’
1616 4385 1643 4436 p.
1659 4369 1726 4436 436¹]

250 4429 381 4490 ⁹⁰¹¹S¹¹m¹
1064 4493 1138 4550 lielte
1156 4495 1236 4567 regis
1258 4493 1286 4550 in
1301 4495 1417 4553 dustria·
1427 4496 1547 4554 comites
1563 4511 1579 4554 a
1595 4494 1771 4556 seminandis
1781 4497 1852 4554 inter

254 4542 421 4603 H⁰¹¹⁰ri¹¹⁵
433 4533 1007 4619 epi⁵⁰⁰pu⁵’servusservofflmmi’
1134 4591 1256 4655 patrem,
1276 4591 1305 4642 et
1321 4584 1410 4642 lilium
1429 4584 1578 4644 discordiis
1593 4586 1770 4645 dehortetur.

215 4638 388 4700 carissimo
421 4639 458 4698 in
490 4636 620 4698 Christo
669 4636 750 4708 tilio,
786 4633 910 4695 illustri
937 4630 1009 4706 regi

215 4735 406 4811 Hungariaa‚
424 4729 1011 4813 salutemetApostolicambenedic-
1104 4719 1282 4792 Honorius,
1313 4719 1388 4793 eta,
1416 4719 1584 4782 nobilibus
1604 4721 1698 4793 Vilis,
1723 4721 1757 4783 Ol
1780 4719 1853 4781 aliis

214 4833 349 4896 tionem.
1066 4823 1224 4887 cumBela
1235 4835 1324 4895 rege,
1333 4819 1410 4881 nato
1419 4819 1627 4879 carissimiin
1639 4818 1769 4879 Christo
1782 4817 1853 4889 tilii,

257 4933 322 4992 Per
345 4927 499 4990 dilectum
529 4927 635 4989 lilium
658 4930 710 5000 D.,
736 4926 1010 4996 archidiaconum
1065 4923 1155 4999 regis
1180 4918 1361 4994 Hungariae
1383 4915 1535 4988 illustris,
1563 4914 1853 4996 commorantibus.

217 5029 258 5091 de
283 5025 415 5099 Sirmio,
443 5025 552 5087 virum
575 5025 748 5100 providum
770 5026 804 5085 et
818 5022 1008 5092 discretum,
1105 5021 1175 5081 Nec
1190 5013 1365 5078 carissimo
1379 5013 1412 5074 in
1424 5013 1556 5076 Christo
1567 5011 1635 5074 tilio
1647 5013 1761 5074 nostro
1770 5011 1855 5072 Belae

216 5126 408 5190 serenitatis
422 5126 488 5186 tuae
504 5121 690 5198 recepimus
715 5121 854 5192 litteras,
871 5134 1011 5196 quarum
1065 5117 1148 5194 regi,
1174 5115 1253 5176 nato
1278 5111 1444 5173 carissimi
1467 5111 1503 5172 in
1524 5110 1655 5171 Christo
1670 5109 1732 5170 dlii
1752 5107 1855 5170 nostri

219 5223 470 5294 continentiam,
492 5222 525 5283 et
539 5218 624 5298 quod
647 5218 734 5279 idem
756 5217 1011 5278 archidiaconus
1067 5213 1205 5276 illustris
1229 5210 1318 5286 regis
1340 5209 1531 5284 Hungariae,
1552 5223 1613 5269 nec
1639 5207 1733 5269 vobis
1758 5207 1856 5270 etiam

219 5321 340 5386 nobilis
355 5337 397 5382 ex
413 5321 506 5397 parte
516 5318 574 5380 tua
587 5315 770 5394 proposuit,
786 5313 1011 5375 intelleximus
1067 5310 1249 5388 expediret,
1259 5308 1287 5368 si
1300 5305 1407 5368 dictus
1420 5306 1498 5367 Bela
1512 5305 1597 5382 patri
1609 5319 1670 5367 suo
1683 5305 1856 5366 indevotus

218 5419 406 5496 diligenter.
428 5415 593 5494 Imprimis
608 5415 722 5490 itaque
737 5411 1011 5474 archidiaconum
1067 5407 1238 5478 existeret,
1277 5406 1311 5466 et
1332 5419 1351 5464 a
1374 5402 1561 5465 reverentia
1577 5403 1610 5463 et
1633 5401 1809 5463 devotione
1824 5415 1858 5461 sa

220 5510 1013 5597 ipsumcircumspectu,etdiligentiacumsuper
1068 5505 1266 5568 subduceret
1300 5499 1406 5562 filiali.
1436 5499 1539 5563 Nobis
1568 5499 1710 5576 deniquo
1741 5499 1858 5560 merito

219 5613 371 5678 omnibus
387 5613 449 5674 ate
462 5610 524 5671 sibi
538 5609 724 5672 commissis
740 5605 893 5675 sollicite,
905 5603 1014 5665 tideli-
1068 5600 1270 5680 displiceret,
1279 5597 1390 5675 siquid
1399 5612 1459 5673 per
1467 5595 1616 5657 eumdem
1623 5595 1795 5657 Belamvel
1801 5609 1859 5671 per

220 5715 271 5776 ter
285 5727 323 5775 ac
338 5709 517 5790 prudenter
534 5707 702 5779 institerit,
724 5703 809 5767 nihil
822 5702 863 5766 de
878 5701 1012 5766 contin·
1067 5717 1127 5762 vos
1151 5698 1255 5770 tieret,
1279 5695 1365 5758 unde
1380 5694 1474 5771 regni
1491 5694 1672 5769 Hungariae
1688 5691 1856 5771 tranquil-

1055 2494 1142 2555 unde
1156 2495 1283 2556 moveri
1298 2495 1428 2568 debeas,
1447 2497 1479 2559 et
1492 2497 1588 2574 regni
1598 2498 1648 2560 tui
1662 2499 1845 2576 tranquilli·
1972 2538 1974 2580 ,
