4006 6346
99 361 161 424 cll
706 355 935 418 EPISTOLAE.
958 355 1036 416 LIB.
1061 355 1146 416 VIII.
1688 349 1750 408 642

101 516 244 578 reddent
272 516 307 577 et
337 515 461 592 gratia,
497 517 704 592 Heremoque
738 514 897 592 praedicto
950 511 1151 584 inhibemus,
1164 510 1333 572 decontra
1345 524 1404 571 ros
1417 523 1438 570 a
1451 507 1600 584 regulari
1615 521 1748 570 correc-

101 613 271 675 universis
298 611 581 675 contribuentibus
610 612 812 684 consuletur,
835 626 898 674 nec
950 611 1041 672 tione
1052 608 1201 686 praedicti
1216 607 1352 669 abbates
1365 607 1398 667 et
1409 606 1537 683 priores
1550 605 1750 682 appellatio·

100 711 151 772 eis
191 711 257 772 erit
293 708 476 772 subsidium
511 709 700 787 hujusmodi
740 709 898 786 partitum
952 708 1005 769 nis
1029 706 1235 768 obstaculum
1258 707 1384 766 temere
1404 703 1629 780 interponant.
1656 703 1749 765 Nulli

99 823 164 884 per
186 806 337 882 singulos
355 806 397 868 sd
416 822 608 882 gravamen.
629 806 722 879 Quod
746 808 775 868 si
796 805 897 868 iidem
952 819 1043 880 ergo,
1065 805 1140 874 etc,
1163 803 1285 864 nostrae
1304 800 1527 871 inhibitionis,
1548 801 1610 862 etc.
1629 802 1749 862 Datum

98 904 197 966 vobis
219 919 286 965 non
310 903 538 982 acquieverint
557 905 593 965 in
616 904 680 965 bac
696 906 801 980 parte,
823 919 898 965 cum
953 901 1121 971 Laterani,
1151 899 1260 961 idibus
1286 899 1377 972 maii,
1404 898 1615 975 pontificatus
1643 896 1750 960 nostri

99 1001 263 1072 membra,
278 1016 350 1078 quae
365 1001 484 1077 capitis
498 1002 646 1064 dolorem
659 1017 725 1064 non
738 1000 896 1072 sentiunt,
953 1014 1042 1060 anno
1056 999 1185 1060 octavo.

100 1097 237 1174 stupida
261 1099 329 1160 sint
352 1098 517 1160 censenda
532 1099 585 1159 rel
606 1114 627 1159 a
650 1112 788 1176 corpore
803 1113 900 1174 pere-

99 1195 213 1272 grina,
239 1195 316 1256 dum
340 1195 481 1258 nonest
505 1195 699 1267 membrum,
722 1195 809 1273 quod
832 1211 899 1256 non

100 1292 225 1354 debeat
251 1292 394 1370 compati
426 1292 539 1370 capiti,
564 1297 702 1370 ejusque
725 1292 813 1354 aiiici
838 1308 901 1353 an·-

99 1390 237 1466 gustiis,
249 1393 282 1452 et
291 1389 503 1467 passionibus
514 1391 691 1452 condolere
704 1392 818 1454 contra
829 1405 897 1462 eos,
1347 1445 1363 1458 ,,

100 1488 160 1565 qui
182 1487 337 1564 poterant
354 1487 465 1550 lacere
479 1488 520 1549 de
532 1487 730 1551 necesstiate
744 1489 900 1550 virtutem
1249 1447 1282 1504 ¹⁷
1297 1460 1365 1504 ΜΗ
1385 1445 1465 1504 ¹²²4·

99 1584 136 1646 et
150 1585 305 1646 meritum
320 1584 384 1646 sibi
396 1601 439 1647 ex
455 1585 565 1647 debito
579 1600 785 1662 comparare,
806 1584 899 1646 aliud
1076 1567 1642 1634 [sordebusscelesteVenete.vl11,sao.]

100 1697 206 1759 super
215 1682 278 1744 boc
288 1683 464 1760 disponere
476 1683 722 1760 compellemur.
739 1685 901 1756 Quocirca
956 1677 1160 1736 nonasterium
1175 1677 1203 1734 S·
1222 1675 1350 1748 Georgii,
1365 1675 1440 1748 duod
1457 1681 1501 1732 θεῖ
1512 1673 1686 1747 situmjuxta
1699 1676 1751 1732 Vc·

101 1779 299 1842 discretioni
324 1782 444 1842 vestrae
474 1796 534 1858 per
560 1781 750 1858 Apostolica
778 1781 901 1858 scripta
991 1762 1242 1911 gestiitstutssdum
1260 1763 1485 1836 suscipiamque
1501 1761 1563 1834 eius
1584 1763 1658 1821 b⁰sst
1684 1778 1750 1822 0ῡῦ-

1012 1867 1074 1910 tina
1089 1895 1095 1908 .

1268 1164 1440 1251 CCXXII

1042 1319 1094 1379 Ad
1104 1317 1359 1378 monasterium
1370 1315 1490 1377 Sancti
1506 1316 1655 1392 Georgii.

99 1876 312 1949 mandamus,
333 1876 497 1955 quatenus
521 1878 677 1954 praelatos
698 1880 733 1941 et
753 1878 902 1940 subditos

101 1973 302 2050 saepedictos
317 1973 359 2035 ad
376 1974 408 2034 id
425 1975 588 2037 moneatis
606 1976 765 2037 attentius
782 1975 816 2037 et
829 1975 904 2036 eiii-
996 1969 1164 2032 Honorius
1199 1969 1386 2046 episcopus,
1424 1983 1541 2030 servus
1578 1983 1750 2031 servorum

101 2070 231 2132 caciter
250 2069 428 2132 Inducatis.
453 2072 545 2144 Quod
570 2072 599 2132 si
620 2087 687 2134 non
709 2087 825 2134 omnes
848 2072 902 2132 his
958 2067 1028 2140 Dei,
1045 2066 1175 2129 dilectis
1197 2066 1276 2126 tiliis
1296 2065 1401 2128 Paulo
1421 2065 1533 2128 abbati
1556 2067 1752 2127 monasterti

99 2167 326 2244 exsequendis
348 2169 522 2244 potueritis
543 2169 717 2242 interesse,
740 2169 805 2231 duo
826 2185 904 2231 ves-
959 2165 1073 2227 Sancti
1085 2164 1230 2241 Georgii,
1247 2164 1333 2240 quod
1349 2165 1400 2225 est
1415 2164 1514 2225 situm
1530 2164 1628 2241 Juxta
1643 2166 1753 2226 Vene-

6 2282 9 2283 ’
100 2266 193 2326 trum
215 2279 256 2326 ea
274 2265 491 2327 nibilominus
519 2266 755 2344 exsequantur.
783 2268 903 2329 Datum
958 2263 1039 2336 titas,
1067 2265 1207 2340 ejusque
1234 2260 1395 2323 iratribus
1429 2261 1497 2321 tam
1532 2260 1753 2337 praesentibus

99 2361 277 2434 Laterani,
302 2362 411 2424 idibus
438 2363 536 2435 maii,
559 2364 770 2440 pontificatus
793 2364 903 2426 nostri
959 2376 1057 2438 quam
1068 2359 1202 2432 tuturis,
1218 2359 1408 2435 regularem
1421 2358 1526 2419 vitam
1540 2357 1753 2437 protessisin

1 2445 9 2466 ²
103 2473 196 2519 anno
212 2460 340 2520 octavo.

348 2601 355 2622 '
434 2648 584 2734 ccxxi

1 2777 5 2868 [
103 2790 158 2849 Ad
170 2789 328 2863 priorem
344 2788 377 2849 et
392 2791 600 2851 conventum
617 2792 903 2852 Caenotduteosec

405 2908 423 2965 t
437 2909 507 2967 maii
521 2910 599 2968 1223.

959 2458 1165 2534 perpetuum.

999 2553 1069 2615 Plae
1093 2551 1273 2629 postulatio
1298 2551 1480 2614 voluntatis
1509 2550 1630 2612 effectu
1658 2551 1755 2613 debet
1860 2555 1862 2559 ’

960 2652 1180 2728 prosequente
1191 2649 1362 2727 compleri,
1378 2651 1540 2726 quatenus
1555 2649 1588 2709 et
1600 2649 1754 2710 devotio·

960 2749 1012 2810 nis
1027 2748 1202 2810 sinceritas
1223 2747 1436 2808 laudabiliter
1451 2745 1622 2814 enitescat,
1637 2745 1670 2807 et
1689 2746 1756 2807 uti-

960 2845 1037 2912 litas
1054 2843 1219 2920 postulata
1237 2843 1326 2905 vires
1350 2842 1578 2904 indubitanter
1594 2843 1753 2902 assumat.

961 2942 1154 3018 ilapropter,
1182 2939 1294 3001 dilecti
1318 2939 1353 2999 in
1378 2939 1517 3000 Domino
1541 2938 1613 3010 dlii,
1633 2938 1755 2999 vestris

79 3029 84 3036 ’
187 3021 670 3086 [uicta0111‚lnnal.tnmalcu1.‚1v,
687 3038 746 3089 ιΨΡ·
761 3023 828 3088 ²⁶2]
848 3005 852 3012 ⁸
956 3039 1057 3126 justis
1075 3035 1353 3114 postulationibus
1369 3037 1550 3098 clementer
1564 3035 1753 3106 annuimus,

6 3171 9 3182 ·
103 3137 221 3196 inhibet
239 3153 276 3196 ne
294 3147 393 3196 contra
411 3153 463 3196 eos
483 3154 499 3197 a
519 3139 645 3214 regulari
663 3141 839 3198 correctione
854 3139 904 3196 ab·

142 3225 228 3284 betes
241 3227 286 3284 vel
298 3227 408 3300 priores
422 3227 516 3284 ordini
530 3243 629 3285 eorum
644 3227 763 3300 subjecti
779 3228 903 3302 appella·

143 3315 232 3372 tionis
246 3315 423 3373 obstaculum
438 3324 546 3374 temere
561 3316 752 3389 interponant.

147 3432 318 3492 Honorius
330 3431 516 3510 episcopus,
525 3447 641 3496 servus
652 3449 824 3496 serrorum
835 3432 905 3506 Dei,

103 3525 239 3589 dilectis
262 3527 378 3588 tiliis...
400 3529 504 3605 priori
529 3532 563 3592 et
580 3531 757 3592 couventui
775 3531 909 3592 Camal-

2 3642 24 3681 ῑ·«
104 3623 344 3696 dul.‚salutem
354 3627 618 3702 etApostolicem
630 3627 904 3690 benedictionem.

0 3729 35 3778 2
148 3723 316 3798 Experto
338 3725 449 3784 vestra
476 3723 539 3785 luit
564 3725 770 3800 propositum
795 3739 907 3788 coram

12 3830 26 3868 ἰ
105 3817 218 3888 nobis,
239 3819 324 3896 quod
349 3818 542 3897 frequenter
565 3819 696 3892 accidit,
723 3820 908 3897 quodcum

0 3933 21 3976 t
35 3935 38 3940 ¹
104 3915 241 3990 aliquos
266 3915 368 3978 vultis
394 3915 531 3978 abbates
558 3933 617 3978 seu
643 3917 772 3993 priores
798 3916 908 3978 ordini

5 4025 32 4078 γι*
104 4011 221 4072 vestro
243 4011 408 4089 subjectos
429 4027 584 4074 amovere
599 4029 618 4074 a
632 4014 908 4075 monasteriorum

12 4123 40 4173 a·
105 4107 283 4184 regimine,
301 4108 354 4168 vel
376 4109 416 4171 de
437 4111 507 4170 suis
522 4110 714 4172 excessibus
730 4111 907 4186 castigare,

11 4213 36 4280 pg-
106 4199 197 4259 sicut
231 4198 379 4275 ejusdem
413 4201 553 4277 exigunt
582 4203 710 4264 ordinis
743 4203 906 4276 instituta,

4 4327 31 4377 ᾖς
106 4295 224 4368 iidem,
241 4296 278 4356 ut
292 4297 487 4358 canonicam
504 4299 744 4362 correctionem
759 4301 906 4373 eludant,

22 4433 38 4464 ,.
107 4393 144 4453 in
169 4407 285 4454 vocem
307 4393 541 4470 appellationis
565 4395 694 4458 irivolae
720 4413 799 4458 mox
825 4413 907 4476 pro-

106 4489 279 4565 rumpunt,
294 4490 470 4552 occasione
492 4491 684 4568 hujusmodi
698 4508 757 4554 vos
779 4496 812 4556 et
832 4509 908 4556 mo-

19 4623 28 4664 ,
107 4585 260 4646 casteria
296 4586 418 4660 vestra,
452 4602 525 4665 quae
561 4603 580 4649 a
613 4588 707 4650 vobis
740 4589 907 4664 tenentur,

6 4711 46 4764 Ἃ
108 4681 225 4743 multis
257 4683 414 4760 expensis
449 4686 482 4746 et
515 4684 685 4747 laboribus
717 4685 906 4764 fatigantes.

110 4781 222 4850 Quare
236 4777 408 4841 humiliter
423 4779 646 4857 supplicastis,
661 4784 697 4844 ut
710 4800 785 4844 cum
804 4783 855 4845 illi
867 4785 908 4846 ad

4 4859 10 4872 .
33 4912 46 4954 ,2
108 4874 340 4936 defensionem
360 4877 547 4955 iniquitatis
567 4881 738 4956 usurpent,
759 4881 844 4958 quod
867 4881 909 4942 ad

24 4995 42 5056 ,ᾗ
110 4971 305 5049 praesidium
315 4973 541 5036 innocentium
555 4975 763 5051 dignoscitur
774 4977 910 5040 iustitu-

1 5067 11 5167 'l
35 5103 40 5150 ;
109 5071 193 5140 tum,
208 5069 257 5130 sis
272 5069 462 5146 appellandi
482 5071 595 5133 taliter
618 5073 743 5136 aditum
763 5075 908 5150 praeclu-

47 5196 53 5208 ι
109 5166 191 5226 dere
224 5165 449 5242 dignaremur.
491 5169 577 5241 Quia
611 5185 691 5246 ergo
729 5171 815 5233 sicut
849 5187 910 5233 nec

5 5327 15 5362 Γ
25 5247 29 5270 ’
110 5259 244 5338 praelati
257 5261 371 5322 valent
382 5261 455 5324 sine
468 5278 569 5324 causa
580 5279 721 5340 gravare
732 5265 908 5345 subjectos

4 5363 12 5438 j
33 5411 43 5430 .
110 5359 160 5418 sic
173 5373 235 5418 nec
248 5357 372 5419 subditi
387 5373 447 5434 pro
460 5359 531 5422 sola
541 5361 710 5424 voluntate
723 5363 783 5424 sub
796 5364 911 5441 appel-

111 5453 249 5516 lationis
271 5453 406 5516 obtentu
431 5458 670 5542 correctionem
685 5465 824 5535 possunt
838 5462 912 5522 elu-

1 5537 59 5648 ⁸),st
111 5551 193 5612 dere
217 5551 447 5628 praelatorum,
471 5555 590 5616 vestris
612 5557 910 5632 supplicationibus

6 5635 60 5760 ‚bie
112 5647 277 5720 inclinati,
289 5649 486 5713 auctoritate
498 5652 711 5729 praesentium
727 5653 910 5717 districtius

240 5792 355 5836 rimor..
374 5792 447 5836 rona
462 5781 510 5838 tv.

961 3137 994 3198 et
1017 3134 1189 3213 praefatum
1215 3133 1454 3196 monasterium
1480 3135 1513 3194 S.
1543 3133 1689 3209 Georgii,
1719 3134 1755 3194 in

961 3249 1026 3310 quo
1052 3232 1165 3294 divino
1193 3231 1273 3293 estIs
1295 3231 1454 3308 obsequio
1479 3231 1677 3306 mancipati,
1713 3230 1756 3292 ad

961 3329 1134 3406 exemplar
1143 3328 1251 3390 lelicis
1261 3327 1503 3390 recordationis
1517 3327 1637 3390 calixti
1648 3343 1754 3406 papas,

962 3426 1217 3504 praedecessoris
1247 3425 1370 3496 nostri,
1399 3423 1460 3485 sub
1484 3424 1573 3486 beati
1600 3426 1692 3486 Petri
1724 3427 1758 3487 et

963 3525 1076 3586 nostra
1090 3523 1294 3601 protectione
1311 3521 1512 3598 suscipimus
1531 3524 1563 3584 et
1580 3522 1756 3597 praesentis

963 3621 1078 3698 scripti
1102 3620 1299 3698 patrocimio
1321 3619 1573 3690 commuuimus,
1589 3619 1756 3694 inprimis

963 3717 1126 3796 siquidem
1150 3718 1346 3789 statuentes,
1368 3720 1404 3778 ut
1430 3715 1510 3777 ordo
1539 3715 1754 3790 monasticus,

963 3816 1020 3893 qui
1040 3815 1221 3876 secundum
1243 3817 1346 3876 Deum
1366 3814 1400 3874 et
1413 3813 1502 3875 beati
1520 3812 1691 3876 Benedicti
1706 3829 1758 3876 re·

963 3913 1074 3990 gulam
1089 3913 1123 3972 in
1139 3911 1255 3974 eodem
1270 3910 1472 3972 monasterio
1495 3911 1667 3973 institutus
1683 3925 1758 3972 esse

963 4009 1179 4086 dignoscitur,
1209 4008 1377 4086 perpetuis
1399 4007 1520 4069 ibidem
1551 4007 1757 4084 temporibus

963 4105 1201 4168 inviolabiliter
1227 4105 1433 4168 observetur.
1461 4106 1629 4167 Praeterea
1651 4119 1756 4182 quas-

964 4219 1103 4282 cumque
1135 4203 1386 4278 possessiones,
1421 4218 1637 4281 quaecumque
1670 4202 1758 4265 bona

963 4301 1051 4362 idem
1061 4301 1299 4362 monasterium
1314 4300 1350 4360 in
1363 4300 1616 4375 praesentiarum
1625 4301 1715 4376 iusta
1725 4301 1758 4362 et

964 4397 1124 4459 canonice
1143 4396 1300 4473 possidet,
1318 4397 1377 4458 aut
1400 4397 1435 4457 iu
1455 4397 1601 4458 suturam
1625 4411 1758 4457 conces-

964 4494 1058 4556 sione
1095 4494 1304 4566 Pontificum,
1345 4492 1524 4568 largitione
1561 4508 1676 4568 regum
1703 4493 1756 4554 vel

964 4589 1162 4669 principum,
1174 4590 1341 4651 oblatione
1355 4589 1512 4662 fidelium,
1528 4605 1588 4651 seu
1600 4589 1677 4650 aliis
1687 4591 1758 4667 jus·

964 4689 1007 4750 tis
1033 4687 1150 4760 modis,
1176 4686 1357 4764 praestante
1377 4687 1529 4758 Domino,
1544 4687 1666 4764 poterit
1684 4687 1758 4749 adi-

965 4785 1058 4862 pisci,
1076 4785 1171 4845 firma
1184 4783 1279 4845 vobis
1297 4784 1484 4860 vestrisque
1508 4784 1757 4846 successoribus

965 4883 998 4943 et
1009 4880 1138 4942 illibata
1153 4882 1390 4957 permaneant;
1408 4881 1442 4941 in
1457 4881 1576 4958 quibus
1590 4882 1661 4944 baec
1675 4897 1758 4959 pro-

965 4978 1048 5055 priis
1070 4978 1225 5038 duximus
1245 4978 1463 5054 exprimenda
1482 4978 1674 5040 vocabulis:
1693 4980 1759 5040 Lo-

965 5090 1040 5136 cum
1064 5075 1184 5152 ipsum‚
1201 5075 1313 5152 inquo
1330 5075 1504 5152 praeiatum
1521 5075 1758 5137 monasterium

965 5173 1065 5234 situm
1080 5172 1142 5246 est,
1159 5187 1234 5234 cum
1248 5173 1458 5250 pertinentiis
1473 5173 1553 5244 suis,
1573 5173 1760 5251 possessio-

966 5286 1036 5342 nes,
1048 5271 1169 5342 terras,
1186 5270 1300 5332 domos
1315 5272 1348 5333 et
1360 5271 1520 5343 redditus,
1533 5285 1615 5348 quos
1628 5269 1759 5333 habetis

965 5367 1309 5440 invenetiis,vinoam
1324 5369 1488 5430 muratam
1502 5383 1576 5430 cum
1587 5368 1760 5444 pertinen-

964 5465 1021 5527 tiis
1050 5466 1131 5536 suis,
1164 5464 1449 5541 possessionibus3
1480 5467 1600 5534 terras,
1627 5466 1757 5538 vineas,

966 5562 1104 5635 salinas,
1117 5561 1242 5634 domos,
1259 5562 1293 5624 et
1304 5561 1464 5634 redditus,
1481 5577 1563 5639 quos
1580 5562 1709 5626 bebetis
1724 5565 1759 5624 in

965 5659 1060 5720 Cluia
1081 5660 1201 5737 majori
1222 5659 1274 5734 rel
1295 5659 1416 5732 minori
1442 5660 1647 5736 Palestrina3
1666 5661 1764 5739 quic·-

1558 5793 1590 5852 st
