4006 6346
73 409 122 474 553

72 569 256 648 praesentium
278 567 341 632 tibi
368 569 564 632 auctoritate
587 569 833 645 committimus,

71 671 108 740 ut,
120 683 210 745 quum
222 666 260 730 ad
275 666 349 728 loca
372 667 504 728 veneris
524 667 710 742 Interdicta,
736 670 836 732 liceat

70 765 118 826 tibi
140 766 171 824 13
192 779 302 825 eorum
326 763 466 840 singulis
482 781 582 828 unam
597 767 700 828 semel
721 767 833 829 eccle-

70 863 138 922 siam
163 862 302 938 aperire,
328 863 360 924 et
386 862 520 934 ibidem,
538 864 833 926 excommunicatis

70 960 95 1020 et
105 958 280 1020 nominatIm
293 959 478 1020 interdictis
493 961 649 1033 exclusis,
662 962 833 1023 celebrare

68 1055 171 1128 divina,
181 1055 270 1117 utsic
282 1055 452 1118 efficacius
468 1059 576 1134 possis
586 1058 633 1120 ibi
647 1073 832 1136 proponere

67 1152 181 1213 verbum
209 1153 327 1224 crucis,
355 1153 572 1215 nihilominus
599 1157 829 1229 concedentes,

66 1253 204 1310 uteorum
218 1250 304 1324 vota,
333 1251 391 1327 qui
418 1252 579 1314 voverunt
604 1252 694 1315 beati
715 1254 830 1316 Jacobi

65 1347 247 1408 velaliorum
269 1349 460 1409 sanctorum
481 1349 597 1411 limina
621 1351 768 1423 visitare,
795 1353 830 1412 in

64 1444 268 1506 transmarinae
296 1446 575 1522 peregrinationis
598 1449 707 1524 possis
736 1465 830 1510 com-

64 1542 170 1602 mutare
193 1541 349 1614 laborem,
367 1543 400 1604 et
421 1542 486 1614 hle,
513 1545 570 1620 qui
594 1536 831 1610 commiserunt

64 1638 203 1711 incendia,
213 1640 335 1718 quique
347 1656 406 1716 pro
422 1641 570 1702 violenta
591 1658 751 1706 manuum
770 1644 829 1705 ln-

60 1735 180 1809 jectione
198 1736 231 1796 in
251 1753 414 1799 canonem
428 1738 627 1812 inciderunt,
652 1740 828 1805 dummodo

62 1846 114 1892 333
126 1833 164 1894 311
176 1835 319 1896 enormis
333 1852 502 1908 excessus,
519 1838 633 1899 valeas
639 1840 736 1915 juxta
755 1839 827 1902 for-

62 1933 291 1994 namEcclesiae
310 1933 507 1996 beneficium
529 1935 749 1998 absolutionis
765 1938 828 1998 im-

61 2029 181 2101 pendere
195 2030 268 2093 vice
285 2031 410 2100 nostra,
430 2032 594 2109 siquidem
609 2034 716 2110 passis
738 2035 829 2112 1313-

62 2123 129 2185 riam
150 2127 369 2190 satisfecerint
396 2130 632 2206 competenter,
654 2133 689 2192 et
711 2132 827 2195 devote

62 2226 387 2302 susceperintsignum
396 2227 506 2288 crucIs
518 2243 576 2304 pro
588 2227 735 2290 subsidio
745 2232 829 2291 Ter-

61 2323 244 2384 rasanctae..
258 2323 476 2385 concedimus
500 2325 612 2397 etiam,
639 2327 675 2387 ut
697 2326 826 2404 aliquos

61 2415 131 2479 vlros
144 2419 296 2484 honestos
308 2423 342 2484 et
356 2421 397 2483 ad
422 2421 484 2484 boc
499 2423 635 2484 idoneos
650 2424 684 2484 in
700 2426 826 2501 partem

61 2517 217 2580 commissae
238 2518 301 2582 tibi
325 2519 560 2581 sollicitudinis
581 2520 695 2582 valeas
719 2523 825 2585 advo-

60 2625 237 2691 care,quum
251 2615 380 2678 videris
394 2617 569 2694 expedire;
592 2618 659 2695 qui,
690 2619 767 2680 dum
791 2621 826 2682 13

60 2705 486 2791 hujusmodipraedicationis
497 2713 606 2778 officio
617 2715 825 2790 laborabunt,

59 2803 270 2874 beneficiorum
279 2827 414 2873 sucrum
424 2813 573 2874 redditus
584 2829 651 2874 non
662 2815 824 2887 amittant,

60 2904 103 2964 sed
115 2907 234 2985 integre
252 2910 331 2971 illos
353 2911 550 2987 percipiant,
579 2927 620 2972 ac
647 2912 676 2971 si
701 2911 737 2972 in
757 2913 826 2973 suis

60 2999 184 3065 ecclesiis
209 3005 408 3077 residerent,
434 3005 568 3082 proviso
595 3008 707 3068 tamen
730 3022 772 3067 ne
792 3007 826 3067 in

59 3110 172 3162 numero
184 3102 458 3165 affirmandorum
473 3103 628 3175 excedas,
640 3119 724 3166 neve
739 3103 828 3164 afdr-

59 3197 155 3258 mesde
166 3216 230 3262 una
245 3200 390 3263 ecclesia
404 3199 478 3277 plus
491 3216 590 3277 quam
612 3217 725 3261 arnum.
747 3201 826 3263 Illos

60 3298 239 3373 quoque,qui
254 3312 389 3359 crucem
402 3298 655 3375 assumpserint,
664 3296 725 3357 sub
738 3295 826 3359 beati

58 3385 129 3448 Petri
141 3393 171 3453 et
184 3394 299 3456 nostra
314 3394 517 3471 protectione
530 3394 731 3471 suscipimus
751 3410 826 3456 cum

58 3486 184 3550 omnibus
191 3490 290 3553 bonis
299 3491 379 3564 suis,
390 3493 586 3565 statuentes,
594 3492 640 3564 ut,
653 3492 825 3570 postquam

57 3578 157 3649 fuerint
165 3588 227 3650 iter
238 3589 519 3667 peregrinationis
530 3590 690 3666 aggressi,
704 3606 744 3651 ea
754 3606 827 3651 om-

56 3678 160 3745 niasub
173 3687 313 3764 speciali
325 3688 476 3749 ecclesiae
491 3687 682 3752 defensione
696 3689 826 3748 consis-

56 3773 119 3850 tant,
131 3782 229 3848 donec
244 3785 407 3848 deradito
421 3785 569 3863 ipsorum
581 3785 634 3846 vel
652 3784 744 3848 obitu
758 3800 826 3847 cer-

55 3869 158 3940 tissime
180 3883 412 3960 cognoscatur.
438 3883 576 3944 ClericIs
604 3882 825 3945 nihilominus

55 3977 250 4053 concedendo,
274 3982 313 4044 ut
335 3981 470 4057 propter
484 3980 547 4042 hoc
572 3980 700 4057 possint
723 3979 826 4042 bene-

54 4064 180 4138 ficiorum
194 4093 334 4140 suorum
348 4077 528 4155 proventus
543 4094 647 4154 usquo
662 4077 703 4152 ad
719 4078 826 4141 trien·

54 4166 127 4232 111333
140 4173 272 4250 pIgnori·
283 4175 432 4252 obligare
446 4175 499 4238 vel
512 4175 697 4252 percipere,
709 4191 826 4254 quarn-

53 4261 98 4326 113
115 4269 262 4335 absentes
291 4272 415 4335 fuerint
442 4272 505 4333 hac
534 4271 577 4332 de
605 4288 719 4344 causa,
743 4272 822 4344 illis,

54 4363 623 4448 33113333333133331331133333131
646 4370 699 4431 vel
725 4370 824 4432 colli-

53 4463 154 4530 gendos
164 4466 402 4539 commiserint,
420 4467 492 4528 sine
507 4465 727 4528 diminutione
742 4483 826 4544 qua·

53 4551 116 4621 libat
127 4564 340 4637 exhibendos,
355 4565 401 4626 ita
414 4565 525 4626 tamen
540 4563 626 4641 quod
642 4564 824 4641 parocbia-

52 4649 122 4716 libus
156 4663 308 4724 ecclesiis
349 4677 408 4738 per
437 4662 613 4722 honestum
662 4662 825 4723 vicariurn

52 4747 159 4816 iterum.
181 4759 361 4830 serviatur,
399 4774 460 4821 nec
491 4757 612 4835 aliquis
645 4758 825 4835 procedere

52 4856 208 4919 prasumat
220 4857 261 4918 ad
287 4855 522 4931 obligationem
537 4855 738 4931 hujusmodi,
760 4857 825 4916 nisi

53 4957 134 5018 quum
148 4951 209 5013 iter
223 4953 365 5030 arripiet
378 4951 626 5024 transfretandi,
642 4953 755 5030 totque
769 4968 826 5013 33-

52 5040 93 5104 uis
104 5049 234 5122 quilibet
248 5052 285 5112 13
295 5051 400 5128 ipsius
415 5051 514 5112 terrae
523 5048 671 5111 subsidio
680 5065 827 5112 commo·

52 5143 139 5216 retur,
165 5163 223 5222 per
256 5149 336 5226 quot
360 5164 437 5210 suos
469 5147 616 5209 redditus
645 5146 823 5223 obligavit;

52 5241 120 5310 11131
134 5243 162 5304 31
175 5243 292 5307 forsan
307 5246 384 5309 ante
396 5245 545 5317 redierit,
563 5245 729 5308 serviatur
744 5245 825 5305 dili-

52 5340 324 5416 genterecclesiae,
334 5345 428 5420 cujus
439 5342 587 5406 redditus
601 5341 738 5420 obligati
751 5343 827 5404 fue

50 5431 114 5506 rint,
131 5438 169 5500 ab
186 5441 316 5513 eodem,
334 5442 370 5503 ut
389 5441 437 5502 sic
452 5439 678 5516 quorumdam.
689 5439 826 5503 malitiae

52 5526 190 5608 obvietur,
211 5537 281 5614 qui,
299 5537 534 5599 beneficiorum
554 5552 689 5597 suorum
706 5535 826 5598 fructi-

50 5623 98 5687 bus
111 5631 274 5710 obligatis,
296 5635 403 5696 solent
417 5635 563 5696 salutare
584 5635 700 5694 limina
718 5637 826 5695 Terrae

50 5724 173 5799 Sanctae,
186 5747 226 5794 ac
251 5733 409 5796 continuo
426 5731 604 5795 redeuntes
627 5732 695 5795 tam
720 5732 827 5810 ipsam

642 412 871 474 EPISTOLAE.
895 415 973 474 LIB.
997 415 1084 476 VIII.

1625 413 1685 476 554

889 576 1025 636 Terram
1042 573 1198 637 Sanctam
1217 589 1316 650 quam
1338 575 1498 636 ecclesias
1518 590 1597 638 suas
1621 591 1682 638 suo

889 669 1025 732 servitio
1055 669 1263 732 defraudare.
1299 672 1383 743 Quia
1415 687 1511 750 vero¹
1529 673 1682 736 nonnulli

889 767 1683 848 crucemassumptamtemeritatepropriadepo-

888 865 995 924 suisse
1010 865 1174 936 dicuntur,
1189 866 1241 926 vel
1253 867 1392 944 inceptae
1403 869 1680 944 peregrinationis

886 962 1007 1023 itinere
1028 977 1095 1022 non
1116 963 1247 1040 expleto
1271 979 1290 1024 a
1312 963 1471 1040 portubus
1501 979 1679 1042 remeasse,

886 1059 1038 1120 volumus
1052 1060 1084 1120 et
1099 1060 1305 1133 mandamus,
1321 1062 1357 1123 ut
1372 1077 1430 1123 eos
1446 1062 1486 1122 ad
1504 1079 1679 1124 resumen-

886 1156 961 1216 dam
983 1172 1115 1218 crucem
1130 1158 1163 1219 et
1184 1157 1225 1218 ad
1255 1159 1456 1220 reddendum
1482 1160 1595 1220 votum
1611 1163 1679 1222 Do-

886 1253 974 1316 mino
988 1254 1073 1331 quod
1102 1257 1265 1318 voverunt
1286 1256 1447 1318 canonica
1471 1256 1680 1319 districtione

885 1351 1080 1428 compellas;
1097 1351 1138 1413 ad
1160 1352 1234 1424 hoc,
1261 1353 1297 1414 ut
1316 1353 1463 1414 fidelium
1488 1354 1618 1416 devotio
1638 1355 1680 1416 ad

885 1447 990 1524 ipsius
1006 1451 1117 1510 Terrae
1129 1451 1259 1510 Sanctae
1276 1449 1460 1510 subsidium
1472 1451 1590 1511 melius
1601 1469 1681 1528 pro-

884 1548 1033 1618 vocetur,
1049 1545 1166 1606 ordine
1182 1547 1348 1608 solemnes
1359 1548 1589 1623 processiones
1605 1547 1678 1608 fleri

884 1643 1001 1704 saltem
1016 1643 1159 1720 singulis
1172 1642 1342 1705 mensibus
1359 1645 1392 1704 in
1412 1645 1567 1706 omnihus
1582 1644 1676 1718 locis,

883 1740 940 1816 qui
956 1741 997 1801 ad
1022 1739 1085 1802 hoo
1099 1741 1213 1803 idonei
1235 1741 1445 1814 videbuntur,
1463 1742 1496 1804 ct
1516 1743 1679 1820 psalmum

883 1836 1106 1907 illumrlleus,
1116 1841 1288 1900 acuerunt
1298 1839 1429 1916 gentes,
1446 1855 1504 1914 per
1519 1840 1678 1901 ecclesias

883 1949 997 1996 omnes
1010 1934 1125 1996 dlehus
1135 1935 1275 2011 singulis
1289 1936 1485 1998 moresolito
1495 1936 1676 1998 decantari.

882 2032 1032 2102 Proviso,
1048 2032 1133 2109 quod
1150 2033 1177 2093 si
1188 2031 1272 2094 forte
1287 2033 1352 2106 Iris,
1361 2033 1417 2110 qui
1432 2033 1473 2094 ad
1488 2034 1678 2111 hujusmodi

882 2129 1112 2205 processiones
1121 2145 1179 2191 seu
1195 2131 1237 2192 ad
1248 2130 1332 2192 alias
1340 2131 1595 2193 convocationes
1605 2132 1679 2192 tuas

882 2227 1109 2300 convenerint,
1140 2227 1287 2304 aliquam
1315 2228 1530 2304 peccatorum
1558 2227 1680 2289 remis-

882 2323 1008 2384 sionem
1030 2324 1167 2385 duxeris
1189 2324 1392 2397 faciendam,
1413 2326 1526 2388 decem
1550 2325 1679 2386 dierum

881 2436 1053 2482 numerum
1069 2421 1198 2483 indulta
1213 2423 1368 2483 remissio
1380 2439 1445 2483 non
1461 2422 1619 2496 excedat3
1646 2422 1679 2484 et

882 2518 910 2577 si
923 2517 964 2578 ab
978 2518 1021 2578 iis
1034 2519 1087 2580 vel
1100 2517 1302 2595 quibuslibet
1318 2520 1406 2591 aliis,
1424 2519 1480 2596 qui
1495 2519 1536 2580 ad
1552 2519 1674 2596 hujus-

882 2615 969 2675 modi
1002 2617 1258 2677 convocationes
1294 2617 1526 2689 convenerint,
1564 2617 1678 2693 aliqua

882 2712 993 2774 oblata
1013 2712 1137 2775 fuerint
1162 2714 1216 2776 vel
1231 2714 1315 2775 alias
1335 2715 1413 2776 data
1441 2731 1501 2790 pro
1529 2713 1677 2774 subsidio

881 2813 992 2872 Terrae
1018 2810 1159 2883 Sanctae,
1173 2811 1233 2872 illa
1250 2810 1354 2872 facias
1369 2811 1512 2872 fideliter
1531 2799 1671 2872 conser-

881 2906 966 2978 vari,
983 2907 1020 2968 ut
1038 2907 1186 2984 tempore
1201 2907 1348 2984 passagii
1367 2906 1528 2968 facIamus
1543 2907 1676 2984 disponi

881 3003 1016 3076 deillis,
1032 3004 1142 3080 prout
1161 3003 1267 3081 ipsius
1286 3007 1397 3065 Terrae
1417 3004 1546 3064 Sanctae
1567 3004 1677 3066 subsi-

880 3101 971 3161 dium
986 3100 1151 3163 videbitur
1175 3101 1344 3179 expedire.
1368 3103 1486 3164 Datum
1506 3102 1676 3174 Laterani,

881 3199 927 3260 Ill
939 3198 1006 3261 kal.
1025 3199 1148 3272 martii,
1166 3215 1253 3264 anno
1269 3200 1400 3266 octavo.

1203 3521 1358 3608 cxliv

880 3682 1432 3755 Aaoeraraomaremepaseopum
1440 3681 1674 3743 Btauata'num.

1169 3814 1183 3871 l
1200 3811 1294 3870 martii
1308 3811 1386 3870 12²4.

1037 3933 1131 3997 [Gallia
1144 3933 1296 3994 Christiana,
1310 3935 1365 3993 xv,
1383 3934 1456 3984 lustr.
1468 3933 1519 3996 ol]

880 4059 1021 4118 llonorIus
1036 4061 1076 4118 111
1089 4057 1236 4116 scholares
1251 4059 1279 4117 S.
1301 4057 1677 4132 Stephanstrardoarobiss

1002 4149 1137 4222 episcopo
1152 4147 1344 4221 protegendos
1356 4147 1548 4206 commendat:

920 4274 1087 4336 Honorius
1098 4275 1285 4352 episcopus,
1296 4271 1674 4346 servusservorumDei,

879 4371 1063 4433 venerabili
1072 4371 1166 4434 fratri
1178 4375 1215 4433 G.
1227 4369 1672 4448 archiepiscopoBisuntino,

880 4469 1019 4530 salutem
1034 4471 1067 4532 et
1080 4468 1304 4546 Apostolicam
1315 4467 1592 4528 benedicitonem.

919 4565 1305 4628 Peccatiscommunicat
1319 4564 1438 4625 alienis
1449 4578 1630 4640 eorumque
1639 4577 1675 4631 se

879 4661 1275 4741 participamconstituit,
1302 4660 1370 4737 qui,
1401 4677 1474 4721 cum
1499 4660 1677 4737 peccantes

879 4775 1024 4836 arguere
1036 4761 1135 4836 atque
1154 4773 1363 4834 compescere
1377 4757 1542 4829 teneatur,
1570 4757 1609 4819 is·
1623 4755 1676 4820 vel

879 4873 1098 4936 personarum,
1106 4855 1271 4931 acceptor,
1289 4855 1340 4916 vel
1353 4855 1405 4915 sui
1419 4855 1587 4931 neglector
1601 4856 1682 4921 oili,-

880 4956 935 5027 cii,
947 4954 1059 5016 facere
1073 4951 1304 5030 praetermittit.
1315 4953 1402 5013 Sane
1413 4969 1479 5014 non
1491 4953 1592 5014 semel
1603 4955 1676 5015 tau·

879 5051 1033 5124 1333331
1054 5066 1142 5127 saepe
1162 5049 1285 5110 nostris
1305 5051 1355 5112 est
1370 5049 1507 5111 auribus
1534 5050 1675 5112 intima-

879 5149 1064 5226 tum,.quod
1081 5165 1154 5209 cum
1170 5163 1333 5224 pauperes
1343 5148 1468 5216 clerici,
1478 5147 1676 5209 convenien-

880 5249 931 5310 tes
944 5247 985 5308 ad
1001 5246 1133 5307 scholas
1145 5247 1178 5306 S.
1194 5245 1354 5322 Stephani
1363 5244 1540 5316 Bisuntini‚
1553 5243 1683 5309 vadunt
1711 5278 1712 5282 =

881 5361 941 5423 per
963 5343 1131 5406 civitatem
1155 5341 1417 5420 competentibus
1444 5340 1548 5413 boris,
1579 5358 1679 5418 quae..-

881 5442 985 5506 rendo
1014 5441 1243 5518 eleemosynas
1270 5439 1428 5507 ostiatim,
1453 5438 1678 5515 quidamfilii

883 5538 998 5610 Belial,
1037 5538 1072 5599 in
1112 5553 1169 5598 eos
1196 5553 1262 5597 non
1298 5536 1422 5612 absque
1463 5537 1678 5599 conniventia

883 5635 1120 5699 canonicorum
1136 5637 1170 5696 S.
1186 5634 1350 5696 Jolrannis
1365 5633 1543 5705 Bisuntini‚
1554 5634 1682 5698 temere

883 5733 1107 5808 insurgentes,
1120 5731 1155 5828 in
1168 5745 1224 5793 eos
1235 5730 1398 5792 violentas
1411 5745 1529 5794 manus
1541 5730 1680 5810 inJ'icere
