4104 6330
310 365 371 429 ass
923 366 1100 428 uouonu
1122 367 1168 428 111
1189 367 1337 428 canna.
1889 373 1955 434 sse

312 525 541 599 memoratum,
558 523 662 588 nobili
683 523 757 588 viro
771 524 920 589 Waltero
942 528 1014 602 ejus
1035 526 1105 589 tilio
1159 527 1244 604 ipso,
1258 526 1433 605 pecuniam
1447 527 1671 605 supradictam
1686 529 1824 606 praelato
1844 532 1955 594 Paulo
2043 599 2044 608 χ

311 625 515 700 resignasse,
528 623 569 686 de
588 623 825 686 satisfaciendo
839 624 988 701 ejusdem
1001 625 1106 686 comi·
1160 625 1212 686 vel
1225 627 1298 702 ejus
1313 626 1522 702 procuratori
1532 629 1630 704 Juxta
1643 643 1737 689 suam
1750 631 1954 705 promissio·
2043 623 2044 698 ζ

312 721 357 783 tis
372 720 592 784 creditoribus
616 721 658 783 ab
681 737 721 784 eo
742 723 877 799 recepta
896 721 1105 800 fidejussoria
1160 737 1235 783 nem
1259 722 1421 785 exsolvat.
1446 723 1589 800 Ideoque
1610 724 1803 787 discretioni
1828 730 1955 790 vestrae

312 817 480 891 cautione.
497 818 591 880 Unde
603 819 752 880 eamdem
764 819 967 882 comitissam
982 835 1106 896 rogan·
1159 821 1420 898 perlipostolica
1432 821 1555 898 scripta
1565 821 1761 883 mandamus
1773 825 1953 900 quatenus,
2043 819 2044 824 ’

313 914 390 977 dam
402 915 559 978 duximus
572 917 604 978 et
616 917 900 994 monendam,ipsi
912 919 1105 995 perscripta
1160 917 1189 978 si
1211 917 1299 979 dicta
1318 918 1487 979 comitissa
1501 920 1702 995 praeceptum
1721 925 1871 982 nostrum
1887 939 1955 983 ne-

313 1012 429 1074 nostra
444 1013 639 1076 mandantes
658 1016 705 1087 ut,
731 1031 831 1092 quum
853 1016 1105 1092 promissionem
1160 1014 1303 1091 glexerit
1316 1015 1509 1091 adimplere,
1523 1032 1583 1077 uos
1599 1031 1672 1077 eam
1687 1016 1729 1077 ad
1748 1017 1783 1078 id
1797 1033 1858 1094 per
1872 1035 1958 1080 een-
2043 1003 2044 1084 J

315 1125 411 1171 suam
439 1125 512 1172 eam
540 1111 668 1172 uiolare
700 1127 768 1174 non
804 1112 930 1185 deeset,
962 1113 1106 1175 maxime
1160 1127 1272 1174 suram
1287 1112 1562 1185 ecclesiasticam,
1576 1113 1796 1190 appellatione
1811 1119 1954 1186 remota,
2043 1175 2044 1186 ,

316 1223 417 1284 quum
434 1207 538 1283 possit
551 1206 676 1270 babere
690 1225 862 1272 recursum
875 1210 916 1272 ad
931 1209 1106 1287 praefatum
1160 1209 1297 1286 cogatis.
1316 1209 1435 1271 Datum
1460 1210 1627 1282 Laterani,
1652 1213 1682 1271 Χ
1700 1211 1862 1276 kalendas
1887 1231 1956 1276 au·
2043 1257 2044 1288 2

312 1303 462 1372 nobilem
486 1304 519 1368 et
543 1304 585 1366 ad
613 1305 826 1385 fidejussores
852 1306 917 1370 sibi
944 1307 1038 1370 datos
1064 1306 1106 1369 ab
1160 1309 1261 1384 gusti,
1278 1306 1489 1385 pontificatus
1502 1307 1710 1390 nostriauno
1724 1309 1830 1371 sexto.

773 2007 1022 2132 LIBER
1078 2005 1495 2134 SEPTIMUS

1072 2324 1210 2340 ῳ

502 2548 568 2638 llll
606 2551 820 2640 SEPTIMO
858 2550 1080 2640 HONORII
1116 2551 1178 2638 ΙΙΙ
1215 2549 1585 2640 PONTIFIGATUS
1620 2549 1777 2638 ΑΝΝΟ.

354 2777 420 2839 Non
433 2779 496 2838 sine
507 2779 687 2840 tribulatione
701 2788 730 2840 et
744 2781 837 2855 aliaue
863 2781 975 2840 tristitia
991 2779 1043 2838 iuit
1065 2781 1113 2840 ille
1165 2789 1254 2840 verat.
1267 2782 1397 2840 lleoalia
1408 2781 1459 2842 luit
1469 2777 1887 2850 Honoriocausatristitiae,sed
1898 2779 1962 2837 Deo
2043 2769 2044 2854 ἦ

319 2866 614 2928 Pontiilcatusannus.
627 2873 711 2940 liam,
734 2872 839 2932 amissa
854 2871 994 2942 bamiata,
1011 2859 1047 2928 de
1066 2885 1110 2928 re·
1167 2869 1266 2941 fretus,
1287 2885 1339 2930 nee
1363 2872 1467 2941 animo,
1486 2885 1541 2930 nec
1558 2871 1677 2929 consilio
1696 2868 1795 2939 deluit,
1811 2875 1840 2926 et
1860 2868 1959 2927 Ludo·
2043 2883 2044 2946 ζ

319 2953 518 3032 dintegrandis
540 2959 624 3017 rebus
651 2960 836 3018 orientalibus
855 2959 1003 3034 agebatur,
1019 2967 1048 3016 et
1066 2961 1112 3018 iila
1166 2959 1261 3016 vicum
1276 2973 1385 3034 regem,
1402 2958 1523 3032 Philippi
1535 2965 1643 3025 natum,
1659 2956 1845 3015 vehementer
1859 2955 1960 3014 borta-
2043 2949 2044 3034 ζ

319 3059 387 3118 apes
406 3062 492 3119 quam
506 3047 536 3104 in
558 3047 708 3107 Frederlco
732 3056 865 3122 posuerat
890 3047 1029 3118 Pontifex,
1052 3048 1113 3121 jam
1168 3053 1213 3106 tus
1225 3054 1270 3106 est
1282 3047 1318 3106 ed
1333 3047 1569 3122 proficiscendum
1584 3054 1681 3104 eontm
1691 3045 1745 3104 bos
1757 3045 1887 3104 rebelles.

318 3131 418 3192 delusa
436 3136 589 3204 multoties,
616 3137 847 3196 nonsatisilrma
862 3135 1020 3194 videbatur.
1036 3138 1111 3206 Qua·
1203 3139 1327 3208 interea,
1355 3136 1422 3192 dum
1452 3137 1552 3194 Rome
1568 3143 1645 3194 esset
1668 3135 1838 3204 Demetrius,
1863 3134 1913 3206 qui
1933 3133 1963 3192 in
2043 3209 2044 3216 ἵ

317 3229 436 3295 propter
460 3225 602 3282 Honorius
615 3225 764 3282 consillum
782 3225 941 3298 principum
961 3232 1000 3294 et,
1020 3231 1051 3282 ut
1076 3225 1112 3282 ita
1167 3224 1313 3282 Thessalia
1334 3223 1483 3298 regnabat,
1499 3223 1664 3282 Theodorus
1678 3223 1736 3292 ille,
1749 3223 1795 3294 qui
1810 3221 1964 3280 dicebatur
2043 3217 2044 3244 ¹

321 3308 426 3382 dicam,
447 3313 598 3369 concilium
636 3312 759 3370 militare
779 3313 949 3370 convocavit
972 3313 1001 3369 in
1027 3311 1110 3372 Cam·
1167 3313 1301 3386 Ampelos,
1328 3313 1455 3386 regionis
1474 3313 1549 3370 illius
1570 3313 1674 3386 potitus
1689 3318 1759 3370 erat.
1779 3311 1961 3378 duillelmus,
2043 3365 2044 3382 ,

321 3399 417 3471 paula.
434 3398 624 3458 interfuerunt
636 3408 731 3460 autem
746 3416 794 3459 rex
802 3402 998 3474 ierosolymae,
1012 3401 1115 3459 Frede
1167 3401 1295 3459 marchio
1310 3401 1505 3469 bioutlsierati,
1527 3402 1568 3459 sle
1589 3399 1708 3474 depulso
1737 3400 1851 3474 proprio
1877 3397 1961 3456 tratri

320 3487 398 3544 ricus
422 3488 584 3560 imperator,
609 3491 809 3563 religiosorum
828 3491 956 3562 equiturn
971 3490 1112 3563 Magistri,
1168 3491 1377 3548 insuccursuur
1392 3493 1624 3548 venireoonatus
1644 3495 1697 3559 est,
1720 3495 1752 3546 ut
1771 3487 1964 3544 familiarem
2043 3491 2044 3534 ἶ

321 3581 351 3632 et
363 3575 420 3632 alii.
1168 3580 1197 3635 in
1212 3579 1326 3637 Oriente
1344 3581 1514 3646 restitueret,
1530 3585 1558 3637 et
1576 3580 1660 3636 simul
1675 3577 1838 3635 Latinorum
1859 3583 1964 3648 poten·
2043 3603 2044 3608 κ

357 3667 487 3738 insuper,
500 3667 562 3740 ipse
572 3666 701 3726 Pontifex
717 3667 856 3725 mediator
866 3665 917 3726 luit
928 3667 1001 3726 inter
1016 3681 1114 3741 regem
1169 3669 1238 3726 tiam
1264 3668 1400 3727 stabiliret
1419 3667 1558 3725 adversus
1581 3669 1705 3726 Grecos.
1730 3669 1795 3738 lpse
1817 3666 1966 3723 Honorius
2043 3659 2044 3740 ἶ

321 3743 611 3827 Hierosolymitanum
639 3763 668 3814 et
697 3757 898 3829 imperatorem
924 3758 989 3826 oui,
1022 3769 1112 3813 uxore
1169 3759 1382 3830 crucesignatos
1394 3757 1563 3814 laniaverat
1586 3763 1614 3814 et
1632 3755 1826 3828 indulgentias
1839 3767 1964 3812 conces·

320 3842 484 3901 mustantla
500 3851 620 3914 mortua,
637 3845 702 3902 data
717 3851 761 3902 est
783 3845 812 3902 in
825 3845 1037 3902 matrimonium
1052 3845 1113 3916 ipsa
1169 3855 1253 3904 serat.
1267 3848 1329 3917 Ast,
1344 3847 1374 3903 in
1398 3847 1461 3921 ipsa
1489 3844 1635 3904 Thessalia
1658 3851 1787 3901 mortuus
1810 3849 1855 3900 est
1883 3843 1965 3902 Guil·

316 3929 378 3988 illia
393 3933 520 4002 loannis,
536 3947 592 4006 quo
607 3931 762 3991 ferventius
770 3933 937 3991 Fredericus
949 3931 1115 3990 detenderet
1168 3935 1280 4004 lelmus,
1300 3934 1369 3994 dum
1392 3936 1517 3992 loannes
1532 3937 1625 3992 Ducas
1649 3931 1795 4000 Vatacius,
1817 3945 1911 4003 gener
1938 3939 1968 3988 et
2043 3929 2044 3994 l

321 4016 497 4078 abbostibus
510 4029 619 4093 patrem
635 4021 777 4096 conjugis.
798 4021 1003 4094 nequibusita
1018 4021 1116 4078 scribit
1169 4037 1317 4081 successor
1338 4022 1489 4092 Theodori,
1519 4021 1701 4094 imperatoris
1735 4021 1900 4078 Graecorum
1937 4019 1967 4076 in
2043 4009 2044 4094 ᾗ

321 4107 464 4164 Honorius
480 4125 487 4166 :
505 4129 517 4159 ι
534 4109 693 4183 Fastigium
708 4110 884 4168 excellentie
899 4111 1054 4182 imperialis
1063 4109 1112 4166 de·
1169 4113 1263 4170 Nicea
1275 4112 1433 4184 regnantis,
1444 4112 1650 4184 auxitregnum
1663 4123 1788 4167 asoeero
1801 4115 1966 4182 acceptum,

322 4202 420 4254 center
429 4195 584 4256 humilians
596 4199 633 4254 ad
644 4198 794 4256 consilium
803 4203 941 4266 noctram,
952 4203 977 4254 et
988 4199 1116 4269 fratrum
1169 4198 1257 4256 etiam
1269 4214 1333 4256 curn
1348 4197 1513 4255 Latinorum
1526 4195 1641 4254 damno.
2043 4197 2044 4274 3

321 4289 495 4356 aestrorum,
516 4283 640 4342 nobilem
667 4286 815 4343 mulierem
835 4285 996 4356 isabellam,
1019 4291 1116 4342 natam
1204 4287 1357 4345 tribulano
1372 4287 1459 4344 etiam
1475 4285 1567 4358 aliqua
1583 4292 1679 4342 exorta
1696 4282 1842 4357 est‚cujus
1857 4281 1966 4341 Frede·

322 4371 483 4430 charissimi
499 4375 528 4431 in
549 4373 660 4432 Christo
673 4373 722 4432 tilii
739 4375 828 4432 nostri
852 4375 984 4444 loannis,
999 4374 1116 4432 illustris
1171 4378 1246 4435 ricus
1266 4374 1318 4434 iuit
1344 4383 1451 4444 auctor,
1478 4373 1545 4432 dum
1569 4375 1737 4432 electionem
1764 4374 1967 4447 episcoporum

320 4461 399 4536 regis
435 4463 699 4537 Hierosolymam,
734 4462 896 4522 affidaverls
930 4463 1041 4536 publice
1086 4463 1116 4520 in
1171 4466 1224 4525 sibi
1239 4474 1421 4540 arrogantem
1433 4465 1575 4522 Honorius
1589 4477 1746 4536 coarguere
1758 4463 1880 4536 cogitur.
1897 4464 1967 4518 Fre·
2043 4459 2044 4542 J

321 4565 450 4609 uxorem.
474 4575 485 4603 »
1171 4555 1257 4614 dorici
1281 4555 1407 4623 nuntius,
1428 4553 1628 4626 inpraesentia
1650 4552 1766 4610 lionorii
1781 4551 1967 4619 constitutus,

358 4641 391 4697 in
406 4641 495 4698 Gallia
509 4640 642 4710 decessit,
661 4639 716 4698 hoc
728 4655 815 4710 anno,
831 4655 881 4697 rex
895 4640 1052 4714 Phiiippus,
1069 4641 1117 4712 aui
1172 4643 1280 4702 dixerat
1294 4641 1460 4702 Pontiticem
1477 4642 1683 4715 protectionem
1697 4639 1811 4698 dedisse
1826 4653 1890 4710 quse
1909 4653 1969 4695 non

322 4729 458 4786 Ecclesia
479 4729 571 4788 luerat
585 4729 718 4788 defensor
735 4736 763 4788 et
786 4737 940 4803 protector,
963 4730 1068 4802 quique
1087 4730 1117 4786 in
1172 4741 1233 4791 erat
1246 4732 1393 4804 protectio,
1418 4729 1469 4787 sed
1489 4745 1553 4802 quae
1579 4727 1702 4786 endebat
1722 4725 1758 4784 sd
1774 4725 1968 4799 perditionem
2043 4723 2044 4788 j

323 4829 374 4874 sua
386 4817 505 4889 juvenili
516 4825 600 4876 atate
612 4825 711 4876 contra
722 4819 895 4878 Sarracenos
909 4818 1018 4877 iortlter
1032 4819 1115 4878 dimi·
1172 4829 1200 4880 et
1214 4819 1393 4895 imperatoris
1412 4826 1440 4876 et
1456 4819 1548 4891 regni,
1575 4831 1667 4889 neque
1689 4816 1763 4874 velle
1783 4814 1969 4873 Fredericum

323 4915 448 4977 caverat,
471 4915 501 4966 et
522 4909 721 4982 albigensium
741 4907 888 4971 audaciam
911 4917 1009 4983 postea
1028 4908 1116 4968 reire·
1172 4910 1245 4968 ullos
1268 4924 1284 4966 a
1306 4911 1383 4982 Papa
1408 4907 1580 4974 nominatos,
1596 4912 1626 4962 ut
1650 4905 1802 4978 episcopos
1827 4906 1969 4976 recipere,

323 4997 413 5056 navit.
438 4996 528 5070 liujus
543 4998 629 5071 igitur
648 5013 726 5056 mors
742 4999 909 5058 Pontificem
928 4999 1117 5069 contristavit,
1173 4997 1286 5072 quando
1313 4997 1474 5055 nominatos
1499 5009 1515 5052 a
1544 4991 1695 5052 Frederieo
1718 4995 1795 5066 Papa
1824 4992 1968 5066 rejiceret.

323 5093 355 5144 ut
369 5087 430 5160 ipso
449 5093 569 5144 testatur
582 5087 612 5144 in
627 5089 687 5145 suis
701 5087 737 5145 ad
752 5087 936 5158 ludovicum,
953 5089 1015 5164 eJus
1030 5088 1118 5146 illium
1173 5086 1319 5161 Ejusmodi
1334 5085 1457 5158 querele
1478 5097 1536 5141 non
1553 5089 1636 5139 erant
1656 5081 1817 5139 concordia
1831 5081 1968 5138 indicium
2043 5075 2044 5084 ’

323 5184 352 5234 et
362 5189 568 5244 successorem,
582 5177 692 5234 litteris.
1173 5176 1373 5234 certissimum.
1402 5173 1457 5232 Sed
1483 5171 1519 5230 ad
1545 5170 1727 5244 Appendices
1759 5169 1822 5226 libri
1853 5171 1909 5238 IV,
1939 5169 1970 5226 in

360 5263 414 5322 Sed
425 5271 453 5321 et
463 5263 634 5338 albigenses
644 5281 679 5322 eo
690 5265 963 5338 usquedevenerunt
973 5267 1118 5338 utPapum
1173 5273 1242 5322 tom.
1259 5265 1310 5333 lll,
1326 5263 1461 5321 lectorem
1476 5261 1647 5318 remittimus
1661 5258 1846 5316 benevolum.

295 5385 297 5390 ·
323 5352 377 5410 sibi
387 5353 519 5422 crearlnt,
533 5353 581 5426 qui
603 5351 743 5412 habitavit
756 5355 785 5412 in
801 5355 904 5413 tinibus
917 5355 1117 5428 bulgarorum,
1209 5353 1313 5426 blagns
1333 5351 1361 5406 in
1375 5349 1541 5423 regionibus
1552 5346 1825 5420 septentrionalibus
1837 5359 1968 5402 commo·

325 5443 444 5501 Croatiae
458 5451 489 5499 et
503 5443 661 5502 Dalmatia.
678 5445 706 5501 ls
721 5444 904 5514 rescribebat,
921 5459 953 5501 se
972 5441 1116 5501 dicendo:
1174 5441 1213 5499 tio
1240 5439 1333 5497 civilis
1358 5439 1444 5495 etlam
1460 5436 1531 5495 iacta
1549 5444 1602 5506 est,
1623 5433 1737 5508 quando
1751 5433 1971 5492 waldemarum

325 5545 600 5590 servumservorum
615 5540 721 5590 sanotae
747 5531 822 5590 fidei.
839 5533 883 5591 Ad
905 5549 970 5590 eum
990 5532 1116 5590 conllue-
1174 5545 1273 5603 regem
1298 5527 1440 5602 principes
1468 5526 1563 5584 liaeiae
1591 5525 1772 5581 vulneratum
1795 5531 1971 5595 captumque

325 5621 393 5678 bant
408 5619 544 5690 heretici,
560 5626 589 5678 et
612 5622 650 5678 ita
670 5636 748 5680 error
774 5622 933 5680 invaluerat
955 5622 984 5678 in
1008 5620 1120 5694 quibus·
1174 5617 1330 5691 conjiciunt
1344 5616 1372 5672 in
1395 5628 1550 5682 carcerem,
1569 5625 1625 5669 una
1646 5625 1712 5669 cum
1728 5611 1796 5668 illio.
1811 5611 1864 5680 Qui
1879 5611 1969 5668 vecti·

326 5708 392 5768 dam
403 5709 474 5770 loeis
485 5718 516 5769 ut
528 5711 613 5770 etiam
626 5709 924 5786 episcoposquosdam
939 5709 1117 5770 contamina·
1175 5708 1249 5782 galis
1265 5711 1325 5764 orat
1339 5703 1475 5762 Ecclesia
1489 5704 1624 5762 Romans
1641 5707 1670 5759 et
1683 5699 1969 5774 obsequentissimus.
2043 5777 2044 5792 χ
