4168 6344
296 312 338 378 63
906 305 1082 378 sedebit
1103 305 1148 371 111
1168 305 1317 376 OPERA.
1870 293 1873 300 ’
1900 306 1940 366 di

296 470 520 549 iniungentes,
546 471 583 534 ιιι
609 463 747 546 pretato
773 464 1036 542 archiepiscopo,
1051 463 1092 536 ,et
1145 463 1316 526 semestris
1336 462 1495 543 temporis
1509 460 1664 526 devoluto
1681 471 1782 542 super
1797 459 1860 524 hoc
1874 461 1938 524 de-

297 568 464 646 episcopis
485 567 689 637 Latinorum,
706 565 804 641 prout
822 563 901 624 sunt
921 563 954 625 et
967 559 1092 624 luerint
1145 560 1224 633 bito,
1251 559 1427 637 providere
1464 559 1681 622 sollicitudini
1712 559 1936 634 dignaremur.

296 665 333 726 in
348 681 462 728 eorum
477 661 674 728 dioeceslbus
697 660 878 732 constituti,
895 657 1091 720 canonicam
1146 658 1302 720 volentes
1318 657 1419 734 igitur
1433 657 1593 719 honorem
1607 658 1711 728 tuum,
1728 659 1762 718 et
1771 662 1849 734 jura
1868 656 1939 716 iili-

297 759 519 823 obedientiam
537 759 635 836 juxta
668 754 940 832 compositionem
965 753 1092 820 iaciant
1144 753 1222 816 bata
1243 769 1390 826 serrare,
1416 755 1613 816 auctoritate
1640 753 1698 814 tibi
1724 754 1938 830 praesentium

297 856 531 934 supradictam,
557 870 594 915 se
616 855 774 930 tanquam
805 849 1001 913 obedientiae
1029 849 1090 910 lilii
1145 851 1355 928 indulgemus
1375 852 1412 914 ut
1429 850 1623 927 praebendas
1639 866 1720 927 quas
1740 851 1775 910 in
1795 850 1937 914 ecclesia

296 953 540 1016 conformantes
555 952 776 1014 sacrosancta
793 951 953 1012 Romanae
971 946 1090 1008 Eccie-
1145 950 1202 1012 tua
1217 949 1305 1012 ultra
1321 964 1382 1011 sex
1398 964 1529 1010 menses
1550 963 1672 1010 vacare
1690 948 1877 1024 contigerit,
1893 948 1939 1010 ii·

296 1051 355 1112 sias
370 1050 468 1112 matri
483 1065 564 1122 suae,
577 1051 613 1109 ut
625 1048 668 1110 sit
682 1048 722 1108 de
737 1048 857 1108 caetero
871 1061 973 1106 unum
988 1043 1088 1116 ovile,
1144 1045 1223 1108 bere
1242 1045 1392 1108 conlerre
1414 1045 1526 1107 valeas
1545 1045 1697 1122 personis
1713 1045 1854 1116 idoneis,
1869 1061 1936 1106 ex-

295 1163 337 1210 ac
350 1148 450 1210 etiam
466 1163 552 1208 unus
563 1147 687 1224 pastor,
702 1145 764 1206 etc.
787 1144 904 1206 Datum
919 1142 1087 1213 Laterani,
1144 1142 1296 1220 ceptione
1310 1143 1500 1221 hansmodi
1518 1158 1584 1202 non
1602 1141 1764 1214 obstante,
1779 1142 1847 1203 nisi
1862 1141 1935 1203 lor·

295 1247 342 1306 ill
367 1244 528 1306 kalendas
548 1243 715 1321 januarii,
745 1239 957 1319 pontificatus
982 1239 1088 1300 nostri
1144 1256 1204 1302 san
1226 1256 1361 1302 causam
1382 1240 1577 1318 praestiteris
1597 1243 1634 1300 ut
1653 1239 1739 1300 ultra
1760 1238 1936 1316 praelatum

295 1357 382 1404 anno
398 1343 491 1403 sexto
508 1339 568 1421 (1).
1143 1339 1272 1414 tempus
1295 1339 1445 1414 ipsarum
1474 1337 1608 1397 collatio
1629 1336 1813 1397 differatur.
1841 1336 1935 1397 Nulli

1143 1449 1234 1512 ergo,
1255 1435 1331 1507 etc,
1349 1435 1470 1496 nostrae
1491 1433 1718 1494 concessionis
1739 1433 1932 1510 infringere.

611 1553 770 1640 LXXVI
1144 1533 1179 1593 Si
1191 1533 1266 1612 quis
1280 1533 1401 1605 autem
1424 1533 1486 1594 etc.
1505 1532 1624 1593 Datum
1638 1531 1806 1602 Laterani,
1827 1533 1858 1592 il
1872 1530 1935 1592 ia-

1142 1629 1258 1694 iendas
1267 1630 1428 1708 januarii,
1441 1644 1530 1691 anno
1543 1630 1649 1691 sexto.

361 1709 413 1768 Ad
432 1705 725 1779 arenapecopam
743 1703 1012 1764 Biturtccnscm.

536 1835 569 1893 31
585 1833 745 1892 decembris
760 1833 840 1890 itti.

326 1958 554 2024 magestatem,
566 1957 642 2023 epist.
654 1952 1056 2020 transelementatus]
1450 1951 1630 2040 LXXVII

307 2075 441 2150 indulget
453 2083 485 2132 ut
496 2073 607 2132 idoneis
621 2072 751 2145 personis
765 2069 893 2128 conterat
906 2070 1075 2144 praebendas
1372 2106 1425 2166 Aa
1444 2106 1624 2166 Ecett'ttttm
1643 2101 1702 2184 (2),

489 2177 540 2234 per
554 2176 604 2218 sex
618 2174 733 2218 menses
747 2167 892 2217 vacantes.

1388 2234 1423 2292 ab
1434 2233 1595 2292 decembris
1607 2235 1685 2292 liti.

334 2290 513 2360 Honorius,
528 2289 604 2360 etc,
620 2284 806 2348 venerabili
817 2283 912 2348 fratri
926 2285 1088 2364 archiepi-
1418 2356 1423 2366 Ι

1290 2356 1435 2420 [llapnaldu
1447 2355 1515 2408 Anu.
1527 2357 1560 2407 ad
1571 2371 1614 2408 an.
1627 2357 1696 2417 iiii,
1710 2357 1785 2423 stu]

294 2385 619 2479 scopofBituricensi.

334 2488 384 2546 Ex
404 2483 499 2562 parte
513 2485 571 2545 tua
585 2481 648 2573 luit
660 2479 755 2542 nobis
775 2480 946 2544 humiliter
960 2481 1088 2558 suppli·
1181 2486 1261 2546 Cum
1285 2483 1461 2562 temporali
1478 2484 1609 2556 militia,
1626 2487 1660 2546 et
1673 2483 1847 2546 desideriis
1868 2501 1935 2546 sae-

293 2584 403 2645 catum
414 2582 450 2643 ut
464 2597 538 2642 cum
554 2579 687 2642 collatio
700 2578 952 2656 praebendarum
968 2579 1088 2641 Bituri-
1141 2581 1309 2644 cularihus
1328 2581 1501 2658 abnegatis
1522 2581 1557 2643 in
1577 2581 1735 2658 religiosa
1754 2598 1934 2645 conversa-

293 2679 403 2742 eensis
427 2677 579 2740 ecclesiae
606 2677 647 2737 ad
676 2677 709 2738 te
737 2675 846 2748 simul,
876 2677 910 2739 et
934 2675 1086 2737 ecclesiae
1139 2680 1242 2754 tione,
1254 2695 1293 2741 ac
1308 2679 1425 2741 habitu
1439 2679 1642 2756 disposueris
1653 2695 1752 2757 agere
1762 2679 1932 2742 residuum

291 2776 400 2854 ipsius
424 2775 606 2853 capitulum
628 2773 795 2852 pertinere
813 2775 980 2846 noscatur,
1000 2790 1042 2835 ne
1057 2772 1086 2835 si
1140 2778 1217 2840 vitae
1237 2780 1321 2852 tuae3
1338 2793 1398 2838 nos
1416 2776 1570 2854 precibus
1585 2777 1651 2838 tuis
1669 2775 1847 2853 benignum
1867 2777 1934 2838 im-

292 2871 1083 2951 lortealiquandopraebendasultrasexmenses,
1140 2873 1320 2951 partientes
1343 2890 1527 2946 assensum,
1552 2891 1726 2951 personam
1744 2875 1836 2936 tuam
1857 2892 1932 2936 curn

291 2972 378 3034 votis
397 2971 520 3032 vestris
541 2967 789 3040 dissidentibus,
800 2983 921 3029 vacare
935 2969 1083 3045 contigit,
1140 2971 1183 3032 iis
1203 2988 1276 3050 quse
1291 2972 1436 3034 retinere
1452 2987 1512 3048 pro
1533 2971 1590 3032 tua
1612 2973 1851 3035 sustentatione
1873 2987 1933 3031 cu-

291 3068 415 3130 ibidem
427 3067 490 3130 tibi
504 3066 681 3143 objiciatur
691 3064 777 3142 quod
791 3082 847 3126 eas
858 3065 1008 3128 conferre
1019 3083 1085 3127 non
1140 3064 1233 3140 rasti,
1245 3067 1401 3131 videlicet
1416 3068 1568 3130 Guticum
1581 3084 1655 3129 cnm
1666 3068 1760 3130 curia
1775 3085 1847 3136 sua,
1862 3071 1932 3130 tres

291 3165 411 3244 possis,
426 3179 465 3225 so
480 3163 565 3241 quod
592 3164 627 3223 in
647 3179 761 3224 earum
784 3162 961 3224 collatione
982 3163 1085 3226 luisse
1139 3165 1237 3230 villas
1266 3182 1340 3226 cum
1364 3165 1558 3238 Pudissolo,
1587 3165 1769 3238 Villarazo,
1799 3165 1929 3238 Lorlea,

292 3263 379 3326 sicut
393 3261 499 3323 etalii
514 3259 686 3336 negligens
701 3259 858 3330 videaris,
873 3261 906 3320 et
919 3259 968 3320 sic
981 3261 1086 3338 impe-
1141 3267 1298 3336 Ramone,
1315 3262 1519 3336 castillione,
1537 3265 1569 3326 et
1584 3280 1657 3324 curn
1673 3263 1726 3336 iis,
1741 3280 1813 3342 quae
1828 3263 1931 3324 habes

292 3359 404 3420 diatur
423 3359 567 3435 potestas
592 3355 782 3417 conterendi
804 3356 949 3430 easdem,
972 3357 1014 3418 ad
1040 3360 1083 3432 te,
1140 3361 1175 3422 in
1186 3363 1363 3438 angarano
1379 3362 1517 3438 ejusque
1528 3360 1692 3434 districtu,
1707 3361 1767 3422 sub
1777 3363 1813 3423 Β.
1827 3361 1929 3434 Petri,

291 3455 474 3519 secundum
488 3453 676 3516 sanctiones
687 3453 876 3527 canonicas,
889 3454 1085 3532 perlapsum
1140 3459 1172 3550 pt
1183 3461 1298 3520 nostra
1312 3459 1517 3537 protectione
1532 3459 1741 3537 suscipimus.

328 3644 367 3717 (i)
387 3643 555 3715 Quanquam
578 3640 613 3698 de
629 3641 738 3726 Cypriis
762 3641 904 3768 episcopis
926 3641 1032 3700 Grecis
1050 3657 1085 3700 ea
1139 3643 1257 3790 {bytom
1279 3644 1371 3702 Latini
1388 3643 1565 3717 expulerant,
1583 3659 1648 3702 cum
1668 3645 1742 3700 alter
1765 3645 1815 3700 tile
1834 3647 1930 3700 eorum

290 3716 390 3774 statuit
407 3714 558 3782 Honorius,
574 3727 637 3785 qua
651 3727 680 3769 tn
695 3714 757 3785 ejus
771 3713 889 3784 epistoa
905 3727 921 3769 s
938 3713 1085 3786 itaynaldo

290 3786 339 3844 hic
353 3785 437 3844 allata
452 3786 598 3857 leguntur3
612 3783 692 3856 iussa
708 3791 804 3840 nmen
823 3783 965 3856 pontilicis
979 3798 1082 3842 execu·
1139 3788 1240 3844 tlaeret
1259 3787 1360 3843 audire
1370 3787 1619 3856 archiepiscopum.
1634 3789 1676 3844 Ex
1695 3785 1750 3844 hac
1770 3786 1929 3858 legatorum

290 3858 362 3916 tioni
382 3855 553 3912 demandata
574 3853 660 3911 luisse
684 3854 732 3910 vix
757 3853 852 3911 credo.
878 3853 1034 3928 collegisse
1056 3853 1084 3911 id
1138 3857 1315 3930 expositione
1339 3855 1448 3914 deduco
1472 3871 1487 3914 a
1507 3857 1616 3914 Latinis
1641 3858 1755 3914 Graecos
1780 3857 1929 3928 episcopos

291 3927 362 3985 mihi
379 3925 476 3982 videor
495 3940 530 3981 ex
550 3925 669 3996 epistola
684 3926 696 3982 l
713 3925 849 4006 Germani
863 3925 900 3992 li,
917 3925 1084 4008 patriarchas
1139 3941 1188 4000 per
1214 3927 1335 4009 Cyprum
1358 3926 1502 3995 toleratos,
1526 3941 1584 3983 non
1608 3927 1636 3983 in
1658 3927 1787 3984 eeclesiis
1804 3934 1928 3983 tanturn·

289 3996 608 4066 constantinopolitane
616 3995 791 4053 schismatici
799 3994 833 4052 ad
843 3995 1008 4067 Cypriorum
1016 4010 1084 4051 con·
1139 3997 1232 4065 modo,
1249 4012 1279 4054 m
1298 3997 1400 4080 quibus
1417 3997 1512 4054 nulius
1531 3998 1648 4054 Latinus
1666 3997 1835 4069 presidebat
1851 3997 1928 4068 epis·

290 4069 375 4134 suita,
389 4067 510 4138 legenda
526 4066 598 4122 inter
617 4072 801 4144 monumenta
816 4065 932 4146 uulgata
948 4079 963 4122 a
978 4066 1084 4123 Cotele
1137 4083 1235 4140 copus,
1248 4067 1299 4126 sed
1311 4082 1340 4124 m
1352 4066 1483 4125 omnibus
1493 4067 1751 4137 indiscriminatim,
1766 4069 1929 4140 nullumque

290 4139 333 4195 rio
347 4145 417 4194 tom.
434 4137 470 4205 ll,
489 4151 555 4209 pag.
573 4136 634 4192 tta.
657 4139 695 4191 lix
710 4149 743 4192 ea
764 4133 901 4191 discimus
924 4135 1037 4192 Graecos
1054 4137 1082 4193 in
1137 4153 1215 4195 esua
1228 4139 1347 4199 ecclesia
1359 4139 1501 4210 expulisse
1513 4138 1719 4207 Graeoum,nisi
1731 4153 1818 4195 unum
1829 4152 1928 4194 eorum

290 4209 382 4282 cypro
400 4215 519 4279 agentes
534 4206 682 4278 ablegatos
700 4219 768 4262 suos
785 4205 821 4262 ad
841 4205 1013 4262 Germanum
1027 4207 1081 4262 rai·
1138 4207 1426 4291 archiepiscoporum,
1442 4207 1631 4289 eamdemque
1652 4222 1766 4281 poeuam
1783 4209 1929 4265 minitatos

289 4279 410 4346 sisse3a
447 4291 483 4359 uo
499 4279 529 4334 in
549 4275 739 4357 synodontes
756 4274 792 4332 de
811 4289 841 4332 re
855 4275 1003 4359 collectam
1019 4278 1080 4350 (Ni·
1137 4278 1224 4337 luisse
1239 4280 1324 4336 tiliae
1346 4280 1449 4351 iscopis
1467 4279 1515 4350 qui
1533 4279 1738 4352 subjectionem
1757 4279 1865 4336 Latinis
1880 4293 1926 4336 re-

290 4365 358 4408 caeoe
369 4349 439 4406 sorte
461 4347 621 4430 introducti,
633 4347 1083 4429 exposueruntLatinosrnt'ypro
1136 4356 1294 4407 cusassent.
1315 4295 1386 4418 (fuid
1401 4364 1469 4406 vero
1484 4350 1662 4423 responderit
1677 4349 1714 4408 ad
1731 4351 1859 4406 consulta
1879 4349 1926 4406 iiia

290 4419 472 4500 dominantes
490 4424 542 4474 trra
558 4431 677 4498 exigere
695 4429 710 4472 a
726 4417 840 4498 Graecis.
858 4418 880 4472 i.
900 4418 938 4499 tlt
956 4419 1082 4500 episcopi
1136 4419 1298 4487 concilium,
1313 4419 1457 4476 excedent
1473 4421 1591 4492 epistola
1605 4421 1823 4492 (lamentosa
1842 4433 1926 4492 syno-

289 4491 517 4618 ipsi,ssaster1que
531 4502 606 4570 sacri
618 4487 946 4614 9¹d¹¹¹effffltl³⁰¹ss³¹¹¹¹⁰
956 4489 1082 4560 pontifici
1136 4490 1200 4572 dica
1214 4498 1267 4554 est,
1283 4489 1428 4617 discimsus.
1440 4493 1524 4549 Vetat
1535 4493 1612 4547 enim
1625 4491 1796 4574 patriarcha,
1809 4504 1846 4617 ¹21³
1853 4489 1927 4616 ssuh·

290 4566 1080 4712 catarattulacaestuscaestus:
1133 4562 1802 4700 saisiatae,attestatius
1824 4565 1925 4698 aet

288 4715 352 4760 rere
374 4699 506 4769 menibus
530 4697 710 4756 sacerdotum
739 4697 860 4770 (nempe
881 4713 1080 4780 episcoporum
1135 4703 1236 4762 Christi
1253 4647 1331 4758 itit).
1348 4703 1488 4774 Sequente
1507 4701 1593 4775 igitur
1616 4715 1692 4759 anno
1714 4699 1864 4759 statuenda
1882 4709 1927 4758 est

289 4769 478 4841 Latinorum).
495 4773 533 4828 ii.
548 4771 591 4828 ite
610 4771 751 4826 Romanus
765 4769 1029 4852 (Graecus-seilicet)
1044 4773 1082 4853 od
1136 4773 1261 4846 synodus
1274 4773 1455 4830 schismatica
1468 4775 1641 4842 (trecorum,
1649 4772 1685 4830 rie
1695 4787 1751 4845 qua
1760 4773 1926 4830 collectores

289 4842 489 4900 coarctatam
506 4841 637 4898 honorem
654 4841 865 4910 promovendas,
882 4855 943 4896 sive
958 4855 987 4896 tn
1005 4856 1080 4913 epis·
1137 4845 1356 4917 prorsussiient.
1370 4841 1498 4916 (Massi.)

208 4957 211 4964 ,
290 4925 427 4985 caporum
446 4911 749 4994 promoye·retur·,·sive
769 4909 804 4966 ad
825 4911 909 4966 aliani
924 4909 1078 4970 ordinatio·
1172 4913 1212 4988 (i)
1233 4915 1365 4972 Eceiinus
1379 4915 1422 4970 vir
1436 4915 1465 4971 in
1477 4913 1602 4972 biarchis
1614 4913 1761 4970 i'arvisiua
1776 4913 1877 4986 opibus
1892 4927 1926 4970 ac

290 4995 357 5040 nem
370 4981 478 5064 absque
497 4983 589 5038 baum
603 4987 701 5062 notun
718 4986 750 5044 aa
767 4981 826 5046 tiae
840 4987 883 5045 vac
899 4987 945 5032 τοῦ
962 4986 1080 5034 scavos
1135 4986 1260 5057 potentia
1298 4984 1528 5050 florentissimus,
1558 4985 1773 5042 immanissimis
1808 4983 1927 5056 anglais

291 5055 405 5134 ιιιήσιως
420 5050 461 5125 (ai
479 5059 533 5134 est,
549 5059 580 5134 ut
593 5065 650 5124 ego
668 5056 845 5133 interpretor,
860 5051 967 5124 absque
990 5054 1080 5111 Latini
1134 5055 1345 5114 contaminatus
1357 5055 1466 5127 aperuit
1484 5056 1609 5113 Honorio
1621 5056 1772 5112 consilium
1786 5057 1926 5126 optimum

289 5121 961 5251 thiat§stabatistetaltttt
975 5125 1080 5252 tall
1134 5125 1458 5252 latitasset
1471 5134 1498 5182 0‘
1516 5127 1544 5182 Μ
1559 5124 1925 5253 'ltilfflattat‘ttt

288 5209 328 5322 iqta
340 5266 387 5338 jns
401 5209 520 5346 dicattfr,
539 5271 569 5320 ut
583 5233 670 5345 alata
684 5235 824 5320 sententia
845 5262 886 5320 ias
903 5265 940 5321 sit
954 5209 1080 5336 gartibpus
1134 5211 1299 5338 vgfpps¹pfae
1310 5279 1342 5324 se
1351 5211 1571 5338 sereffitsrgpssb
1585 5211 1759 5339 afflaret.
1771 5211 1834 5324 lton
1846 5210 1924 5321 alaim

288 5336 327 5394 od
347 5337 515 5417 latueram
535 5335 773 5416 arcteptscopum
797 5349 960 5404 provocare.
983 5338 1076 5409 Expo·
1135 5343 1175 5394 tot
1189 5338 1330 5408 tantisque
1349 5337 1431 5395 maiis
1448 5339 1528 5396 ltalia
1551 5351 1690 5396 concussa
1704 5337 1757 5394 sub
1776 5333 1924 5410 tyrannide

289 5411 406 5462 suerunt
423 5411 527 5476 pariter
546 5403 635 5476 legati
655 5404 813 5485 luctuosum
826 5406 932 5463 Graece
951 5407 1079 5464 ccclesiae
1134 5408 1292 5468 miserrima
1308 5407 1434 5465 luxisset.

289 5491 340 5550 per
362 5476 484 5548 Cyprum
504 5481 619 5545 statum,
639 5488 720 5548 capus
740 5475 985 5550 archiepiscopum
1004 5479 1078 5536 Neo·

1154 3715 1330 3788 Latinorum)
1345 3717 1569 3786 archepiscopus
1582 3717 1746 3772 aaltalaacr
1759 3715 1851 3772 altam
1863 3729 1928 3771 aas·
