3948 6326
70 369 122 429 537

70 524 195 588 clericos
208 519 457 599 expeditionum
477 521 612 582 tuarum
637 519 797 596 angariis,
816 517 849 580 et

69 623 134 684 abts
144 619 357 682 secularibus
373 617 603 680 exactionibus
622 631 796 693 aggravas,
816 616 848 678 et

68 721 209 780 molestas
231 717 265 779 et
279 717 395 779 contra
408 716 522 778 divina
545 717 578 778 et
605 715 751 776 bumana
773 715 846 776 sta-

67 818 173 879 111011
188 816 343 876 saeculari
370 814 541 891 compellis
553 813 679 890 judicio
708 828 848 889 respon-

67 916 146 976 dere.
160 916 265 985 Quum
280 913 391 974 autem
420 912 492 974 baec
507 912 624 973 salutis
638 910 700 973 tibi
715 910 848 988 pariant

67 1013 298 1082 detrimentum,
315 1011 348 1072 et
366 1026 428 1071 nos
442 1025 505 1086 quo
526 1008 690 1071 sincerius
711 1011 745 1070 10
766 1008 846 1068 dili-

66 1111 173 1186 qimns,
184 1124 223 1169 eo
243 1108 401 1170 libentius
427 1123 586 1169 revocare
607 1107 642 1168 10
669 1106 710 1168 ab
730 1107 847 1183 nujus-

65 1208 141 1268 modi
154 1206 336 1283 cupIamns,
354 1205 567 1267 serenitatem
597 1205 724 1280 regiam
746 1219 847 1279 roga-

66 1321 139 1376 mus,
152 1319 323 1365 monemus
336 1305 369 1365 01
385 1303 557 1364 hortamur
572 1303 708 1374 attente,
724 1303 844 1379 quate-

67 1419 119 1462 nns
137 1418 176 1462 ne
195 1403 311 1463 contra
336 1404 370 1463 te
393 1401 478 1461 iram
505 1403 577 1478 ejus
603 1401 661 1478 qui
686 1399 846 1462 transfert

66 1515 167 1576 regna,
184 1501 216 1561 et
228 1499 381 1576 spiritum
397 1499 506 1560 aufert
522 1499 709 1575 principum
724 1513 846 1574 provo-

66 1598 126 1660 cari
151 1597 330 1673 contingat,
347 1596 388 1657 ab
408 1596 461 1657 bis
490 1596 602 1658 taliter
614 1596 842 1673 conquiescas,

65 1694 138 1771 qnod
152 1695 184 1756 01
198 1694 346 1756 divinam
359 1693 480 1755 exinde
495 1693 602 1755 vitare
617 1693 724 1770 possis
738 1693 846 1754 otien-

65 1792 188 1864 semet
212 1808 275 1853 100
298 1794 414 1853 001110
440 1805 616 1867 personam
633 1792 736 1862 tuam,
763 1792 843 1853 tan-

65 1905 150 1967 quam
162 1890 246 1952 10110
261 1890 296 1950 11
310 1889 611 1951 ecclesiasticarum
627 1904 844 1965 personarum

65 1988 207 2049 delectari
219 1989 414 2065 gravamine
433 2004 500 2049 non
515 1987 691 2064 possimus,
709 1987 844 2063 quodie

65 2101 191 2160 gravare
206 2085 325 2148 debeat
350 2086 508 2162 cogitare.
529 2086 648 2146 Datum
674 2085 841 2157 Laterani,

65 2182 250 2246 Xbalendas
264 2183 388 2256 martii,
399 2199 486 2244 anno
499 2185 627 2246 octavo.

369 2489 526 2575 CXXVI

186 2644 237 2702 Ad
256 2643 400 2702 Eriotcm
423 2655 543 2717 nepem
566 2639 702 2702 secitur.

306 2778 489 2838 toreumati
505 2779 583 2838 1121.

128 2905 270 2971 1111103101,
282 2905 397 2957 Swenskt
412 2903 529 2969 diplom,
541 2903 572 2963 11,
586 2903 642 2962 239,
656 2917 682 2953 1.
695 2903 763 2968 2211]

65 3032 94 3088 nt
114 3031 244 3104 quiescat,
271 3030 440 3089 vacantibus
465 3031 665 3102 episcoporum
690 3031 774 3102 regni
797 3029 842 3086 sui

92 3121 220 3191 ecclesiis,
234 3121 311 3179 bona
329 3135 427 3176 earum
443 3119 581 3176 violenter
596 3133 734 3191 usurpare
749 3125 778 3176 et
797 3117 839 3174 di·

92 3211 184 3283 ripere.

96 3337 150 3407 Qni
171 3335 303 3414 paravit
322 3335 357 3396 in
378 3335 462 3396 coelo
487 3335 598 3396 sedem
620 3351 725 3410 suem,
748 3335 782 3398 et
805 3336 840 3396 in

63 3447 151 3508 regno
178 3433 350 3496 bominum
380 3432 584 3514 dominatur,
610 3433 765 3509 dignatus
792 3432 842 3494 est

64 3525 537 3613 habitationis-ioca,,ecclesias
552 3530 709 3593 videlicet
718 3531 754 3591 in
767 3532 843 3608 qui-

63 3626 113 3690 bus
125 3645 241 3692 nomen
259 3629 435 3691 invocetur
455 3629 573 3705 ipsine,
590 3629 678 3690 inter
690 3629 841 3690 homines

64 3725 206 3800 obtinere,
229 3743 316 3805 quas
339 3727 453 3804 utique
474 3741 514 3788 ac
533 3741 693 3803 personas
713 3727 843 3788 consis-

62 3823 152 3886 tentes
173 3826 207 3887 11
228 3825 314 3902 ipsis
337 3824 457 3897 cuncti,
472 3823 530 3901 qui
550 3823 734 3884 christiana
758 3841 841 3902 pro·

64 3920 189 3985 sessione
202 3923 393 3994 censentur,
403 3920 523 3982 debent
537 3936 597 4000 pro
607 3920 728 3982 Christi
746 3937 844 3983 reve·

63 4021 155 4083 101110
172 4020 334 4093 revereri,
353 4020 387 4082 et
407 4035 474 4080 non
497 4018 604 4080 solum
626 4018 667 4080 ab
692 4020 842 4096 ipsarum

63 4115 180 4193 injuriis
203 4119 386 4191 abstinere,
411 4133 526 4180 verum
553 4118 653 4179 etiam
675 4116 752 4178 aliis
772 4116 841 4178 suis

63 4212 301 4291 injuriatoribus
314 4215 462 4284 obviare,
479 4231 579 4292 quum
593 4215 680 4276 idem
691 4215 841 4276 Christus

63 4311 208 4376 idearum
228 4313 392 4375 honorari
410 4313 537 4374 bonore
553 4327 588 4374 se
602 4313 743 4389 reputet,
760 4314 793 4374 et
805 4314 841 4374 in

63 4410 197 4474 molestia
220 4411 405 4473 molestari.
435 4410 484 4470 Ad
511 4411 658 4471 nostram
682 4425 843 4470 0010011-

64 4504 204 4571 dientiam
225 4509 323 4584 regni
338 4509 387 4570 tui
411 4507 577 4586 episcopis
596 4507 841 4570 insinuantibus

64 4607 105 4664 001
115 4605 266 4679 delatum,
285 4607 370 4685 quod
387 4605 583 4667 vacantibus
604 4621 717 4666 eorum
733 4606 842 4666 eccle-

65 4701 122 4774 siis,
151 4721 230 4782 quas
257 4705 368 4766 alieno
394 4704 473 4765 tunc
503 4702 690 4778 indigentes
714 4703 841 4764 auxilio

65 4797 184 4863 deberes
199 4819 241 4864 10
256 4802 292 4863 11
306 4801 402 4862 bonis
416 4801 485 4861 suis
496 4801 689 4879 paterentur
702 4800 840 4876 dispen-

66 4893 141 4958 dium
152 4901 337 4971 deiensare,
349 4898 436 4960 bona
447 4897 562 4960 eadem
575 4897 738 4959 violenter
749 4913 844 4958 usur-

66 5005 123 5064 pas,
139 4997 169 5056 et
180 5013 239 5073 pro
255 5001 312 5058 tua
327 4993 445 5072 diripis
458 4994 640 5065 voluntate,
657 4993 743 5071 quod
764 4993 841 5070 qui-

66 5087 126 5150 dem
139 5094 202 5154 tam
219 5107 355 5156 enorme
369 5093 467 5170 parit,
481 5093 517 5153 ut
529 5091 680 5168 praedicti
695 5092 841 5168 episcopi

654 344 883 420 11101010.
907 357 985 418 nin.
1010 359 1094 420 1111.

1637 363 1698 424 538

904 515 1124 580 serenitatem
1155 518 1248 578 tuam
1274 531 1458 587 monemus,
1486 532 1642 595 rogamus
1666 521 1700 584 01

902 614 1075 676 hortamur
1097 614 1233 687 attente,
1257 615 1431 692 quatenus,
1458 631 1501 677 ne
1526 617 1641 678 contra
1665 619 1700 680 10

901 712 988 772 iram
1010 714 1093 789 eJus,
1108 713 1166 790 qui
1187 713 1347 774 transfert
1365 729 1479 789 regna,
1496 715 1529 776 et
1544 715 1698 792 spiritum

902 808 1011 871 aufert
1034 809 1222 886 principum
1249 811 1427 887 provocari
1452 812 1633 888 contingat,
1655 813 1698 873 ab

901 906 954 966 bis
975 907 1086 968 taliter
1105 909 1321 985 conquiescas
1342 907 1428 985 qnod
1444 910 1476 970 et
1491 908 1528 971 tn
1549 910 1697 972 divinum

901 1005 1010 1080 possis
1038 1005 1094 1082 qni
1118 1021 1161 1066 ex
1184 1006 1248 1066 boc
1276 1005 1501 1068 concitaretur
1528 1006 1698 1070 declinare

901 1101 1058 1174 furorem,
1076 1104 1110 1165 01
1130 1119 1190 1164 100
1214 1107 1331 1165 001110
1351 1104 1384 1165 10
1408 1105 1566 1181 tanquam
1590 1105 1699 1167 00010-

901 1199 1113 1261 siasticorum
1135 1201 1324 1262 invasorem
1345 1200 1507 1262 bonorum
1536 1203 1696 1278 cogitare,

900 1297 987 1374 quod
1018 1313 1121 1374 grave
1141 1297 1203 1359 tibi
1233 1299 1403 1371 existeret,
1431 1314 1499 1360 non
1526 1315 1695 1375 cogamur.

901 1396 1020 1456 Datum
1040 1397 1077 1456 ut
1096 1410 1207 1472 supra.

1209 1671 1386 1760 CXXVII

898 1832 951 1891 Ao
981 1831 1136 1893 abbatam
1163 1833 1381 1903 Aeemoren„
1413 1835 1552 1894 110000.
1580 1837 1690 1908 dioec„

938 1931 1218 1992 archidiaconum
1235 1931 1269 1990 et
1288 1932 1455 1991 decureum
1469 1932 1505 1992 s.
1526 1932 1693 2007 sceptiana

939 2028 1079 2086 Treoeu.

1153 2103 1189 2161 20
1207 2100 1341 2160 februarii
1362 2104 1441 2161 iiii.

931 2227 1049 2290 [Regem.
1063 2225 1300 2291 lih.vil1,ep.s³3.
1314 2227 1371 2276 bias.
1385 2227 1421 2276 La
1432 2228 1507 2279 Porto
1520 2227 1555 2278 du
1568 2229 1661 2292 Theb]

899 2351 1014 2409 Mandat
1036 2359 1068 2410 ut
1091 2353 1120 2408 in
1139 2367 1226 2410 causa
1250 2353 1322 2410 inter
1344 2352 1577 2411 archidiaconum
1602 2356 1692 2412 Seno·

934 2455 1053 2498 nensem
1069 2447 1097 2498 et
1112 2440 1244 2498 abbatem
1259 2455 1293 2498 ac
1308 2448 1480 2500 conventum
1493 2444 1521 2500 S.
1541 2443 1616 2500 Petri
1627 2443 1694 2504 Vivi

934 2529 1077 2586 Senones.
1095 2529 1260 2602 procedant.

938 2656 1117 2728 Honorius,
1133 2659 1209 2728 ete,
1231 2656 1361 2719 dilectis
1376 2656 1456 2717 filiis
1476 2656 1587 2718 abbati
1603 2660 1693 2720 Ave-

897 2768 1037 2822 moren.,
1058 2756 1195 2815 Trecen.
1219 2753 1383 2826 dioecesis,
1401 2754 1637 2816 archidiacono
1661 2755 1695 2816 et

897 2849 1022 2912 decano
1039 2852 1152 2913 sancti
1168 2851 1327 2928 stephani
1340 2854 1477 2912 Trecen.
1583 2899 1589 2910 .

936 2948 1081 3010 Dilectus
1101 2948 1227 3008 filius...
1244 2949 1500 3010 archidiaconus
1522 2951 1689 3011 senonen.

897 3061 957 3106 sna
972 3045 1068 3106 nobis
1084 3046 1243 3122 petitione
1256 3047 1463 3118 monstravit,
1479 3047 1565 3123 quod
1590 3063 1692 3124 quum

897 3143 985 3205 inter
1006 3144 1115 3219 ipsum
1135 3159 1178 3204 01
1199 3145 1293 3220 parte
1317 3159 1395 3216 nna,
1424 3144 1457 3206 et
1476 3143 1628 3208 abbatem
1649 3161 1690 3206 ac

897 3241 1096 3303 conventum
1125 3241 1319 3302 monasterii
1348 3242 1461 3302 sancti
1494 3243 1585 3304 Petri
1614 3243 1691 3304 Vivi

898 3341 1062 3399 senonen.
1081 3353 1124 3399 ex
1138 3338 1254 3410 altera,
1272 3354 1373 3414 snper
1384 3341 1463 3416 jnre
1476 3339 1692 3404 archidiaco-

896 3437 995 3498 natus
1026 3437 1078 3498 sui
1103 3452 1215 3498 coram
1238 3435 1334 3498 vobis
1355 3436 1553 3499 auctoritate
1578 3439 1693 3500 nostra

897 3535 1037 3612 quaestio
1054 3533 1589 3605 1011010111,101110111110011111
1606 3535 1693 3597 tam·

898 3647 997 3709 quam
1023 3631 1058 3692 in
1093 3630 1236 3693 arbitros
1267 3633 1458 3709 juramento
1496 3632 1693 3709 interposito

897 3730 1186 3806 compromissum
1211 3729 1267 3790 sed
1283 3745 1360 3806 pars
1377 3729 1517 3791 adversa
1541 3731 1693 3806 postmo-

898 3827 986 3900 dum,
1001 3827 1042 3888 ab
1058 3826 1247 3903 hujusmodi
1262 3825 1416 3887 resiliens
1436 3827 1687 3903 compromiss0,

896 3940 956 3986 vos
972 3923 1013 3986 ad
1029 3923 1204 3986 arbitrium
1222 3924 1402 4000 procedere
1425 3940 1493 3985 non
1520 3925 1691 4012 permittit.

896 4021 1032 4084 abbatis
1046 4037 1126 4084 vero
1141 4022 1175 4083 et
1186 4024 1368 4083 conventus
1384 4023 1500 4100 petitio
1518 4022 1692 4086 101110011-

897 4119 1002 4182 bibita
1036 4119 1076 4180 de
1106 4119 1193 4181 dicto
1224 4120 1464 4196 compromisso
1493 4121 1694 4182 mentionem

897 4233 964 4278 non
979 4217 1106 4279 iaciens
1119 4217 1320 4289 continebat,
1333 4218 1419 4295 quod
1431 4235 1530 4296 quum
1544 4218 1579 4279 in
1592 4224 1694 4296 Apos-

896 4314 1007 4376 tolicis
1036 4314 1166 4387 litteris,
1195 4330 1255 4391 per
1283 4331 1365 4392 quas
1393 4315 1487 4376 vobis
1514 4315 1692 4376 commissa

897 4413 946 4474 est
979 4411 1169 4488 supradIcta
1195 4411 1332 4489 quaestio
1356 4412 1400 4472 sit
1423 4428 1630 4488 expressum,
1656 4413 1692 4474 ut

896 4509 1076 4585 inquiratis
1091 4509 1264 4570 veritatem
1280 4523 1339 4583 per
1354 4507 1533 4568 canonicos
1553 4509 1691 4585 majoris
1725 4537 1733 4548 ·

897 4606 1047 4668 ecclesiae
1062 4608 1239 4676 senonen,
1256 4608 1289 4667 et
1310 4604 1376 4664 nisi
1398 4601 1492 4665 vobis
1516 4604 1604 4666 inira
1622 4607 1692 4667 tres

897 4721 1027 4765 menses
1042 4704 1117 4780 post
1128 4693 1243 4780 primae
1266 4701 1434 4763 0110110110
1451 4701 1596 4764 edIotum
1616 4720 1693 4765 oon·

897 4802 1018 4864 stiterit
1044 4817 1103 4878 per
1126 4800 1258 4862 eosdem
1283 4798 1456 4876 praefatum
1477 4800 1692 4863 archidiaco-

897 4916 987 4971 num,
1014 4899 1068 4960 vel
1094 4897 1355 4976 praedecessores
1382 4900 1455 4974 eius
1482 4898 1522 4960 de
1554 4899 1693 4975 pacifice

896 4997 1029 5059 obtenta
1058 4995 1297 5057 consuetudine
1326 4995 1594 5071 jurisdictionem
1625 4998 1692 5059 ali-

897 5109 994 5170 quam
1014 5093 1050 5153 in
1071 5092 1145 5168 ipso
1161 5093 1373 5164 monasterio,
1391 5093 1443 5152 101
1468 5091 1503 5153 11
1525 5093 1601 5154 aliis
1626 5093 1693 5154 bn-

66 5193 211 5264 asserunt,
220 5191 344 5254 eisdem
353 5189 504 5252 ecclesiis
514 5189 746 5250 detrimentum
755 5189 840 5266 quod
893 5190 1039 5268 jusmodi
1054 5188 1206 5261 abbatiis,
1216 5189 1376 5251 hactenus
1392 5189 1562 5262 babuisse,
1575 5191 1662 5266 praef
1680 5223 1693 5237 ·

66 5282 105 5344 sio
121 5285 211 5349 bonis
225 5289 392 5350 distractis
408 5303 523 5350 eorum
539 5287 591 5347 sui
612 5286 772 5356 redditus,
784 5287 841 5365 qui

66 5379 137 5444 alias
154 5387 232 5448 satis
248 5387 325 5448 sunt
339 5387 456 5458 exiles,
470 5388 504 5448 01
523 5387 639 5446 tenues
660 5385 841 5446 annullen-

66 5477 119 5540 tur.
133 5485 233 5554 Qnum
247 5486 357 5546 antem
368 5485 440 5545 baec
449 5483 552 5560 regiae
566 5483 762 5544 celsitudini
774 5498 841 5545 non

67 5583 248 5645 conveniant
265 5599 325 5662 per
339 5599 412 5660 quae
432 5580 642 5658 dispendium
659 5581 775 5642 salutis
787 5581 843 5642 in-

68 5686 213 5748 curreres,
225 5681 257 5743 et
272 5681 396 5756 regalis
413 5678 640 5741 munificentia
655 5680 838 5751 notaretur,

896 5291 965 5351 tum
979 5288 1217 5350 monasterium
1233 5287 1274 5348 ab
1289 5291 1361 5363 ejus
1384 5287 1544 5363 petitione
1561 5289 1693 5364 penitus

897 5386 1096 5460 absolvatis;
1125 5386 1197 5462 ipso
1222 5385 1459 5446 archidiacono
1486 5385 1629 5460 petente,
1658 5387 1694 5450 ut

897 5485 1091 5560 reciperetis
1118 5483 1220 5546 testes
1245 5483 1473 5558 undecumque
1502 5483 1690 5558 productos,
1783 5552 1786 5571 Ι

897 5582 930 5644 01
943 5598 1043 5658 super
1055 5581 1198 5643 abbatiis
1210 5596 1277 5642 non
1295 5581 1458 5641 senonen.
1475 5578 1692 5656 interrogatis

898 5679 1043 5742 eosdem.
1074 5683 1141 5742 Vos
1168 5678 1345 5741 occasione
1378 5678 1547 5754 petitionis
1571 5678 1692 5756 hujus-
