4102 6322
299 384 340 443 lv
917 391 1092 462 HQNORII
1114 394 1160 454 111
1180 393 1328 462 OPERA.
1929 395 1975 454 48

299 541 482 618 firmamus,
503 545 536 608 et
563 548 737 623 praesenits
765 549 880 626 scrlpti
906 551 1091 627 patrocinio
1144 554 1207 628 tes,
1228 553 1290 617 etc.
1314 552 1472 632 Alioquin
1493 552 1605 632 partes
1624 551 1666 616 ad
1689 553 1844 632 predicti
1873 554 1973 616 oril-

290 641 554 703 'communimus
574 643 668 704 Nulli
690 659 780 720 ergo,
797 647 859 708 etc.
885 648 920 708 Si
937 649 1011 724 quis
1030 664 1092 710 au·
1147 651 1243 712 ciaiis
1267 651 1450 713 remittatis.
1463 667 1613 713 examen.
1634 651 1869 730 appellantes,
1891 653 1971 713 etc.

298 738 376 810 tem,
389 739 449 799 etc.
464 739 582 801 Datum
595 742 762 814 Laterani,
776 745 821 805 111
835 743 945 805 idibus
960 744 1092 808 decem-

298 833 379 908 bris
395 837 607 914 pontificatus
621 839 727 901 nostri
741 855 829 901 anno
844 856 880 901 se
904 842 950 903 to.

604 1182 608 1191 ·
649 1133 738 1224 LVI

297 1285 349 1344 Ad
370 1285 580 1360 rcaptstram
604 1287 639 1348 C.
662 1287 954 1356 archidiaconum,
979 1286 1013 1348 et
1015 1327 1088 1346 ......

336 1382 529 1454 edictalem,
540 1397 582 1444 ac
594 1384 933 1458 archipresbyterum
946 1385 987 1446 de
998 1387 1092 1446 Hom

337 1479 407 1550 toa,
421 1482 577 1540 dtoecests
591 1483 854 1542 Lemoviceastr.

542 1611 576 1668 lt
590 1608 750 1668 decembris
766 1612 845 1670 1211.

335 1733 454 1798 [Regest.,
470 1732 567 1792 111111,
577 1731 812 1814 epistaanlssna
823 1736 898 1786 Porta
910 1734 945 1787 du
957 1731 1052 1800 Thell]

296 1849 398 1916 Causa,
412 1847 448 1904 da
463 1846 585 1920 qtvodam
599 1863 727 1919 nemore,
741 1856 868 1908 vertente
883 1849 956 1908 inter
965 1863 1090 1908 conven-

331 1937 390 1994 tum
406 1935 441 1993 de
457 1938 531 1994 Lacu
547 1935 635 1994 rubeo
648 1951 684 1995 ex
695 1951 749 1995 uns
763 1946 843 2011 parte
855 1945 884 1996 et
896 1941 928 1996 F.
941 1937 977 1996 da
992 1937 1091 1997 Chem-

328 2024 399 2082 boro
418 2039 455 2082 en
477 2025 576 2094 altere,
597 2040 693 2083 coram
713 2027 852 2100 magistro
870 2027 905 2084 lt.
925 2027 1088 2086 claromon-

299 2159 305 2168 .
330 2113 414 2180 tenet,
439 2113 515 2170 idem
541 2115 572 2170 F.
594 2111 769 2173 trustratorle
795 2114 914 2172 obtinuit
939 2121 1090 2173 uteorum

331 2199 446 2258 cilicinli
469 2202 637 2259 bituricensi
663 2216 749 2259 causa
774 2204 943 2260 remittatur.
968 2206 1010 2260 lin
1035 2202 1091 2261 hoc

331 2289 482 2362 appellatio
497 2297 656 2347 conventus
668 2289 704 2348 ad
717 2289 820 2348 sedam
832 2293 1000 2360 Romanam,
1012 2297 1041 2348 et
1055 2290 1090 2348 ab

331 2377 457 2436 Honorio
483 2376 628 2450 delegatio
647 2377 776 2451 ejusdem
796 2378 832 2436 ad
858 2378 1089 2438 archidiaconum

330 2467 576 2524 lemovicensem.

335 2593 515 2664 Honorius,
536 2593 611 2666 etc,
629 2592 760 2655 dilectis
778 2593 857 2654 tiliis
876 2593 1036 2670 magistro
1054 2594 1088 2654 C.

296 2689 533 2752 archidiacono
546 2691 629 2752 et...
646 2691 783 2753 officiali
796 2691 1004 2753 Lemovicen.
1019 2692 1088 2752 et...

295 2786 585 2865 archipresbytero
598 2787 637 2849 de
652 2789 784 2850 Houton
803 2788 957 2851 dioecesis
970 2791 1091 2850 Lemo-

294 2885 402 2946 vicen.

334 2983 452 3046 Dilecti
468 2982 566 3045 tilii...
583 2983 675 3062 prior
694 2985 727 3048 et
748 2985 929 3048 conventus
945 2983 985 3046 de
1000 2985 1089 3046 Lacu

293 3079 397 3142 rubeo
416 3083 617 3144 transmissa
636 3081 732 3144 nohis
746 3083 907 3160 petitione
921 3083 1089 3144 monstra-

293 3177 383 3248 runt,
398 3176 484 3252 quod
499 3193 573 3238 cum
589 3178 677 3239 inter
688 3179 779 3254 ipsos
796 3194 840 3240 ex
855 3179 949 3255 parte
963 3194 1041 3249 una,
1057 3179 1091 3240 et

295 3274 333 3334 F.
362 3272 402 3334 de
429 3271 614 3334 Chamboro
641 3274 780 3336 militem
809 3274 1090 3336 claromontensis

295 3367 450 3431 dioecosis
469 3384 512 3431 ex
532 3369 651 3442 altera,
668 3386 768 3447 super
781 3371 922 3450 qupdam
942 3386 1088 3444 nemore,

295 3466 329 3528 et
341 3465 442 3527 rebus
462 3466 540 3527 aliis
566 3480 678 3528 coram
693 3467 852 3543 magistro
871 3471 909 3529 A.
929 3469 1090 3530 canonino

295 3563 572 3636 Claromonteusi,
589 3580 654 3625 non
670 3581 713 3626 ex
727 3564 934 3640 delegatione
948 3568 1091 3643 Aposto-

295 3657 371 3731 lica‚
390 3657 528 3735 quaestio
542 3659 741 3732 verteretur,
753 3659 839 3720 idem
855 3659 951 3721 miles
971 3659 1012 3721 ad
1028 3676 1089 3723 ve-

294 3755 478 3818 nerabilem
508 3757 644 3818 tratrem
671 3757 821 3818 nostrum
847 3755 1089 3820 Bituricensem

295 3853 583 3931 arentepiscopum
605 3853 815 3917 frustratorie
839 3871 953 3918 vocem
975 3857 1091 3936 appel-

295 3949 432 4011 lationis
447 3951 611 4024 emittenS,
630 3967 765 4014 causam
781 3967 880 4030 super
891 3953 995 4014 his...
1011 3943 1088 4014 ciii-

297 4046 376 4108 ciali
386 4048 567 4110 bituricen.
578 4047 719 4110 obtinuit
730 4048 889 4125 delegari,
902 4066 1015 4112 coram
1026 4067 1089 4128 quo

297 4160 340 4206 ex
354 4145 448 4221 parte
467 4144 629 4207 dictorum
644 4145 767 4222 prioris
787 4149 819 4208 61
834 4150 1015 4209 conventus
1029 4148 1091 4209 tuit

296 4241 492 4318 excipiendo
518 4243 733 4319 propositum,
760 4243 845 4320 quod
868 4260 943 4305 cum
965 4246 1090 4306 omisso

296 4339 485 4401 dioecesano
500 4339 654 4416 episcopo
674 4339 792 4402 inisset
806 4341 846 4402 ad
864 4341 1014 4404 eumdem
1030 4357 1089 4404 ar-

198 4465 201 4476 ·
295 4436 543 4516 chiepiscopum
559 4437 772 4514 appellatum,
789 4438 830 4498 ad
851 4455 946 4516 quem
968 4438 1091 4516 grada-

295 4534 355 4597 tim
377 4535 487 4596 iuerat
508 4534 753 4612 appellandum,
769 4535 804 4597 in
824 4551 926 4596 causa
953 4537 1026 4613 ipsa
1050 4536 1090 4598 de

291 4627 369 4706 June
393 4633 571 4708 procedere
596 4649 661 4694 non
686 4631 816 4710 poterat
839 4647 901 4694 nec
928 4633 1088 4709 debebat;

295 4727 352 4788 sed
369 4729 447 4804 quia
468 4729 575 4790 dictus
593 4729 748 4792 bilicialis
763 4730 954 4809 hujusmodi
974 4745 1089 4792 eorum

296 4825 525 4901 exceptionem
549 4827 723 4890 admittere
744 4825 940 4905 denegabat,
964 4828 1028 4906 ipsi
1048 4827 1089 4889 ad

294 4925 443 4986 nostram
477 4923 680 4986 audientiam
714 4925 934 5002 appellarunt.
965 4925 1007 4987 At
1032 4925 1090 4986 ille

1147 749 1273 821 Testes,
1291 748 1353 810 etc.
1369 749 1460 820 Quod
1476 749 1506 809 si
1520 765 1586 810 non
1602 765 1727 822 omnes,
1745 751 1805 812 etc.
1821 751 1971 812 Datum

1147 846 1323 918 Laterani,
1350 846 1381 907 ll
1404 845 1479 907 idus
1504 845 1700 919 decembris,
1729 848 1969 926 pontificatus

1147 943 1255 1004 nostri
1269 957 1357 1006 auno
1370 943 1475 1006 sexto.

1485 1198 1595 1289 LVII

1144 1350 1197 1411 Ad
1210 1351 1411 1414 abbatemet
1425 1353 1631 1415 conventam
1641 1355 1964 1418 Sancttdermani

1363 1450 1716 1514 dePrcttsPdm‘sten.

1392 1578 1594 1638 ltidecembrls
1609 1581 1688 1639 ital.

1176 1699 1295 1764 magari„
1311 1699 1356 1752 tib.
1372 1703 1415 1759 vl.
1431 1703 1503 1767 epist.
1512 1703 1551 1753 89.
1560 1703 1617 1754 tiss.
1631 1705 1667 1754 La
1676 1705 1751 1755 Porta
1766 1705 1801 1755 du
1814 1706 1920 1772 rhein]

1146 1815 1246 1875 Statuit
1269 1823 1300 1874 ut
1325 1817 1471 1890 inquisitio
1496 1818 1525 1874 in
1551 1821 1724 1877 monasterio
1751 1821 1878 1894 ipsorum
1912 1821 1957 1879 ab
2039 1839 2040 1924 p

1181 1904 1395 1978 archiepiscopo
1413 1905 1566 1964 Parisiensi
1584 1914 1612 1964 et
1631 1907 1832 1967 archidiacono
1847 1912 1952 1968 Seno-

1180 1993 1307 2051 nenside
1318 1994 1452 2051 mundato
1462 1994 1578 2066 spectati
1591 1993 1675 2065 iacta,
1692 1997 1800 2054 nullum
1814 1997 1952 2058 libertati
2039 2017 2040 2044 l

1179 2082 1307 2156 ejusdem
1332 2083 1498 2140 monasterii
1524 2083 1717 2157 prejudicium
1740 2085 1769 2143 iu
1792 2095 1952 2160 posterum
2039 2125 2040 2152 ,

1180 2177 1309 2243 generet.

1183 2297 1362 2370 Honorius,
1388 2300 1463 2372 etc„
1488 2296 1619 2362 dilectis
1647 2301 1726 2361 tiliis
1756 2300 1883 2376 abbati,
1914 2303 1953 2364 et
2039 2333 2040 2348 ,

1144 2395 1322 2456 conventui
1338 2397 1450 2458 Sancti
1467 2399 1621 2458 Germani
1637 2399 1677 2460 de
1692 2399 1813 2460 Pratis.

1185 2493 1265 2575 Cum
1291 2495 1528 2555 monasterium
1551 2497 1698 2558 vestrum
1712 2495 1754 2557 ad
1770 2497 1952 2573 Apostoli-

1144 2603 1216 2650 cam
1238 2590 1355 2651 sedem
1379 2591 1567 2653 immediate
1584 2593 1750 2669 pertinere
1765 2595 1942 2666 noscetur,

1145 2701 1205 2746 nos
1224 2687 1324 2765 justis
1339 2689 1556 2764 providentiae
1574 2689 1692 2750 vestrae
1706 2688 1862 2765 precibus
1886 2691 1946 2752 he-

1144 2783 1710 2860 nignumimpertientesassensum,
1722 2787 1942 2862 praesentium

1144 2881 1341 2942 auctoritate
1360 2881 1547 2953 statuimus,
1569 2897 1611 2942 ne
1627 2898 1685 2958 per
1699 2881 1762 2944 hoc
1775 2883 1861 2960 quod
1875 2900 1943 2944 ve-

1145 2977 1306 3060 nerabilis
1334 2978 1439 3039 irater
1457 2980 1606 3041 noster...
1624 2979 1786 3041 Parisien.
1803 2981 1944 3057 episco-

1145 3092 1206 3152 pus
1221 3076 1289 3137 et...
1305 3076 1558 3138 archidiaconus
1575 3079 1740 3138 Senonen.
1753 3078 1945 3155 Inquisitio-

1145 3189 1220 3234 nem
1242 3173 1277 3233 in
1301 3172 1503 3235 monasterio
1525 3175 1597 3250 ipso
1617 3175 1772 3251 specialis
1791 3176 1944 3237 mandati
2039 3213 2040 3264 l

1145 3269 1250 3330 nostri
1274 3271 1471 3333 auctoritate
1485 3269 1647 3344 iecerunt,
1665 3271 1817 3334 libertate
1842 3276 1943 3350 eJus-

1146 3366 1218 3428 dem
1229 3368 1421 3429 monasterii
1435 3369 1662 3446 praejudicium
1674 3369 1808 3447 aliquod
1819 3369 1855 3431 in
1866 3386 1944 3447 pos·
2039 3407 2040 3412 κ

1145 3467 1253 3525 terum
1273 3466 1461 3540 generetur.
1488 3466 1579 3526 Nulli
1604 3481 1695 3542 ergo,
1721 3468 1796 3539 etc,
1815 3469 1942 3529 nostrae
2039 3539 2040 3548 ἶ

1145 3554 1393 3642 constitutionis
1403 3563 1596 3638 intringere.
1611 3565 1645 3624 Si
1659 3564 1733 3641 quis
1744 3565 1941 3636 autam,etc.
2039 3605 2040 3628 r

1144 3661 1263 3720 Datum
1293 3661 1461 3733 Laterani,
1496 3662 1587 3722 XVII
1615 3661 1747 3723 kalend.
1775 3663 1941 3740 januarii,

1146 3773 1234 3821 anno
1249 3759 1354 3821 sexto.

1478 4001 1609 4090 LVIII

1230 4145 1282 4203 Ad
1301 4147 1595 4220 archiepiscopum
1618 4148 1859 4208 secoviensem.

1396 4273 1430 4330 tc
1444 4273 1603 4334 decembris
1613 4277 1692 4334 1111.

1162 4398 1280 4460 [Regest.,
1297 4397 1342 4447 lib.
1363 4397 1403 4457 VI,
1421 4397 1496 4462 epist.
1515 4399 1554 4450 99.
1568 4401 1625 4450 llss.
1639 4401 1676 4452 La
1687 4401 1765 4452 Porta
1783 4400 1816 4450 du
1830 4399 1923 4465 rheti]

1146 4514 1286 4570 statutum
1307 4511 1343 4571 de
1357 4513 1493 4571 vicesima
1508 4529 1559 4587 per
1575 4515 1729 4573 triennium
1754 4531 1805 4588 pro
1820 4516 1938 4589 negotio

1228 4600 1295 4658 11161
1307 4602 1336 4658 in
1351 4602 1478 4675 parthus
1493 4604 1651 4660 Provincia
1660 4603 1855 4662 confirmatur.

1186 4728 1364 4798 Honorius,
1395 4731 1471 4800 etc,
1497 4729 1681 4791 venerabili
1707 4728 1803 4791 tratri
1823 4729 1936 4790 urchi-

1145 4825 1301 4903 episcopo
1322 4827 1485 4887 senonen.

1184 4925 1253 4984 Tua
1274 4922 1370 4984 nobis
1388 4923 1580 4985 fraternitas
1593 4923 1760 4988 intimavit
1774 4924 1861 5002 quod
1874 4939 1936 4984 nu-

294 5021 443 5099 ipsorum
469 5021 691 5098 appellatione
720 5024 917 5100 contempta,
946 5039 1089 5100 suspen·
1145 5021 1257 5097 perde
1273 5019 1936 5095 suffraganeorumtuorumconsiliocum

295 5120 411 5192 sionis,
429 5120 461 5181 et
480 5117 648 5181 interdicti
669 5117 746 5180 tulit
767 5120 948 5181 sententIas
964 5122 999 5182 in
1014 5136 1090 5182 eos·
1144 5118 1382 5180 deliberatione
1409 5119 1546 5194 provida
1570 5119 1733 5192 statuisti,
1758 5120 1795 5181 ut
1824 5133 1934 5181 omnes

294 5217 380 5279 dem.
416 5215 615 5278 Discretioni
648 5219 768 5278 vestras
805 5229 865 5293 per
898 5219 1089 5294 apostolica
1143 5216 1209 5277 tuae
1234 5214 1388 5276 dluecesis
1408 5214 1522 5275 clerici
1542 5216 1736 5277 vicesimam
1761 5216 1934 5278 ecclesias·

295 5315 419 5391 scripta
439 5312 646 5386 mandamus,
663 5315 827 5390 quatenus
842 5314 870 5374 si
886 5314 991 5375 dictas
1006 5331 1088 5376 sen·
1143 5313 1284 5375 ticorum
1300 5312 1518 5390 proventuum
1533 5328 1593 5388 per
1608 5313 1788 5375 triennium
1808 5313 1934 5375 solvant

294 5413 416 5475 tentias
431 5412 505 5487 post
524 5411 714 5488 hujusmodi
728 5411 984 5489 appellatinnem
1000 5412 1090 5474 inve·
1143 5424 1203 5485 pro
1218 5409 1394 5470 commisso
1413 5407 1474 5469 tihi
1490 5407 1566 5469 fidei
1581 5409 1774 5472 orthodoxae
1790 5410 1931 5487 negotio,

260 5531 267 5545 ·
294 5508 412 5571 neritis
427 5522 501 5569 esse
515 5509 611 5579 latas,
633 5509 867 5570 denuntiantes
884 5523 941 5569 eas
956 5509 1088 5585 penitus
1144 5499 1229 5584 quod
1256 5507 1291 5567 in
1311 5505 1498 5568 Provinciae
1523 5506 1671 5582 partibus
1698 5508 1809 5584 agitur
1836 5523 1932 5568 exse-

295 5622 363 5668 non
390 5605 516 5677 tenere,
544 5605 688 5668 audiatis
715 5620 866 5679 causam,
889 5607 922 5667 et
940 5605 1089 5682 appella·
1144 5603 1283 5681 quendo.
1321 5605 1390 5664 Nos
1428 5602 1530 5679 igitur
1570 5604 1812 5680 providentiam
1847 5607 1933 5666 tuam

295 5706 385 5768 tione
398 5703 523 5764 remota
538 5701 603 5766 tine
618 5701 728 5766 debito
740 5703 937 5776 terminetis,
956 5701 1087 5765 iacien—
1144 5701 1253 5777 dignis
1275 5701 1309 5762 in
1326 5701 1465 5763 Domino
1485 5700 1638 5764 laudibus
1659 5701 1930 5774 commendantes,
