4104 6330
127 375 179 438 lul

124 533 276 598 allabona
285 531 409 602 vestra,
424 531 512 594 sicut
522 545 563 592 ea
573 529 789 609 omniaJuste,
804 543 908 594 cano-

124 633 192 696 nice
205 647 245 693 ao
258 630 396 709 pacifice
409 629 599 708 possidetis,
612 628 707 690 uobis
721 629 755 692 et
771 643 831 706 per
848 641 907 690 vos

122 730 222 792 eidem
234 729 436 792 monasterio
459 728 571 790 vestro
583 725 782 789 auctmitate
796 730 906 803 Apos-

124 828 216 890 tolica
246 827 481 888 confirmamus
511 826 545 888 et
578 823 753 902 praesentis
791 824 907 900 scripti

123 923 300 1004 patrocinio
314 923 568 986 communimus.
579 922 673 984 Nulli
682 937 762 998 ergo
773 921 907 983 omnino

124 1021 286 1084 bominum
298 1021 400 1084 liceat
414 1021 501 1084 banc
519 1019 675 1097 paginam
690 1020 812 1082 nostra
825 1033 906 1096 pro-

123 1119 268 1182 tectionis
282 1119 316 1181 et
329 1118 592 1181 confirmationis
603 1116 798 1194 intringere,
810 1116 865 1178 vel
875 1114 907 1178 el

123 1213 905 1293 ausutemerariocontraire.Siquisautem,etc.

123 1314 233 1376 Datum
247 1314 415 1386 Laterani,
435 1315 481 1375 Xl
503 1313 571 1376 lsal.
591 1313 681 1391 julii,
696 1311 907 1390 pontificatus

122 1413 218 1475 nostri
232 1427 322 1474 anno
336 1411 442 1474 sexto.

426 1649 598 1742 nullm

136 1806 184 1866 Act
197 1803 336 1868 abbates
348 1805 382 1867 ct
401 1805 535 1879 tratres
552 1806 736 1866 universos
755 1804 888 1864 ordinis

328 1902 690 1964 Proemoustrotcusts.

404 2034 439 2092 22
448 2032 522 2105 junii
535 2032 614 2091 lam.

184 2155 330 2222 [letheus.
344 2157 443 2212 Veteris
454 2158 502 2210 evi
515 2157 647 2217 Analecta,
659 2162 679 2208 t.
690 2156 722 2220 ll,
738 2170 765 2221 p.
778 2155 830 2222 lu]

120 2281 222 2340 inhibet
234 2297 271 2340 ne
284 2283 435 2356 quisquam
443 2297 543 2342 eorum
551 2282 580 2340 in
591 2281 797 2356 pertractandis
807 2281 909 2340 aliems

211 2373 311 2430 causis
324 2380 480 2446 praesumal
490 2372 614 2430 existere
631 2379 807 2446 procurator.

154 2499 321 2561 Honorius
329 2499 516 2576 episcopus,
528 2513 645 2561 servus
656 2513 827 2562 seruorum
835 2497 906 2573 Dei,

119 2595 239 2658 dilectis
252 2595 333 2658 liliis
349 2595 532 2669 abbatibus,
550 2597 582 2659 et
596 2595 755 2660 iratribus
766 2596 907 2659 univer-

119 2693 160 2756 sis
171 2693 298 2756 ordinis
312 2695 653 2766 Praemonstratensis,
667 2693 819 2766 salutem,
830 2695 893 2758 eto.

154 2794 256 2864 Quum
268 2791 396 2854 relictis
420 2791 535 2854 saeculi
557 2790 761 2855 uanitmibus
790 2793 822 2854 ei
843 2793 908 2854 soli

120 2887 308 2966 impendere
328 2888 511 2954 teneamini
526 2889 749 2962 namulmum,
766 2891 821 2952 cui
836 2906 908 2952 ser·

119 2987 182 3048 rire
195 3003 341 3064 regnare
353 2988 414 3060 est,
434 2988 591 3049 indecens
613 2988 742 3051 constat
768 2987 905 3060 esseut,

122 3099 212 3161 quum
238 3085 389 3148 debeatis
413 3085 618 3148 orationibus
642 3084 831 3162 invigilare,
852 3086 908 3146 in-

119 3182 252 3246 volvatis
268 3200 329 3245 vos
344 3183 583 3261 quaestionibus
594 3183 724 3246 alicnis.
745 3183 907 3256 Quocirca

119 3279 323 3344 universitati
342 3281 462 3343 vestrae
482 3281 681 3344 auctoritate
692 3283 906 3360 praesentium

119 3377 311 3452 inhibemus,
322 3395 364 3441 ne
375 3379 548 3457 quisquam
558 3379 704 3442 restrum
716 3380 750 3440 in
763 3382 908 3457 pertrac-

118 3475 219 3536 tandis
231 3477 355 3538 alienis
364 3477 475 3538 causis
487 3479 666 3554 praesumat
678 3477 824 3539 existere
834 3493 907 3554 pro·

119 3575 252 3637 curator.
271 3575 366 3636 Nulli
381 3589 461 3652 ergo
474 3576 608 3637 omnino
624 3575 793 3644 hominum
806 3575 907 3639 liceat

118 3670 196 3734 bano
219 3674 378 3751 paginam
400 3676 522 3736 nostrae
552 3673 762 3736 inhibitionis
785 3673 907 3735 inirin-

118 3783 199 3844 gere,
223 3772 281 3834 vel
305 3771 336 3832 ei
363 3787 448 3833 ausu
467 3771 645 3833 temerario
669 3771 848 3833 contraire.
870 3771 906 3832 Si

119 3867 184 3942 quis
200 3871 313 3931 autem
325 3867 388 3930 boc
399 3869 562 3931 altentare
576 3868 834 3946 praesumpserit,
850 3869 907 3930 in-

119 3962 336 4039 dignationem
358 3966 595 4044 omnipotentis
615 3966 674 4028 Dei
688 3967 720 4028 el
732 3966 904 4028 beatorum

119 4062 200 4124 Petri
213 4064 246 4126 ei
254 4063 354 4126 Pauli
377 4064 604 4141 apostolorum
630 4065 702 4142 eius
724 4080 760 4126 se
777 4063 906 4126 nouerit

118 4157 336 4222 incursurum.
362 4163 480 4224 Datum
494 4161 661 4234 Laterani,
679 4163 709 4222 X
724 4161 792 4223 kal.
813 4161 902 4240 julii,

119 4255 322 4331 pontificatus
335 4259 441 4322 nostri
452 4275 540 4321 anno
558 4260 664 4322 sexto.

411 4534 605 4624 CCXXIII

119 4683 308 4749 cocosates
322 4687 499 4750 sacratu
514 4655 904 4750 neselsfneonarotoe

154 4785 278 4846 Caluus
292 4785 376 4846 etde
387 4787 538 4860 ltlcpclm,
554 4785 804 4848 xanctonensis
818 4788 904 4848 αἰω-

152 4884 246 4943 cesis.

397 4957 431 5016 2³
443 4956 516 5031 junii
534 4956 613 5016 itit.

318 5081 433 5147 [Hymet.
446 5082 559 5142 Foedera,
570 5083 592 5142 l,
606 5095 625 5143 1,
637 5081 690 5149 88.]

182 5197 223 5254 lle
237 5196 388 5258 insolentia
401 5197 624 5270 Templarlorum
640 5195 830 5272 reprimenda.

153 5312 509 5392 llouoriusepiscopus,
524 5329 640 5376 servus
653 5331 824 5378 servorum
831 5317 900 5388 Dei,

736 369 965 432 EPISTOLAE.
989 369 1067 430 ms.
1090 368 1146 434 v1.

1699 369 1759 434 198

961 528 1094 594 dilectis
1110 530 1188 593 tiliis
1202 531 1245 593 de
1271 531 1386 594 Gratia
1405 533 1477 600 Dei,
1493 532 1527 595 et
1539 531 1652 595 Sancti
1668 533 1756 595 Leo·

961 627 1058 690 nardi
1070 627 1111 689 de
1130 627 1263 697 calmis,
1287 629 1319 690 ct
1344 627 1385 690 de
1409 628 1549 705 Rupelia
1569 627 1756 704 abbatibus,

961 724 1204 787 xanctonensis
1217 725 1382 799 dioecesis,
1395 725 1536 788 salutem
1550 729 1582 787 et
1594 725 1758 803 Apostoli·

962 835 1035 884 cam
1049 822 1326 886 benedictionem.

1002 920 1203 982 carissimus
1216 921 1251 982 in
1280 920 1410 984 Christo
1425 921 1514 983 tilius
1535 920 1649 985 noster
1663 923 1757 984 Hen-

961 1017 1063 1090 ricus,
1083 1032 1146 1079 rex
1171 1017 1354 1094 anglorum
1391 1017 1541 1092 illustris,
1579 1035 1641 1080 sua
1661 1019 1758 1082 nobis

961 1115 1120 1192 petitione
1155 1116 1352 1180 monstravit
1387 1117 1491 1194 quod,
1528 1133 1628 1193 quum
1657 1117 1758 1179 clarae

962 1211 1131 1274 memoriae
1159 1213 1325 1274 Henrious
1340 1228 1434 1286 avus,
1458 1213 1491 1276 et
1517 1213 1758 1290 Ricarduspa-

961 1311 1057 1370 truus
1081 1311 1154 1386 ejus
1182 1325 1279 1387 reges
1294 1311 1441 1387 Angliae,
1470 1311 1506 1372 in
1532 1311 1612 1374 villa
1634 1326 1694 1372 sua
1719 1311 1761 1373 de

963 1405 1102 1482 Rupelia
1124 1405 1282 1469 fratribus
1296 1408 1425 1470 militiae
1448 1407 1587 1486 Templi,
1604 1409 1757 1471 xancto-

962 1501 1075 1565 nensis
1090 1503 1254 1578 dioecesls,
1272 1505 1433 1583 quasdam
1442 1505 1556 1569 domos
1567 1507 1622 1584 pia
1635 1505 1762 1570 libera-

962 1601 1055 1664 litate
1067 1601 1276 1676 donaverint,
1292 1603 1343 1664 illi
1366 1599 1453 1666 lacta
1475 1603 1538 1665 sibi
1557 1605 1669 1680 gratia
1682 1619 1761 1682 per-

962 1713 1076 1777 peram
1102 1698 1284 1775 abutentes,
1299 1716 1524 1780 quascumque
1546 1702 1672 1777 domos,
1689 1701 1761 1765 slve

962 1797 1191 1874 possessiones
1206 1799 1263 1862 aut
1287 1799 1438 1860 homines
1462 1801 1600 1877 possunt
1615 1801 1761 1863 circum-

963 1910 1094 1973 quaque
1121 1895 1210 1958 inlra
1230 1896 1467 1974 proprietatem
1481 1897 1620 1974 regiam,
1637 1914 1760 1975 appre-

963 1994 1109 2056 hendere
1121 1991 1186 2055 sibi
1197 2009 1249 2066 ea,
1266 1993 1301 2056 ln
1315 1993 1546 2073 prejudicium
1558 1999 1641 2074 ejus,
1659 2012 1762 2058 usur-

963 2094 1053 2170 pant,
1070 2091 1103 2153 et
1117 2091 1228 2154 statim
1242 2091 1449 2169 imponentes
1465 2093 1561 2168 signa
1574 2109 1635 2154 sua
1646 2093 1761 2157 taliter

963 2189 1145 2265 usurpatis,
1160 2203 1226 2250 non
1237 2187 1641 2267 permittuntexinderegl
1650 2189 1762 2254 debita

963 2285 1162 2348 etconsueta
1175 2287 1315 2349 servitia
1325 2288 1513 2364 provenire.
1529 2286 1670 2361 Adbaec,
1687 2303 1764 2350 curn

963 2383 1004 2446 de
1020 2383 1157 2462 antiqua
1167 2383 1617 2463 ipsiusvlllaeconsuetudine
1628 2387 1671 2448 sit
1685 2385 1763 2448 hac-

962 2481 1060 2544 tenus
1098 2481 1324 2558 observatum,
1351 2483 1388 2547 ut
1408 2485 1608 2562 quicumque
1632 2482 1761 2546 advena

963 2579 1186 2653 sinedomino,
1200 2596 1260 2658 per
1270 2597 1394 2643 annum
1403 2580 1530 2644 etdiem
1541 2582 1588 2644 ibi
1597 2583 1758 2656 moratur,

963 2677 1074 2740 statim
1088 2677 1232 2740 allicitur
1242 2677 1341 2741 bomo
1351 2679 1453 2756 regis,
1468 2679 1569 2741 iidem
1579 2679 1761 2757 Templaril

964 2789 1001 2838 se
1022 2791 1123 2853 super
1145 2775 1209 2838 hoc
1235 2775 1307 2852 regi
1326 2776 1484 2854 praemcto
1499 2775 1645 2840 indebite
1664 2792 1764 2854 oppo-

964 2875 1093 2947 nentes,
1126 2875 1241 2936 oontra
1267 2874 1457 2950 hujusmodi
1489 2875 1763 2936 consuetudinem

963 2971 1067 3033 multa
1082 2969 1146 3032 sibl
1164 2986 1325 3048 usurpare
1345 2973 1560 3048 praesumunt,
1578 2987 1617 3034 ao
1631 2971 1762 3034 balivos

962 3071 994 3131 et
1003 3065 1116 3130 fideles
1125 3069 1236 3146 regios
1244 3083 1356 3131 coram
1365 3067 1465 3132 certis
1474 3069 1652 3147 judicibus,
1665 3085 1759 3148 qum,

961 3167 995 3228 ln
1010 3168 1101 3228 terra
1115 3166 1327 3230 inimicorum
1340 3167 1440 3244 regis,
1463 3167 1661 3230 auctoritate
1680 3185 1762 3230 nos-

960 3266 1060 3327 traso
1073 3263 1198 3327 babere
1212 3267 1408 3342 proponunt,
1419 3265 1558 3328 trahunt
1569 3267 1761 3344 frequenter

961 3362 996 3423 in
1012 3375 1157 3435 causam,
1180 3363 1265 3425 alias
1280 3363 1382 3441 ipsos,
1403 3363 1505 3425 immo
1520 3379 1643 3441 regem,
1658 3379 1759 3427 occa-

961 3459 1056 3521 sione
1068 3459 1270 3538 hujusmodi,
1297 3460 1526 3539 multipliciter
1539 3462 1757 3524 molestando.

960 3557 1120 3620 Nolentes
1149 3557 1253 3635 igitur
1281 3559 1388 3621 eidem
1412 3559 1447 3620 in
1462 3574 1522 3622 suo
1538 3564 1614 3638 jure
1629 3561 1756 3636 deesse,

960 3657 1013 3718 cui
1024 3656 1144 3734 potius,
1157 3671 1200 3718 ex
1214 3656 1369 3733 pluribus
1394 3657 1516 3726 causis,
1530 3657 1761 3720 favorabiliter

960 3753 1076 3816 adesse
1107 3753 1271 3826 tenemur,
1313 3754 1509 3816 discretioni
1542 3755 1661 3817 vestrae
1698 3770 1759 3832 per

959 3850 1151 3928 apostolica
1165 3851 1288 3928 scripta
1298 3851 1507 3925 mandamus,
1520 3852 1684 3930 quatenus
1701 3854 1759 3914 in-

960 3949 1084 4027 quisita
1119 3948 1309 4025 superbis,
1338 3949 1371 4013 et
1405 3950 1571 4025 cognitate
1601 3935 1755 4025 veritate,

959 4061 1105 4118 causam,
1121 4046 1149 4106 si
1164 4046 1205 4108 de
1220 4047 1363 4124 partium
1385 4047 1554 4111 voluntate
1578 4032 1756 4125 processe-

957 4144 1013 4218 rit,
1030 4143 1208 4208 ooncordia
1233 4144 1287 4206 uel
1298 4143 1426 4222 judicio
1439 4147 1626 4210 terminetis
1640 4163 1648 4220 ;
1665 4148 1755 4209 alio-

959 4243 1051 4322 quin,
1077 4257 1150 4321 quae
1176 4243 1375 4305 inveneritis
1402 4242 1463 4305 snb
1489 4243 1609 4323 sigillis
1634 4246 1756 4308 uestris

958 4341 1054 4403 nobis
1080 4339 1223 4403 fideliter
1249 4341 1453 4414 rescribatis,
1477 4343 1513 4406 ut
1538 4342 1756 4421 procedamus

958 4438 1079 4500 exinde
1105 4439 1204 4516 prout
1230 4439 1411 4501 secundum
1437 4441 1541 4501 Deum
1572 4439 1755 4502 viderimus

958 4535 1213 4614 procedendum.
1229 4537 1343 4598 Testes
1363 4540 1473 4598 autem
1489 4537 1544 4615 qui
1560 4535 1683 4600 luerint
1694 4554 1756 4601 no-

958 4634 1086 4706 minati,
1104 4634 1132 4695 si
1146 4649 1181 4696 se
1200 4635 1320 4710 gratia,
1350 4634 1444 4708 odio,
1460 4635 1513 4696 vel
1526 4635 1646 4697 timore
1670 4635 1754 4697 sub-

956 4731 1141 4804 traxerint,
1176 4745 1440 4808 percensuram
1477 4733 1754 4808 ecclesiasticam,

958 4829 1109 4890 cessante
1120 4828 1353 4906 appellatione,
1371 4830 1498 4907 cogatis
1516 4831 1651 4894 ueritati
1665 4831 1757 4894 testi·

957 4925 1757 5003 moniumperbibere.Quodsinonomneshisex.
1778 4992 1782 5000 ,

958 5024 1136 5101 sequendis
1150 5025 1323 5101 potueritis
1339 5025 1512 5100 interesse,
1529 5027 1593 5088 duo
1608 5029 1754 5090 vestrum

957 5137 996 5184 aa
1017 5121 1236 5184 nihilominus
1257 5126 1495 5201 exsequantur.
1519 5125 1637 5186 Datum
1654 5126 1754 5187 Late-

957 5221 1043 5292 rani,
1058 5221 1103 5280 lx
1118 5219 1281 5285 kalendas
1300 5221 1389 5300 J'ulil,
1417 5222 1626 5300 pontificatus
1648 5223 1754 5286 nostri

957 5333 1044 5378 anno
1057 5319 1162 5380 sexto.
