4104 6330
111 374 166 436 ln

145 536 173 594 4.
188 529 414 594 cancellarius
424 529 600 606 praeterea,
612 526 721 589 medio
732 528 893 604 tempore,

112 631 149 694 ad
168 627 348 705 regendum
373 627 409 687 16
424 624 537 703 aliqua
566 624 724 687 facultate
748 625 893 702 aliquem

110 743 171 788 nou
185 724 345 795 admittet,
359 722 461 784 61616
488 722 647 798 magistro
670 721 805 800 proprio
821 737 896 782 oum
942 801 947 812 Ι

111 823 336 900 magistrorum
353 820 395 882 ad
410 820 473 881 hoo
488 835 509 880 a
530 819 701 895 magistris
716 819 896 880 electorum

111 919 305 986 testimonio,
333 919 389 995 qui
405 917 604 994 praesentari
616 916 733 988 soleat,
747 931 898 994 praesen-

113 1017 268 1086 intumet
293 1015 408 1076 taliter
435 1014 648 1092 praesentato,
676 1013 742 1075 nisi
767 1012 898 1075 exami-

112 1117 212 1186 natus,
239 1114 271 1174 si
292 1112 481 1176 examinari
501 1112 619 1184 soleat,
649 1127 709 1189 per
729 1110 898 1173 cancella-

113 1213 193 1276 rium
218 1210 426 1274 insufficiens
450 1210 604 1286 repertus
633 1208 745 1282 fuerit,
769 1207 811 1270 ab
833 1223 896 1270 eo·-

114 1310 179 1372 dem
194 1308 396 1372 cancellario
414 1307 550 1368 licentia
566 1306 776 1372 concedetur.

147 1409 175 1468 5.
199 1408 269 1468 Nec
293 1406 481 1484 episcopus,
509 1420 571 1466 neo
594 1404 716 1481 aliquis
737 1421 780 1466 ex
802 1405 898 1482 parte

113 1504 221 1582 ipsius,
233 1502 304 1565 ullo
319 1501 417 1564 modo
427 1502 463 1562 in
473 1502 724 1564 universitatem
735 1501 895 1578 ipsorum,

114 1602 164 1663 sed
180 1617 240 1662 nec
264 1601 301 1662 16
322 1615 438 1662 eorum
460 1599 648 1678 quempiam
668 1599 813 1672 interim,
830 1599 898 1661 nisi

115 1715 168 1778 pro
186 1702 257 1776 ejus
280 1698 416 1776 proprio
445 1697 585 1760 crimine
608 1697 662 1759 vel
688 1697 897 1760 contumacia

114 1796 292 1866 manifesta,
309 1796 390 1857 etin
409 1796 478 1856 alia
497 1811 598 1858 causa
618 1811 691 1872 666
706 1794 897 1872 hujusmodi

115 1894 273 1970 negotium
293 1908 361 1956 non
381 1893 562 1969 contingat,
580 1892 898 1955 excommunicatio-

115 1992 163 2053 nis
174 1992 371 2053 sententiam
381 1990 539 2068 proterat,
554 2006 628 2068 quae
639 1988 743 2063 nulla,
759 1990 787 2051 si
800 2005 897 2052 secus

114 2089 233 2166 prolata
249 2088 363 2162 tuerit,
377 2087 552 2150 habeatur.

148 2189 175 2246 6.
190 2186 237 2247 nd
252 2186 339 2254 haec,
355 2186 460 2247 donec
471 2185 559 2247 idem
575 2184 751 2264 episcopus
765 2185 899 2262 61666-

115 2283 247 2346 sentiam
271 2283 421 2345 nostram
445 2283 570 2355 ueniat,
596 2283 650 2344 vel
679 2282 899 2344 sufficientem

116 2397 169 2458 pro
182 2397 216 2442 se
228 2383 480 2458 procuratorem
493 2381 698 2442 transmittat
711 2381 746 2441 in
756 2381 898 2448 termino

114 2479 214 2541 sibiet
237 2478 337 2540 alteri
352 2479 441 2557 parti
456 2493 476 2540 a
495 2477 665 2555 judicibus
680 2477 896 2554 assignando,

115 2591 184 2637 usus
205 2576 309 2653 sigilli
331 2575 545 2647 scholarium,
559 2577 779 2654 praeterquam
794 2577 830 2638 16
845 2575 898 2636 116

115 2689 178 2751 666
192 2673 232 2735 61
247 2673 395 2736 officium
410 2673 657 2752 procurationis
671 2673 782 2735 16166
797 2689 898 2736 66666

116 2772 279 2848 pertineat,
296 2771 531 2850 suspendatur.

151 2872 177 2929 1.
193 2871 266 2932 Ν66
278 2869 472 2931 indicantur
486 2868 595 2930 medio
619 2869 767 2946 tempore
787 2883 900 2931 cessa-

115 2966 212 3028 tiones
233 2967 377 3046 publicae
390 2967 508 3028 contra
532 2967 724 3044 episcopum
742 2967 800 3028 ant
814 2982 898 3026 can-

118 3064 290 3136 cellarium,
310 3064 597 3143 quamdiuooram
611 3063 706 3128 vobis
717 3063 788 3142 juri
803 3064 901 3124 erunt

119 3161 196 3222 stare
210 3162 331 3240 parati,
349 3163 415 3223 nisi
430 3161 471 3224 ab
494 3161 650 3240 episcopo
665 3163 724 3224 aut
738 3161 901 3224 cancella-

117 3258 160 3320 rio
172 3260 223 3322 rel
244 3260 384 3322 officiali
397 3259 499 3322 suerit
513 3260 630 3321 contra
643 3258 813 3338 prohibita
827 3275 901 3322 ma-

120 3356 226 3420 6116616
237 3357 489 3436 praesumptum.

150 3457 177 3514 8.
190 3456 342 3534 Magistri
357 3456 493 3524 etiama
507 3455 669 3532 magistro
684 3456 737 3519 uel
753 3453 899 3517 scholari

118 3553 901 3631 poenampecuniariampertempusnonexigent

119 3651 345 3727 supradictum,
360 3667 423 3713 nec
435 3651 607 3713 scholares
620 3651 767 3724 interim,
785 3666 901 3712 secun·

118 3745 350 3812 damnationes
370 3764 460 3818 suas,
486 3748 551 3810 sibi
574 3763 774 3827 quemquam
789 3747 901 3826 6661-

117 3843 194 3906 cient
222 3847 263 3908 ad
292 3847 434 3925 iniurias
459 3847 687 3922 ulciscendam
713 3845 769 3923 qui
798 3845 900 3908 etiam

118 3955 199 4004 arma
224 3961 292 4006 non
317 3945 461 4020 portent,
478 3944 544 4006 nisi
569 3944 610 4004 ad
625 3943 763 4005 tutelam
786 3943 839 4004 661
858 3958 900 4004 ex

120 4054 207 4101 causa
229 4043 422 4104 necessaria
445 4041 697 4118 compellantur.
723 4042 793 4102 Nec
817 4057 899 4118 pro·

120 4134 241 4202 1116661
261 4139 419 4216 magistri
440 4139 660 4212 scholaribus,
677 4154 720 4200 ne
741 4137 901 4200 accedant

120 4237 195 4310 apud
217 4238 374 4300 Sanctum
398 4237 565 4299 Victorem
589 4235 631 4298 ad
658 4236 900 4298 contessionem

118 4333 163 4392 rel
174 4335 348 4413 exsequias
363 4336 581 4407 mortuorum,
594 4337 627 4396 et
642 4333 682 4396 ab
699 4335 759 4406 eis,
771 4334 801 4394 si
813 4334 901 4395 iacta

118 4426 206 4492 luerit
218 4432 409 4511 hujusmodi
424 4431 616 4510 prohibitio,
629 4433 814 4494 revocetur.

152 4531 306 4599 Quocirca
316 4529 899 4607 discretionivestraeperhpostolica

119 4627 225 4704 scripta
246 4629 455 4700 mandamus,
472 4629 636 4704 quatenus
659 4628 745 4704 quod
769 4627 912 4688 anobis.

119 4735 205 4799 super
217 4725 269 4786 his
280 4725 451 4802 provisum
466 4726 529 4799 est,
546 4725 678 4786 16616116
693 4723 900 4786 inviolabili-

122 4817 162 4879 ter
172 4821 349 4894 observari,
368 4822 635 4885 contradicentes
650 4837 900 4899 percensuram

120 4917 376 4986 ecclesiasticam,
384 4919 608 4996 appellatione
618 4919 902 4995 postposita‚com·

122 5017 282 5086 pascendo.
306 5015 398 5090 Quod
425 5015 454 5076 si
480 5031 547 5076 non
577 5031 703 5088 omnes,
734 5016 799 5076 duo
824 5031 902 5078 ves·

122 5109 207 5185 trum,
223 5115 285 5176 etc.
302 5114 422 5176 Datum
443 5111 563 5186 Alatri,
585 5113 692 5189 pridie
717 5112 785 5174 hal.
798 5112 899 5189 junii,

124 5219 198 5271 anno
214 5212 319 5274 sexto.

716 366 945 440 EPISTOLAE.
968 367 1046 429 LIB.
1069 368 1124 428 VI.

1298 534 1399 620 ccli

1073 687 1125 750 Aa
1134 685 1406 763 aoroomapease
1419 685 1617 760 capitatum.

1232 816 1309 892 (166.
1326 815 1466 891 1666616.)

1148 995 1152 1004 ,
1240 943 1457 1000 1666666666.

991 1065 1088 1146 (Vide
1117 1068 1280 1134 eurotam
1315 1067 1607 1141 comparationem,
1636 1065 1682 1127 lib
1715 1067 1742 1140 1,

949 1165 999 1227 tit.
1014 1165 1044 1237 5,
1062 1167 1108 1226 De
1119 1164 1293 1238 electione,
1310 1180 1382 1242 666.
1396 1161 1445 1244 6.)

1286 1433 1409 1521 CCIII

950 1585 1002 1646 Ad
1016 1584 1215 1646 6111616668.
1237 1584 1386 1646 Martini
1406 1585 1448 1645 de
1462 1585 1668 1657 Gemellis...,
1685 1585 1747 1647 dc·

989 1696 1115 1742 cocum
1129 1681 1163 1743 et
1180 1685 1218 1742 G.
1234 1683 1516 1744 archidiaconum
1538 1683 1742 1744 Ambiooen.

1238 1781 1274 1869 ¹ar
1292 1811 1359 1870 men
1376 1812 1454 1870 raas.

982 1935 1101 2001 [Regest.,
1112 1936 1157 1987 lib.
1166 1937 1209 1995 VI,
1221 1935 1294 2001 epist.
1304 1936 1361 1987 118.
1372 1937 1429 1988 1166.
1443 1938 1481 1988 La
1490 1937 1566 1986 Ponte
1576 1934 1611 1986 du
1620 1935 1715 1998 Theil.]

952 2059 1069 2120 Mandat
1080 2067 1110 2118 61
1124 2061 1170 2118 W.
1188 2061 1356 2133 magistrum
1370 2060 1399 2118 in
1411 2061 1580 2118 canonicum
1595 2067 1623 2118 et
1635 2060 1665 2117 in
1685 2057 1743 2117 ira·

1198 2156 1269 2206 trem
1285 2151 1372 2222 recipi
1383 2148 1498 2206 faciant.

991 2275 1172 2348 Honorius,
1190 2275 1264 2347 etc,
1280 2275 1409 2337 dilectis
1422 2273 1500 2335 filiis
1509 2272 1620 2336 abbati
1633 2273 1747 2336 Sancti

952 2373 1089 2434 Martini
1102 2371 1142 2433 de
1155 2371 1361 2444 Gemellis...,
1379 2370 1504 2432 decano
1527 2372 1559 2433 et
1574 2372 1612 2432 G.
1628 2370 1746 2432 arohi-

952 2468 1094 2531 diacono
1106 2468 1301 2531 ambianen.
1341 2513 1344 2519 -

992 2567 1139 2630 Dilectus
1163 2566 1253 2627 illius
1279 2567 1439 2644 magister
1471 2567 1539 2639 W„
1566 2564 1746 2644 canonicus

951 2665 1079 2737 Arien„
1104 2664 1260 2742 exposuit
1273 2680 1385 2726 coram
1402 2663 1507 2732 nobis,
1534 2663 1620 2741 quod
1646 2677 1747 2740 quum

952 2761 1048 2824 1666
1083 2763 1251 2824 memoriae
1287 2764 1337 2834 1.,
1371 2762 1568 2840 praepositus
1597 2759 1747 2822 ecclesiae

954 2858 1066 2919 Sancti
1088 2857 1282 2919 audomarii
1303 2859 1468 2920 Morinen.
1489 2856 1655 2927 dioeoesis,
1672 2869 1747 2916 cum

953 2955 988 3015 in
1003 2954 1161 3017 clericum
1177 2970 1273 3042 suum
1283 2954 1461 3017 admittens
1476 2953 1517 3014 de
1531 2952 1628 3014 bonis
1640 2951 1748 3028 ipsius

953 3051 1104 3113 ecclesiae
1119 3067 1268 3112 aunuum
1282 3051 1447 3113 redditum
1467 3049 1628 3113 tredecim
1638 3049 1747 3110 libra-

953 3165 1027 3211 rum
1044 3149 1261 3224 assignasset,
1278 3149 1385 3210 eidem
1409 3148 1514 3210 donec
1533 3147 1570 3208 in
1593 3145 1749 3226 666166-

954 3246 1022 3308 1611
1047 3246 1110 3308 6111
1136 3245 1298 3308 16661616
1324 3245 1525 3323 provideret,
1542 3243 1749 3322 postmodum

954 3347 1005 3416 R.,
1023 3342 1195 3406 Pontiven.
1206 3340 1581 3406 archidiaconosublato
1592 3339 1749 3402 demedio

954 3442 1010 3520 qui
1032 3440 1243 3519 praebendam
1267 3441 1476 3502 scolasticam
1495 3439 1530 3500 in
1552 3439 1667 3501 eadem
1693 3453 1751 3500 eo-

954 3538 1057 3601 clesia
1081 3536 1262 3610 obtinebat,
1290 3538 1397 3599 dictus
1423 3537 1620 3616 praepositus
1647 3551 1746 3598 eum-

954 3637 1029 3698 dem
1057 3638 1252 3712 magistrum
1279 3635 1319 3698 de
1343 3635 1520 3714 praebenda
1539 3635 1612 3712 ipsa
1637 3635 1673 3695 in
1694 3633 1748 3694 sui

953 3734 1092 3813 capituli
1107 3734 1287 3811 prasentia
1300 3733 1483 3808 investivit;
1497 3731 1593 3794 sed...
1603 3733 1749 3793 decanus

954 3833 987 3895 et
1013 3832 1195 3909 capitulum
1219 3831 1368 3908 ejusdem
1395 3829 1545 3893 ecclesiae
1573 3830 1682 3908 ipsum
1708 3827 1750 3890 ad

954 3945 1028 3991 eam
1042 3929 1216 3992 admittere
1236 3928 1454 4004 denegarunt.
1471 3931 1642 4005 Quumque
1663 3942 1757 4005 prae--

953 4024 1061 4101 posito
1076 4025 1110 4085 et
1128 4023 1275 4100 capitulo
1301 4023 1507 4100 supradictis
1523 4037 1625 4099 super
1645 4022 1752 4084 dona-

953 4122 1045 4183 tione
1061 4121 1165 4198 ipsius
1187 4120 1373 4198 praebendae
1398 4119 1593 4198 aliquandiu
1608 4120 1748 4195 litigan7

954 4218 1749 4296 tibusmemoratusmagisterperquinquennium

954 4317 1073 4379 suisset
1096 4316 1181 4378 dono
1206 4317 1323 4393 gratiae
1346 4316 1408 4378 sibi
1438 4316 1534 4378 tactae
1557 4316 1748 4387 frustratus,

953 4415 1096 4476 tamdem
1116 4414 1255 4492 praelato
1271 4413 1448 4492 praeposito
1473 4413 1561 4474 viam
1583 4412 1750 4474 universae

955 4512 1065 4575 666616
1085 4514 1251 4589 ingresse,
1273 4515 1308 4573 Ρ.
1332 4527 1505 4574 successor
1527 4511 1634 4587 ipsius
1649 4524 1752 4586 super

954 4611 1018 4672 hoc
1032 4611 1190 4686 praedicto
1212 4610 1371 4684 magistro
1396 4608 1599 4684 compatiens
1622 4608 1656 4670 et
1678 4611 1751 4684 ejus

956 4709 1176 4770 litteraturam
1192 4707 1225 4768 et
1245 4706 1451 4767 honestatem
1476 4703 1649 4768 attendens
1673 4720 1753 4783 pro·
1788 4713 1794 4722 '

956 4806 1046 4868 misit
1060 4805 1179 4874 eidem,
1197 4802 1284 4880 quod
1299 4803 1328 4863 si
1343 4803 1452 4865 datam
1465 4802 1529 4864 sibi
1541 4803 1752 4881 praebendam
1800 4871 1804 4882 ¹

954 4901 1165 4965 scolasticam
1185 4901 1335 4964 obtinere
1359 4916 1425 4963 non
1447 4901 1562 4978 possit,
1579 4902 1696 4962 166116
1720 4901 1752 4962 ei

956 4999 1133 5078 praebenda
1167 4999 1315 5076 ejusdem
1352 4999 1503 5060 66616616
1544 4999 1750 5076 6666116661,

956 5113 1067 5160 66666
1091 5096 1223 5158 6611116
1238 5097 1383 5174 quinque
1403 5095 1565 5158 librarum
1584 5096 1750 5157 Parisien.

956 5192 996 5258 de
1012 5211 1144 5258 camera
1169 5210 1229 5255 sua
1255 5195 1415 5270 praedicto
1439 5193 1596 5269 magistro
1618 5193 1752 5254 interim

957 5293 1138 5372 assignato,
1167 5295 1265 5370 prout
1292 5293 1430 5370 apparet
1455 5308 1499 5353 ex
1530 5293 1602 5368 ejus
1632 5291 1752 5354 litteris

891 5447 894 5455 .
957 5393 1138 5455 evidenter.
1167 5394 1272 5464 Quum
1298 5392 1408 5452 autem
1438 5388 1525 5450 idem
1553 5389 1753 5466 magistera

958 5490 1053 5551 nobis
1073 5488 1284 5568 6661661666
1311 5488 1520 5550 scolasticam
1540 5486 1751 5564 postulasset,

957 5603 1019 5649 nos
1029 5603 1071 5649 ne
1085 5587 1238 5650 alterutri
1251 5585 1396 5663 partium
1406 5583 1753 5662 praejudicinmiacere

959 5685 1160 5758 videremur,
1173 5700 1248 5746 eam
1267 5683 1331 5746 sibi
1346 5681 1497 5745 absolute
1512 5698 1578 5744 666
1597 5682 1752 5744 duximus
