<?xml version="1.0" encoding="UTF-8"?>
<!DOCTYPE html PUBLIC "-//W3C//DTD XHTML 1.0 Transitional//EN"
    "http://www.w3.org/TR/xhtml1/DTD/xhtml1-transitional.dtd">
<html xmlns="http://www.w3.org/1999/xhtml" xml:lang="en" lang="en">
 <head>
  <title>
</title>
<meta http-equiv="Content-Type" content="text/html;charset=utf-8" />
  <meta name='ocr-system' content='tesseract 3.04.00' />
  <meta name='ocr-capabilities' content='ocr_page ocr_carea ocr_par ocr_line ocrx_word'/>
</head>
<body>
  <div class='ocr_page' id='page_1' title='image "./mediiaevibiblio06bottgoog_0063.png"; bbox 0 0 4168 6344; ppageno 0'>
   <div class='ocr_carea' id='block_1_1' title="bbox 325 303 1368 396">
    <p class='ocr_par' dir='ltr' id='par_1_1' title="bbox 325 303 1368 396">
     <span class='ocr_line' id='line_1_1' title="bbox 325 303 1368 396; baseline -0.007 -24"><span class='ocrx_word' id='word_1_1' title='bbox 325 308 366 372; x_wconf 74' lang='lat' dir='ltr'>aa</span> <span class='ocrx_word' id='word_1_2' title='bbox 953 303 1130 396; x_wconf 84' lang='lat' dir='ltr'>nouoan</span> <span class='ocrx_word' id='word_1_3' title='bbox 1152 304 1198 370; x_wconf 89' lang='lat' dir='ltr'>m</span> <span class='ocrx_word' id='word_1_4' title='bbox 1219 305 1368 370; x_wconf 78' lang='lat' dir='ltr'>ornas.</span> 
     </span>
    </p>
   </div>
   <div class='ocr_carea' id='block_1_2' title="bbox 321 462 1798 1044">
    <p class='ocr_par' dir='ltr' id='par_1_2' title="bbox 322 462 1709 934">
     <span class='ocr_line' id='line_1_2' title="bbox 323 462 1652 560; baseline -0.005 -27"><span class='ocrx_word' id='word_1_5' title='bbox 323 465 533 549; x_wconf 73' lang='lat' dir='ltr'>destituenda</span> <span class='ocrx_word' id='word_1_6' title='bbox 564 463 738 536; x_wconf 86' lang='lat' dir='ltr'>subsidiis,</span> <span class='ocrx_word' id='word_1_7' title='bbox 770 462 828 526; x_wconf 85' lang='lat' dir='ltr'>sed</span> <span class='ocrx_word' id='word_1_8' title='bbox 857 463 968 542; x_wconf 90' lang='lat' dir='ltr'>potlus</span> <span class='ocrx_word' id='word_1_9' title='bbox 1000 463 1118 528; x_wconf 84' lang='lat' dir='ltr'>confo—</span> <span class='ocrx_word' id='word_1_10' title='bbox 1488 471 1652 560; x_wconf 66' lang='lat' dir='ltr'>cxvffl</span> 
     </span>
     <span class='ocr_line' id='line_1_3' title="bbox 323 562 1118 642; baseline -0.005 -14"><span class='ocrx_word' id='word_1_11' title='bbox 323 565 447 638; x_wconf 89' lang='lat' dir='ltr'>venda,</span> <span class='ocrx_word' id='word_1_12' title='bbox 479 562 612 642; x_wconf 85' lang='lat' dir='ltr'>quando</span> <span class='ocrx_word' id='word_1_13' title='bbox 651 562 755 624; x_wconf 89' lang='lat' dir='ltr'>multa</span> <span class='ocrx_word' id='word_1_14' title='bbox 797 563 875 624; x_wconf 91' lang='lat' dir='ltr'>sunt</span> <span class='ocrx_word' id='word_1_15' title='bbox 914 562 1118 624; x_wconf 86' lang='lat' dir='ltr'>senescentis</span> 
     </span>
     <span class='ocr_line' id='line_1_4' title="bbox 323 659 1117 737; baseline -0.005 -11"><span class='ocrx_word' id='word_1_16' title='bbox 323 663 432 726; x_wconf 76' lang='lat' dir='ltr'>atatis</span> <span class='ocrx_word' id='word_1_17' title='bbox 451 678 496 723; x_wconf 84' lang='lat' dir='ltr'>ex</span> <span class='ocrx_word' id='word_1_18' title='bbox 509 660 640 724; x_wconf 89' lang='lat' dir='ltr'>defectu</span> <span class='ocrx_word' id='word_1_19' title='bbox 660 659 809 737; x_wconf 86' lang='lat' dir='ltr'>corporis</span> <span class='ocrx_word' id='word_1_20' title='bbox 826 659 1035 722; x_wconf 89' lang='lat' dir='ltr'>incommoda</span> <span class='ocrx_word' id='word_1_21' title='bbox 1052 674 1117 722; x_wconf 89' lang='lat' dir='ltr'>va-</span> 
     </span>
     <span class='ocr_line' id='line_1_5' title="bbox 322 757 1119 837; baseline -0.005 -15"><span class='ocrx_word' id='word_1_22' title='bbox 322 759 377 822; x_wconf 91' lang='lat' dir='ltr'>ria</span> <span class='ocrx_word' id='word_1_23' title='bbox 397 758 522 837; x_wconf 87' lang='lat' dir='ltr'>utique,</span> <span class='ocrx_word' id='word_1_24' title='bbox 546 773 585 820; x_wconf 88' lang='lat' dir='ltr'>ac</span> <span class='ocrx_word' id='word_1_25' title='bbox 607 757 750 820; x_wconf 89' lang='lat' dir='ltr'>diversa.</span> <span class='ocrx_word' id='word_1_26' title='bbox 775 757 879 829; x_wconf 88' lang='lat' dir='ltr'>Unde,</span> <span class='ocrx_word' id='word_1_27' title='bbox 906 772 1006 835; x_wconf 87' lang='lat' dir='ltr'>quum</span> <span class='ocrx_word' id='word_1_28' title='bbox 1033 757 1119 818; x_wconf 84' lang='lat' dir='ltr'>sicut</span> 
     </span>
     <span class='ocr_line' id='line_1_6' title="bbox 323 852 1709 934; baseline -0.006 -15"><span class='ocrx_word' id='word_1_29' title='bbox 323 873 367 920; x_wconf 81' lang='lat' dir='ltr'>ex</span> <span class='ocrx_word' id='word_1_30' title='bbox 389 857 483 934; x_wconf 86' lang='lat' dir='ltr'>parte</span> <span class='ocrx_word' id='word_1_31' title='bbox 504 856 562 919; x_wconf 88' lang='lat' dir='ltr'>tua</span> <span class='ocrx_word' id='word_1_32' title='bbox 586 854 649 918; x_wconf 90' lang='lat' dir='ltr'>fuit</span> <span class='ocrx_word' id='word_1_33' title='bbox 663 855 868 932; x_wconf 92' lang='lat' dir='ltr'>propositum</span> <span class='ocrx_word' id='word_1_34' title='bbox 887 869 1001 916; x_wconf 86' lang='lat' dir='ltr'>coram</span> <span class='ocrx_word' id='word_1_35' title='bbox 1021 853 1118 916; x_wconf 91' lang='lat' dir='ltr'>nobis</span> <span class='ocrx_word' id='word_1_36' title='bbox 1255 856 1256 860; x_wconf 75' lang='grc'>’</span> <span class='ocrx_word' id='word_1_37' title='bbox 1433 853 1468 912; x_wconf 74' lang='lat' dir='ltr'>le</span> <span class='ocrx_word' id='word_1_38' title='bbox 1482 852 1616 914; x_wconf 81' lang='lat' dir='ltr'>febmarli</span> <span class='ocrx_word' id='word_1_39' title='bbox 1631 855 1709 913; x_wconf 73' lang='lat' dir='ltr'>llll.</span> 
     </span>
    </p>

    <p class='ocr_par' dir='ltr' id='par_1_3' title="bbox 321 951 1798 1044">
     <span class='ocr_line' id='line_1_7' title="bbox 321 951 1798 1044; baseline -0.003 -28"><span class='ocrx_word' id='word_1_40' title='bbox 321 957 458 1032; x_wconf 88' lang='lat' dir='ltr'>propter</span> <span class='ocrx_word' id='word_1_41' title='bbox 480 952 741 1016; x_wconf 84' lang='lat' dir='ltr'>invaletudinem</span> <span class='ocrx_word' id='word_1_42' title='bbox 764 953 814 1014; x_wconf 86' lang='lat' dir='ltr'>tui</span> <span class='ocrx_word' id='word_1_43' title='bbox 839 951 990 1030; x_wconf 89' lang='lat' dir='ltr'>corporis</span> <span class='ocrx_word' id='word_1_44' title='bbox 1007 953 1043 1014; x_wconf 92' lang='lat' dir='ltr'>in</span> <span class='ocrx_word' id='word_1_45' title='bbox 1064 967 1120 1014; x_wconf 90' lang='lat' dir='ltr'>se-</span> <span class='ocrx_word' id='word_1_46' title='bbox 1343 977 1516 1044; x_wconf 59' lang='lat' dir='ltr'>[spppggpm</span> <span class='ocrx_word' id='word_1_47' title='bbox 1531 978 1624 1038; x_wconf 55' lang='lat' dir='ltr'>mm„</span> <span class='ocrx_word' id='word_1_48' title='bbox 1637 977 1692 1038; x_wconf 64' lang='lat' dir='ltr'>m,</span> <span class='ocrx_word' id='word_1_49' title='bbox 1706 991 1732 1030; x_wconf 85' lang='lat' dir='ltr'>n.</span> <span class='ocrx_word' id='word_1_50' title='bbox 1747 979 1798 1044; x_wconf 84' lang='lat'><strong>¹⁸·]</strong></span> 
     </span>
    </p>
   </div>
   <div class='ocr_carea' id='block_1_3' title="bbox 322 1049 1969 1170">
    <p class='ocr_par' dir='ltr' id='par_1_4' title="bbox 322 1049 1969 1170">
     <span class='ocr_line' id='line_1_8' title="bbox 322 1049 1969 1170; baseline 0.009 -29"><span class='ocrx_word' id='word_1_51' title='bbox 322 1053 416 1114; x_wconf 68' lang='lat' dir='ltr'>nium</span> <span class='ocrx_word' id='word_1_52' title='bbox 433 1054 504 1130; x_wconf 61' lang='lat' dir='ltr'>jam</span> <span class='ocrx_word' id='word_1_53' title='bbox 530 1051 718 1126; x_wconf 59' lang='lat' dir='ltr'>Vergfflms’</span> <span class='ocrx_word' id='word_1_54' title='bbox 746 1053 844 1127; x_wconf 59' lang='lat' dir='ltr'><strong>prout</strong></span> <span class='ocrx_word' id='word_1_55' title='bbox 871 1049 971 1112; x_wconf 69' lang='lat' dir='ltr'>d⁰b⁰³</span> <span class='ocrx_word' id='word_1_56' title='bbox 998 1065 1118 1159; x_wconf 41' lang='lat' dir='ltr'>perso?</span> <span class='ocrx_word' id='word_1_57' title='bbox 1174 1092 1786 1170; x_wconf 79' lang='lat' dir='ltr'>Utepiecopohtatrioosinedilllcnlteteee</span> <span class='ocrx_word' id='word_1_58' title='bbox 1801 1095 1969 1166; x_wconf 85' lang='lat' dir='ltr'>exhibeant,</span> 
     </span>
    </p>
   </div>
   <div class='ocr_carea' id='block_1_4' title="bbox 322 1147 1971 1330">
    <p class='ocr_par' dir='ltr' id='par_1_5' title="bbox 322 1147 1971 1330">
     <span class='ocr_line' id='line_1_9' title="bbox 322 1147 1971 1258; baseline 0.01 -48"><span class='ocrx_word' id='word_1_59' title='bbox 322 1149 445 1211; x_wconf 83' lang='lat' dir='ltr'>naliter</span> <span class='ocrx_word' id='word_1_60' title='bbox 470 1149 608 1212; x_wconf 89' lang='lat' dir='ltr'>visitare</span> <span class='ocrx_word' id='word_1_61' title='bbox 636 1163 703 1210; x_wconf 93' lang='lat' dir='ltr'>non</span> <span class='ocrx_word' id='word_1_62' title='bbox 731 1147 840 1225; x_wconf 86' lang='lat' dir='ltr'>possis</span> <span class='ocrx_word' id='word_1_63' title='bbox 870 1149 936 1209; x_wconf 87' lang='lat' dir='ltr'>tuae</span> <span class='ocrx_word' id='word_1_64' title='bbox 965 1147 1119 1208; x_wconf 81' lang='lat' dir='ltr'>dioecesis</span> <span class='ocrx_word' id='word_1_65' title='bbox 1209 1200 1272 1256; x_wconf 53' lang='lat' dir='ltr'>qum</span> <span class='ocrx_word' id='word_1_66' title='bbox 1293 1192 1503 1242; x_wconf 57' lang='lat' dir='ltr'>mmmm</span> <span class='ocrx_word' id='word_1_67' title='bbox 1526 1183 1589 1256; x_wconf 62' lang='lat' dir='ltr'>eju„</span> <span class='ocrx_word' id='word_1_68' title='bbox 1610 1183 1868 1258; x_wconf 53' lang='lat' dir='ltr'>mmmm,</span> <span class='ocrx_word' id='word_1_69' title='bbox 1887 1186 1971 1244; x_wconf 59' lang='lat' dir='ltr'>exhi.</span> 
     </span>
     <span class='ocr_line' id='line_1_10' title="bbox 322 1243 1287 1330; baseline 0.001 -22"><span class='ocrx_word' id='word_1_70' title='bbox 322 1247 483 1309; x_wconf 90' lang='lat' dir='ltr'>ecclesias</span> <span class='ocrx_word' id='word_1_71' title='bbox 507 1247 695 1315; x_wconf 89' lang='lat' dir='ltr'>universas,</span> <span class='ocrx_word' id='word_1_72' title='bbox 719 1261 781 1306; x_wconf 88' lang='lat' dir='ltr'>nec</span> <span class='ocrx_word' id='word_1_73' title='bbox 811 1245 1017 1323; x_wconf 84' lang='lat' dir='ltr'>episcopales</span> <span class='ocrx_word' id='word_1_74' title='bbox 1041 1243 1120 1306; x_wconf 89' lang='lat' dir='ltr'>red·</span> <span class='ocrx_word' id='word_1_75' title='bbox 1208 1271 1287 1330; x_wconf 53' lang='lat' dir='ltr'>bem,</span> 
     </span>
    </p>
   </div>
   <div class='ocr_carea' id='block_1_5' title="bbox 321 1341 1975 1714">
    <p class='ocr_par' dir='ltr' id='par_1_6' title="bbox 321 1341 1975 1714">
     <span class='ocr_line' id='line_1_11' title="bbox 323 1341 1119 1419; baseline -0.004 -14"><span class='ocrx_word' id='word_1_76' title='bbox 323 1344 411 1406; x_wconf 90' lang='lat' dir='ltr'>ditus</span> <span class='ocrx_word' id='word_1_77' title='bbox 443 1344 504 1406; x_wconf 92' lang='lat' dir='ltr'>tihi</span> <span class='ocrx_word' id='word_1_78' title='bbox 532 1343 574 1406; x_wconf 88' lang='lat' dir='ltr'>ad</span> <span class='ocrx_word' id='word_1_79' title='bbox 608 1358 789 1419; x_wconf 82' lang='lat' dir='ltr'>congruam</span> <span class='ocrx_word' id='word_1_80' title='bbox 821 1342 889 1415; x_wconf 90' lang='lat' dir='ltr'>tui,</span> <span class='ocrx_word' id='word_1_81' title='bbox 922 1341 955 1403; x_wconf 89' lang='lat' dir='ltr'>et</span> <span class='ocrx_word' id='word_1_82' title='bbox 986 1341 1119 1403; x_wconf 90' lang='lat' dir='ltr'>tuorum</span> 
     </span>
     <span class='ocr_line' id='line_1_12' title="bbox 322 1439 1972 1566; baseline -0.002 -14"><span class='ocrx_word' id='word_1_83' title='bbox 322 1441 598 1552; x_wconf 40' lang='lat' dir='ltr'>sustentafmqm</span> <span class='ocrx_word' id='word_1_84' title='bbox 618 1439 773 1550; x_wconf 36' lang='lat' dir='ltr'>sumcere</span> <span class='ocrx_word' id='word_1_85' title='bbox 791 1439 1039 1548; x_wconf 40' lang='lat' dir='ltr'>digmscffntur?</span> <span class='ocrx_word' id='word_1_86' title='bbox 1058 1454 1118 1550; x_wconf 48' lang='lat'>¹¹⁰?</span> <span class='ocrx_word' id='word_1_87' title='bbox 1174 1483 1304 1548; x_wconf 90' lang='lat' dir='ltr'>dilectis</span> <span class='ocrx_word' id='word_1_88' title='bbox 1319 1487 1398 1548; x_wconf 84' lang='lat' dir='ltr'>filiis</span> <span class='ocrx_word' id='word_1_89' title='bbox 1411 1485 1699 1566; x_wconf 73' lang='lat' dir='ltr'>archipresbvtero</span> <span class='ocrx_word' id='word_1_90' title='bbox 1718 1488 1752 1550; x_wconf 91' lang='lat' dir='ltr'>et</span> <span class='ocrx_word' id='word_1_91' title='bbox 1773 1489 1863 1551; x_wconf 93' lang='lat' dir='ltr'>clero</span> <span class='ocrx_word' id='word_1_92' title='bbox 1878 1491 1972 1551; x_wconf 89' lang='lat' dir='ltr'>Var-</span> 
     </span>
     <span class='ocr_line' id='line_1_13' title="bbox 322 1535 1975 1663; baseline -0.001 -13"><span class='ocrx_word' id='word_1_93' title='bbox 322 1537 765 1650; x_wconf 44' lang='grc' dir='ltr'>ΒΘΠῩΟῘΠἪΘῘΨΜΨΨ</span> <span class='ocrx_word' id='word_1_94' title='bbox 779 1539 845 1599; x_wconf 52' lang='lat' dir='ltr'>‘¹¹ae</span> <span class='ocrx_word' id='word_1_95' title='bbox 860 1535 1120 1646; x_wconf 45' lang='lat' dir='ltr'>pfocss&#39;usmeh&#39;</span> <span class='ocrx_word' id='word_1_96' title='bbox 1174 1583 1283 1647; x_wconf 88' lang='lat' dir='ltr'>cenati</span> <span class='ocrx_word' id='word_1_97' title='bbox 1322 1585 1464 1646; x_wconf 90' lang='lat' dir='ltr'>salutem</span> <span class='ocrx_word' id='word_1_98' title='bbox 1494 1586 1529 1647; x_wconf 93' lang='lat' dir='ltr'>et</span> <span class='ocrx_word' id='word_1_99' title='bbox 1563 1585 1780 1663; x_wconf 88' lang='lat' dir='ltr'>apostolicam</span> <span class='ocrx_word' id='word_1_100' title='bbox 1812 1585 1975 1649; x_wconf 89' lang='lat' dir='ltr'>benedic-</span> 
     </span>
     <span class='ocr_line' id='line_1_14' title="bbox 321 1629 1834 1714; baseline -0.003 -18"><span class='ocrx_word' id='word_1_101' title='bbox 321 1636 404 1708; x_wconf 83' lang='lat' dir='ltr'>natr,</span> <span class='ocrx_word' id='word_1_102' title='bbox 434 1637 649 1714; x_wconf 79' lang='lat' dir='ltr'>praesentium</span> <span class='ocrx_word' id='word_1_103' title='bbox 678 1635 740 1696; x_wconf 87' lang='lat' dir='ltr'>tnb1</span> <span class='ocrx_word' id='word_1_104' title='bbox 770 1633 968 1698; x_wconf 76' lang='lat' dir='ltr'>anctoritate</span> <span class='ocrx_word' id='word_1_105' title='bbox 994 1648 1117 1694; x_wconf 89' lang='lat' dir='ltr'>conce·</span> <span class='ocrx_word' id='word_1_106' title='bbox 1188 1679 1195 1694; x_wconf 89' lang='lat'><strong>.</strong></span> <span class='ocrx_word' id='word_1_107' title='bbox 1286 1629 1294 1660; x_wconf 90' lang='lat'>’</span> <span class='ocrx_word' id='word_1_108' title='bbox 1831 1669 1834 1676; x_wconf 72' lang='lat'>‚</span> 
     </span>
    </p>
   </div>
   <div class='ocr_carea' id='block_1_6' title="bbox 320 1682 1972 1906">
    <p class='ocr_par' dir='ltr' id='par_1_7' title="bbox 320 1682 1972 1906">
     <span class='ocr_line' id='line_1_15' title="bbox 321 1682 1972 1846; baseline 0.001 -4"><span class='ocrx_word' id='word_1_109' title='bbox 321 1733 442 1802; x_wconf 62' lang='lat' dir='ltr'>‘fimus&#39;</span> <span class='ocrx_word' id='word_1_110' title='bbox 458 1735 494 1796; x_wconf 54' lang='lat' dir='ltr'>ut</span> <span class='ocrx_word' id='word_1_111' title='bbox 514 1747 574 1809; x_wconf 58' lang='lat' dir='ltr'>per</span> <span class='ocrx_word' id='word_1_112' title='bbox 592 1732 748 1792; x_wconf 68' lang='lat' dir='ltr'>id⁰n⁰um</span> <span class='ocrx_word' id='word_1_113' title='bbox 769 1745 929 1792; x_wconf 60' lang='lat' dir='ltr'>exercens</span> <span class='ocrx_word' id='word_1_114' title='bbox 950 1729 1116 1792; x_wconf 56' lang='lat' dir='ltr'>vicarium</span> <span class='ocrx_word' id='word_1_115' title='bbox 1173 1682 1434 1841; x_wconf 51' lang='grc' dir='ltr'>ιιοέξέέθῃῐὶυω</span> <span class='ocrx_word' id='word_1_116' title='bbox 1449 1779 1543 1842; x_wconf 90' lang='lat' dir='ltr'>vobis</span> <span class='ocrx_word' id='word_1_117' title='bbox 1558 1780 1757 1843; x_wconf 87' lang='lat' dir='ltr'>auctoritate</span> <span class='ocrx_word' id='word_1_118' title='bbox 1772 1781 1972 1846; x_wconf 88' lang='lat' dir='ltr'>mandamus</span> 
     </span>
     <span class='ocr_line' id='line_1_16' title="bbox 320 1827 1117 1906; baseline -0.004 -13"><span class='ocrx_word' id='word_1_119' title='bbox 320 1829 524 1893; x_wconf 77' lang='lat' dir='ltr'>visitationis</span> <span class='ocrx_word' id='word_1_120' title='bbox 537 1827 695 1900; x_wconf 88' lang='lat' dir='ltr'>officium,</span> <span class='ocrx_word' id='word_1_121' title='bbox 708 1828 795 1906; x_wconf 89' lang='lat' dir='ltr'>quod</span> <span class='ocrx_word' id='word_1_122' title='bbox 810 1844 877 1889; x_wconf 94' lang='lat' dir='ltr'>non</span> <span class='ocrx_word' id='word_1_123' title='bbox 893 1828 985 1905; x_wconf 93' lang='lat' dir='ltr'>potes</span> <span class='ocrx_word' id='word_1_124' title='bbox 998 1837 1117 1903; x_wconf 82' lang='lat' dir='ltr'>gerere</span> 
     </span>
    </p>
   </div>
   <div class='ocr_carea' id='block_1_7' title="bbox 319 1873 1974 2098">
    <p class='ocr_par' dir='ltr' id='par_1_8' title="bbox 319 1873 1974 2098">
     <span class='ocr_line' id='line_1_17' title="bbox 319 1873 1974 2038; baseline -0.021 -46"><span class='ocrx_word' id='word_1_125' title='bbox 319 1943 382 2006; x_wconf 89' lang='lat' dir='ltr'>per</span> <span class='ocrx_word' id='word_1_126' title='bbox 394 1931 427 1990; x_wconf 88' lang='lat' dir='ltr'>te</span> <span class='ocrx_word' id='word_1_127' title='bbox 447 1927 568 2003; x_wconf 89' lang='lat' dir='ltr'>ipsum,</span> <span class='ocrx_word' id='word_1_128' title='bbox 582 1923 771 1988; x_wconf 86' lang='lat' dir='ltr'>moderatas</span> <span class='ocrx_word' id='word_1_129' title='bbox 791 1923 1043 2003; x_wconf 75' lang='lat' dir='ltr'>procurationes</span> <span class='ocrx_word' id='word_1_130' title='bbox 1059 1939 1120 2002; x_wconf 88' lang='lat' dir='ltr'>por</span> <span class='ocrx_word' id='word_1_131' title='bbox 1172 1873 1810 2038; x_wconf 48' lang='grc' dir='ltr'>ξὲἒὲζῃὲἒὲἓέἒξὶῗίῑᾞὲῑέιῗῗὲεῗξὲξῧθῑν</span> <span class='ocrx_word' id='word_1_132' title='bbox 1825 1880 1974 1942; x_wconf 70' lang='lat' dir='ltr'>0³01h1·</span> 
     </span>
     <span class='ocr_line' id='line_1_18' title="bbox 319 1977 1974 2098; baseline -0.024 -11"><span class='ocrx_word' id='word_1_133' title='bbox 319 2025 413 2088; x_wconf 90' lang='lat' dir='ltr'>tuam</span> <span class='ocrx_word' id='word_1_134' title='bbox 425 2023 595 2084; x_wconf 87' lang='lat' dir='ltr'>dioecesim</span> <span class='ocrx_word' id='word_1_135' title='bbox 606 2021 762 2098; x_wconf 85' lang='lat' dir='ltr'>exigendi</span> <span class='ocrx_word' id='word_1_136' title='bbox 775 2021 899 2084; x_wconf 85' lang='lat' dir='ltr'>habeas</span> <span class='ocrx_word' id='word_1_137' title='bbox 912 2021 1115 2083; x_wconf 80' lang='lat' dir='ltr'>facultatem.</span> <span class='ocrx_word' id='word_1_138' title='bbox 1743 1992 1879 2054; x_wconf 77' lang='lat' dir='ltr'>P¹⁸⁰⁰PO</span> <span class='ocrx_word' id='word_1_139' title='bbox 1895 1977 1974 2039; x_wconf 71' lang='lat' dir='ltr'>Ala·</span> 
     </span>
    </p>
   </div>
   <div class='ocr_carea' id='block_1_8' title="bbox 320 2069 1973 2296">
    <p class='ocr_par' dir='ltr' id='par_1_9' title="bbox 320 2069 1973 2296">
     <span class='ocr_line' id='line_1_19' title="bbox 320 2069 1973 2196; baseline -0.018 -12"><span class='ocrx_word' id='word_1_140' title='bbox 320 2121 415 2184; x_wconf 88' lang='lat' dir='ltr'>Nulli</span> <span class='ocrx_word' id='word_1_141' title='bbox 425 2135 516 2196; x_wconf 85' lang='lat' dir='ltr'>erge,</span> <span class='ocrx_word' id='word_1_142' title='bbox 530 2120 605 2192; x_wconf 78' lang='lat' dir='ltr'>etc,</span> <span class='ocrx_word' id='word_1_143' title='bbox 620 2120 744 2182; x_wconf 84' lang='lat' dir='ltr'>nostrae</span> <span class='ocrx_word' id='word_1_144' title='bbox 755 2119 981 2180; x_wconf 88' lang='lat' dir='ltr'>concessionis</span> <span class='ocrx_word' id='word_1_145' title='bbox 996 2118 1118 2180; x_wconf 91' lang='lat' dir='ltr'>infrin-</span> <span class='ocrx_word' id='word_1_146' title='bbox 1173 2069 1271 2180; x_wconf 40' lang='grc' dir='ltr'>ψη</span> <span class='ocrx_word' id='word_1_147' title='bbox 1298 2087 1371 2184; x_wconf 55' lang='lat' dir='ltr'><em>Q</em></span> <span class='ocrx_word' id='word_1_148' title='bbox 1397 2071 1617 2134; x_wconf 64' lang='lat' dir='ltr'>⁰⁰n⁸u⁰Vi⁸ti⁵</span> <span class='ocrx_word' id='word_1_149' title='bbox 1641 2076 1713 2150; x_wconf 71' lang='lat' dir='ltr'>⁰ju³</span> <span class='ocrx_word' id='word_1_150' title='bbox 1741 2072 1973 2184; x_wconf 51' lang='grc' dir='ltr'>Ρῖωᾱθῦθῧξθ·</span> 
     </span>
     <span class='ocr_line' id='line_1_20' title="bbox 321 2168 1971 2296; baseline -0.019 -37"><span class='ocrx_word' id='word_1_151' title='bbox 321 2234 412 2296; x_wconf 50' lang='grc' dir='ltr'>8οη,</span> <span class='ocrx_word' id='word_1_152' title='bbox 436 2217 472 2278; x_wconf 64' lang='lat' dir='ltr'>gi</span> <span class='ocrx_word' id='word_1_153' title='bbox 491 2217 565 2294; x_wconf 68' lang='lat' dir='ltr'><strong>quis</strong></span> <span class='ocrx_word' id='word_1_154' title='bbox 581 2218 703 2288; x_wconf 52' lang='lat' dir='ltr'><strong>autem,</strong></span> <span class='ocrx_word' id='word_1_155' title='bbox 720 2217 782 2277; x_wconf 42' lang='lat' dir='ltr'>etc·</span> <span class='ocrx_word' id='word_1_156' title='bbox 803 2217 923 2281; x_wconf 60' lang='lat' dir='ltr'><strong>Datum</strong></span> <span class='ocrx_word' id='word_1_157' title='bbox 946 2217 1103 2280; x_wconf 57' lang='lat' dir='ltr'><strong>Laterani</strong></span> <span class='ocrx_word' id='word_1_158' title='bbox 1172 2168 1264 2231; x_wconf 77' lang='lat' dir='ltr'>ribus</span> <span class='ocrx_word' id='word_1_159' title='bbox 1283 2168 1453 2242; x_wconf 77' lang='lat' dir='ltr'>cumbere,</span> <span class='ocrx_word' id='word_1_160' title='bbox 1477 2169 1562 2246; x_wconf 82' lang='lat' dir='ltr'>quod</span> <span class='ocrx_word' id='word_1_161' title='bbox 1583 2171 1718 2248; x_wconf 90' lang='lat' dir='ltr'>propter</span> <span class='ocrx_word' id='word_1_162' title='bbox 1738 2170 1802 2232; x_wconf 90' lang='lat' dir='ltr'>hoc</span> <span class='ocrx_word' id='word_1_163' title='bbox 1823 2172 1971 2249; x_wconf 88' lang='lat' dir='ltr'>amphus</span> 
     </span>
    </p>
   </div>
   <div class='ocr_carea' id='block_1_9' title="bbox 1172 2462 1405 2528">
    <p class='ocr_par' dir='ltr' id='par_1_10' title="bbox 1172 2462 1405 2528">
     <span class='ocr_line' id='line_1_21' title="bbox 1172 2462 1405 2528; baseline 0.026 -6"><span class='ocrx_word' id='word_1_164' title='bbox 1172 2475 1260 2522; x_wconf 88' lang='lat' dir='ltr'>anno</span> <span class='ocrx_word' id='word_1_165' title='bbox 1275 2462 1382 2524; x_wconf 82' lang='lat' dir='ltr'>sexto.</span> <span class='ocrx_word' id='word_1_166' title='bbox 1402 2521 1405 2528; x_wconf 90' lang='lat'>.</span> 
     </span>
    </p>
   </div>
   <div class='ocr_carea' id='block_1_10' title="bbox 1266 625 1874 786">
    <p class='ocr_par' dir='ltr' id='par_1_11' title="bbox 1266 625 1874 786">
     <span class='ocr_line' id='line_1_22' title="bbox 1266 625 1874 702; baseline -0.003 -14"><span class='ocrx_word' id='word_1_167' title='bbox 1266 627 1319 688; x_wconf 77' lang='lat' dir='ltr'>Ad</span> <span class='ocrx_word' id='word_1_168' title='bbox 1336 625 1675 702; x_wconf 73' lang='lat' dir='ltr'>archipresbyterum</span> <span class='ocrx_word' id='word_1_169' title='bbox 1690 625 1724 686; x_wconf 90' lang='lat' dir='ltr'>et</span> <span class='ocrx_word' id='word_1_170' title='bbox 1742 627 1874 688; x_wconf 82' lang='lat' dir='ltr'>clerum</span> 
     </span>
     <span class='ocr_line' id='line_1_23' title="bbox 1466 723 1684 786; baseline 0 -2"><span class='ocrx_word' id='word_1_171' title='bbox 1466 723 1684 786; x_wconf 81' lang='lat' dir='ltr'>Varcenutes.</span> 
     </span>
    </p>
   </div>
   <div class='ocr_carea' id='block_1_11' title="bbox 1213 1389 1972 1468">
    <p class='ocr_par' dir='ltr' id='par_1_12' title="bbox 1213 1389 1972 1468">
     <span class='ocr_line' id='line_1_24' title="bbox 1213 1389 1972 1468; baseline 0.004 -18"><span class='ocrx_word' id='word_1_172' title='bbox 1213 1389 1381 1452; x_wconf 83' lang='lat' dir='ltr'>Honorius</span> <span class='ocrx_word' id='word_1_173' title='bbox 1392 1390 1702 1468; x_wconf 71' lang='lat' dir='ltr'>episcopusservus</span> <span class='ocrx_word' id='word_1_174' title='bbox 1715 1403 1887 1454; x_wconf 89' lang='lat' dir='ltr'>servorum</span> <span class='ocrx_word' id='word_1_175' title='bbox 1898 1392 1972 1465; x_wconf 87' lang='lat' dir='ltr'>Dei,</span> 
     </span>
    </p>
   </div>
   <div class='ocr_carea' id='block_1_12' title="bbox 650 2644 792 2733">
    <p class='ocr_par' dir='ltr' id='par_1_13' title="bbox 650 2644 792 2733">
     <span class='ocr_line' id='line_1_25' title="bbox 650 2644 792 2733; baseline 0.014 -2"><span class='ocrx_word' id='word_1_176' title='bbox 650 2644 792 2733; x_wconf 85' lang='lat' dir='ltr'>CXVII</span> 
     </span>
    </p>
   </div>
   <div class='ocr_carea' id='block_1_13' title="bbox 322 2795 1759 2895">
    <p class='ocr_par' dir='ltr' id='par_1_14' title="bbox 322 2795 1759 2895">
     <span class='ocr_line' id='line_1_26' title="bbox 322 2795 1759 2895; baseline 0.009 -35"><span class='ocrx_word' id='word_1_177' title='bbox 322 2799 571 2873; x_wconf 78' lang='lat' dir='ltr'>AdHupouem</span> <span class='ocrx_word' id='word_1_178' title='bbox 584 2796 626 2858; x_wconf 87' lang='lat' dir='ltr'>de</span> <span class='ocrx_word' id='word_1_179' title='bbox 639 2795 797 2858; x_wconf 77' lang='lat' dir='ltr'>Ferttote</span> <span class='ocrx_word' id='word_1_180' title='bbox 810 2795 1015 2856; x_wconf 75' lang='lat' dir='ltr'>canonicum</span> <span class='ocrx_word' id='word_1_181' title='bbox 1026 2795 1116 2856; x_wconf 82' lang='lat' dir='ltr'>cur-</span> <span class='ocrx_word' id='word_1_182' title='bbox 1464 2813 1466 2820; x_wconf 80' lang='grc'><em>’</em></span> <span class='ocrx_word' id='word_1_183' title='bbox 1509 2807 1630 2895; x_wconf 76' lang='lat' dir='ltr'>CXIX</span> <span class='ocrx_word' id='word_1_184' title='bbox 1755 2805 1759 2810; x_wconf 83' lang='lat'>&#39;</span> 
     </span>
    </p>
   </div>
   <div class='ocr_carea' id='block_1_14' title="bbox 621 2893 1972 3034">
    <p class='ocr_par' dir='ltr' id='par_1_15' title="bbox 621 2893 1972 3034">
     <span class='ocr_line' id='line_1_27' title="bbox 621 2893 1972 3034; baseline 0.044 -72"><span class='ocrx_word' id='word_1_185' title='bbox 621 2893 810 2967; x_wconf 60' lang='grc'>0006700000·</span> <span class='ocrx_word' id='word_1_186' title='bbox 1172 2953 1699 3034; x_wconf 72' lang='lat' dir='ltr'>Adeptseopumetmepletrum</span> <span class='ocrx_word' id='word_1_187' title='bbox 1710 2960 1972 3021; x_wconf 57' lang='lat' dir='ltr'>arumnicum</span> 
     </span>
    </p>
   </div>
   <div class='ocr_carea' id='block_1_15' title="bbox 580 3023 1696 3116">
    <p class='ocr_par' dir='ltr' id='par_1_16' title="bbox 580 3023 1696 3116">
     <span class='ocr_line' id='line_1_28' title="bbox 580 3023 1696 3116; baseline 0.024 -33"><span class='ocrx_word' id='word_1_188' title='bbox 580 3025 613 3083; x_wconf 79' lang='lat' dir='ltr'>le</span> <span class='ocrx_word' id='word_1_189' title='bbox 627 3023 761 3082; x_wconf 89' lang='lat' dir='ltr'>februarii</span> <span class='ocrx_word' id='word_1_190' title='bbox 778 3024 857 3081; x_wconf 73' lang='lat' dir='ltr'>lala.</span> <span class='ocrx_word' id='word_1_191' title='bbox 1438 3057 1696 3116; x_wconf 69' lang='lat' dir='ltr'>Amptanerares.</span> 
     </span>
    </p>
   </div>
   <div class='ocr_carea' id='block_1_16' title="bbox 332 3144 1707 3244">
    <p class='ocr_par' dir='ltr' id='par_1_17' title="bbox 332 3144 1707 3244">
     <span class='ocr_line' id='line_1_29' title="bbox 332 3144 1707 3244; baseline -0.001 -46"><span class='ocrx_word' id='word_1_192' title='bbox 332 3149 463 3212; x_wconf 63' lang='lat' dir='ltr'>magen..</span> <span class='ocrx_word' id='word_1_193' title='bbox 475 3146 521 3198; x_wconf 89' lang='lat' dir='ltr'>lib.</span> <span class='ocrx_word' id='word_1_194' title='bbox 531 3145 576 3206; x_wconf 83' lang='lat' dir='ltr'>vl,</span> <span class='ocrx_word' id='word_1_195' title='bbox 588 3146 664 3211; x_wconf 86' lang='lat' dir='ltr'>epist.</span> <span class='ocrx_word' id='word_1_196' title='bbox 676 3145 732 3196; x_wconf 71' lang='lat' dir='ltr'>lul.</span> <span class='ocrx_word' id='word_1_197' title='bbox 751 3147 807 3197; x_wconf 85' lang='lat' dir='ltr'>llss.</span> <span class='ocrx_word' id='word_1_198' title='bbox 818 3147 856 3196; x_wconf 85' lang='lat' dir='ltr'>La</span> <span class='ocrx_word' id='word_1_199' title='bbox 866 3145 941 3197; x_wconf 83' lang='lat' dir='ltr'>Porto</span> <span class='ocrx_word' id='word_1_200' title='bbox 951 3144 987 3197; x_wconf 89' lang='lat' dir='ltr'>du</span> <span class='ocrx_word' id='word_1_201' title='bbox 1000 3145 1093 3208; x_wconf 77' lang='lat' dir='ltr'>Thali]</span> <span class='ocrx_word' id='word_1_202' title='bbox 1431 3185 1465 3242; x_wconf 65' lang='lat'>¹9</span> <span class='ocrx_word' id='word_1_203' title='bbox 1479 3183 1612 3243; x_wconf 53' lang='lat' dir='ltr'><strong>februarii</strong></span> <span class='ocrx_word' id='word_1_204' title='bbox 1628 3186 1707 3244; x_wconf 57' lang='lat' dir='ltr'>lm</span> 
     </span>
    </p>
   </div>
   <div class='ocr_carea' id='block_1_17' title="bbox 322 3268 1953 3520">
    <p class='ocr_par' dir='ltr' id='par_1_18' title="bbox 322 3268 1953 3520">
     <span class='ocr_line' id='line_1_30' title="bbox 322 3268 1933 3378; baseline -0.005 -46"><span class='ocrx_word' id='word_1_205' title='bbox 322 3269 456 3346; x_wconf 82' lang='lat' dir='ltr'>indulget</span> <span class='ocrx_word' id='word_1_206' title='bbox 470 3277 511 3340; x_wconf 91' lang='lat' dir='ltr'>nt,</span> <span class='ocrx_word' id='word_1_207' title='bbox 522 3283 580 3326; x_wconf 89' lang='lat' dir='ltr'>non</span> <span class='ocrx_word' id='word_1_208' title='bbox 592 3268 723 3330; x_wconf 88' lang='lat' dir='ltr'>obstante</span> <span class='ocrx_word' id='word_1_209' title='bbox 740 3269 888 3326; x_wconf 86' lang='lat' dir='ltr'>electionis</span> <span class='ocrx_word' id='word_1_210' title='bbox 906 3269 935 3326; x_wconf 89' lang='lat' dir='ltr'>in</span> <span class='ocrx_word' id='word_1_211' title='bbox 950 3268 1118 3342; x_wconf 84' lang='lat' dir='ltr'>episcopum</span> <span class='ocrx_word' id='word_1_212' title='bbox 1149 3331 1153 3340; x_wconf 63' lang='grc'><strong>,</strong></span> <span class='ocrx_word' id='word_1_213' title='bbox 1213 3307 1335 3373; x_wconf 37' lang='grc' dir='ltr'>[ΜΝ.</span> <span class='ocrx_word' id='word_1_214' title='bbox 1347 3308 1393 3359; x_wconf 83' lang='lat' dir='ltr'>lib.</span> <span class='ocrx_word' id='word_1_215' title='bbox 1404 3308 1447 3368; x_wconf 47' lang='lat' dir='ltr'>VI,</span> <span class='ocrx_word' id='word_1_216' title='bbox 1455 3308 1528 3374; x_wconf 73' lang='lat' dir='ltr'>epist.</span> <span class='ocrx_word' id='word_1_217' title='bbox 1539 3309 1579 3359; x_wconf 35' lang='grc' dir='ltr'>ω’</span> <span class='ocrx_word' id='word_1_218' title='bbox 1589 3311 1647 3360; x_wconf 69' lang='lat' dir='ltr'>lla.</span> <span class='ocrx_word' id='word_1_219' title='bbox 1660 3311 1698 3361; x_wconf 78' lang='lat' dir='ltr'>Lo</span> <span class='ocrx_word' id='word_1_220' title='bbox 1708 3311 1784 3362; x_wconf 74' lang='lat' dir='ltr'>Pone</span> <span class='ocrx_word' id='word_1_221' title='bbox 1793 3311 1933 3378; x_wconf 59' lang='lat' dir='ltr'>dum]</span> 
     </span>
     <span class='ocr_line' id='line_1_31' title="bbox 357 3355 1117 3430; baseline -0.007 -12"><span class='ocrx_word' id='word_1_222' title='bbox 357 3359 562 3418; x_wconf 81' lang='lat' dir='ltr'>carnotensem</span> <span class='ocrx_word' id='word_1_223' title='bbox 574 3357 747 3426; x_wconf 87' lang='lat' dir='ltr'>cassatione,</span> <span class='ocrx_word' id='word_1_224' title='bbox 759 3355 794 3414; x_wconf 88' lang='lat' dir='ltr'>ad</span> <span class='ocrx_word' id='word_1_225' title='bbox 807 3355 1017 3416; x_wconf 86' lang='lat' dir='ltr'>ecclesiasticas</span> <span class='ocrx_word' id='word_1_226' title='bbox 1026 3355 1117 3430; x_wconf 87' lang='lat' dir='ltr'>digni·</span> 
     </span>
     <span class='ocr_line' id='line_1_32' title="bbox 357 3431 1953 3520; baseline -0.001 -23"><span class='ocrx_word' id='word_1_227' title='bbox 357 3452 431 3504; x_wconf 71' lang='lat' dir='ltr'>tates</span> <span class='ocrx_word' id='word_1_228' title='bbox 445 3446 514 3520; x_wconf 81' lang='lat' dir='ltr'>eligi</span> <span class='ocrx_word' id='word_1_229' title='bbox 526 3444 629 3504; x_wconf 76' lang='lat' dir='ltr'>valeat.</span> <span class='ocrx_word' id='word_1_230' title='bbox 1003 3443 1004 3448; x_wconf 76' lang='grc'>’</span> <span class='ocrx_word' id='word_1_231' title='bbox 1190 3433 1226 3493; x_wconf 87' lang='lat' dir='ltr'>Ut</span> <span class='ocrx_word' id='word_1_232' title='bbox 1239 3447 1341 3492; x_wconf 83' lang='lat' dir='ltr'>causas</span> <span class='ocrx_word' id='word_1_233' title='bbox 1355 3431 1469 3491; x_wconf 80' lang='lat' dir='ltr'>divomli</span> <span class='ocrx_word' id='word_1_234' title='bbox 1487 3434 1560 3491; x_wconf 87' lang='lat' dir='ltr'>inter</span> <span class='ocrx_word' id='word_1_235' title='bbox 1574 3431 1741 3493; x_wconf 87' lang='lat' dir='ltr'>llathlldam</span> <span class='ocrx_word' id='word_1_236' title='bbox 1756 3437 1905 3495; x_wconf 87' lang='lat' dir='ltr'>mullerem</span> <span class='ocrx_word' id='word_1_237' title='bbox 1920 3445 1953 3496; x_wconf 88' lang='lat' dir='ltr'>et</span> 
     </span>
    </p>
   </div>
   <div class='ocr_carea' id='block_1_18' title="bbox 1288 3519 1846 3598">
    <p class='ocr_par' dir='ltr' id='par_1_19' title="bbox 1288 3519 1846 3598">
     <span class='ocr_line' id='line_1_33' title="bbox 1288 3519 1846 3598; baseline 0.004 -18"><span class='ocrx_word' id='word_1_238' title='bbox 1288 3519 1460 3592; x_wconf 82' lang='lat' dir='ltr'>hibericum,</span> <span class='ocrx_word' id='word_1_239' title='bbox 1476 3522 1569 3580; x_wconf 89' lang='lat' dir='ltr'>virum</span> <span class='ocrx_word' id='word_1_240' title='bbox 1580 3523 1655 3598; x_wconf 80' lang='lat' dir='ltr'>ejus,</span> <span class='ocrx_word' id='word_1_241' title='bbox 1671 3525 1846 3583; x_wconf 81' lang='lat' dir='ltr'>examinant.</span> 
     </span>
    </p>
   </div>
   <div class='ocr_carea' id='block_1_19' title="bbox 318 3569 1971 4136">
    <p class='ocr_par' dir='ltr' id='par_1_20' title="bbox 318 3569 1971 4136">
     <span class='ocr_line' id='line_1_34' title="bbox 361 3569 1116 3647; baseline 0 -13"><span class='ocrx_word' id='word_1_242' title='bbox 361 3571 540 3646; x_wconf 84' lang='lat' dir='ltr'>Honorius,</span> <span class='ocrx_word' id='word_1_243' title='bbox 568 3572 645 3643; x_wconf 70' lang='lat' dir='ltr'>eto„</span> <span class='ocrx_word' id='word_1_244' title='bbox 669 3570 792 3634; x_wconf 91' lang='lat' dir='ltr'>dilecto</span> <span class='ocrx_word' id='word_1_245' title='bbox 822 3569 892 3633; x_wconf 83' lang='lat' dir='ltr'>filio</span> <span class='ocrx_word' id='word_1_246' title='bbox 918 3569 1052 3647; x_wconf 81' lang='lat' dir='ltr'>flugoni</span> <span class='ocrx_word' id='word_1_247' title='bbox 1075 3570 1116 3634; x_wconf 90' lang='lat' dir='ltr'>de</span> 
     </span>
     <span class='ocr_line' id='line_1_35' title="bbox 322 3663 1971 3746; baseline -0.001 -14"><span class='ocrx_word' id='word_1_248' title='bbox 322 3669 468 3734; x_wconf 81' lang='lat' dir='ltr'>Feritate</span> <span class='ocrx_word' id='word_1_249' title='bbox 483 3668 645 3730; x_wconf 89' lang='lat' dir='ltr'>canonico</span> <span class='ocrx_word' id='word_1_250' title='bbox 660 3668 837 3730; x_wconf 77' lang='lat' dir='ltr'>carnoten.</span> <span class='ocrx_word' id='word_1_251' title='bbox 1210 3663 1388 3737; x_wconf 82' lang='lat' dir='ltr'>Honorius,</span> <span class='ocrx_word' id='word_1_252' title='bbox 1406 3667 1480 3737; x_wconf 70' lang='lat' dir='ltr'>etc„</span> <span class='ocrx_word' id='word_1_253' title='bbox 1496 3665 1683 3728; x_wconf 89' lang='lat' dir='ltr'>venerabili</span> <span class='ocrx_word' id='word_1_254' title='bbox 1696 3666 1794 3729; x_wconf 86' lang='lat' dir='ltr'>fratri</span> <span class='ocrx_word' id='word_1_255' title='bbox 1809 3669 1971 3746; x_wconf 90' lang='lat' dir='ltr'>episcopo</span> 
     </span>
     <span class='ocr_line' id='line_1_36' title="bbox 359 3761 1971 3843; baseline 0 -15"><span class='ocrx_word' id='word_1_256' title='bbox 359 3765 409 3828; x_wconf 81' lang='lat' dir='ltr'>Ad</span> <span class='ocrx_word' id='word_1_257' title='bbox 423 3765 530 3829; x_wconf 86' lang='lat' dir='ltr'>instar</span> <span class='ocrx_word' id='word_1_258' title='bbox 541 3781 629 3828; x_wconf 83' lang='lat' dir='ltr'>arcae</span> <span class='ocrx_word' id='word_1_259' title='bbox 644 3765 781 3827; x_wconf 88' lang='lat' dir='ltr'>foederis</span> <span class='ocrx_word' id='word_1_260' title='bbox 796 3765 831 3826; x_wconf 92' lang='lat' dir='ltr'>in</span> <span class='ocrx_word' id='word_1_261' title='bbox 845 3765 976 3843; x_wconf 89' lang='lat' dir='ltr'>pectore</span> <span class='ocrx_word' id='word_1_262' title='bbox 994 3766 1116 3828; x_wconf 92' lang='lat' dir='ltr'>summi</span> <span class='ocrx_word' id='word_1_263' title='bbox 1170 3763 1205 3826; x_wconf 89' lang='lat' dir='ltr'>et</span> <span class='ocrx_word' id='word_1_264' title='bbox 1224 3762 1345 3824; x_wconf 88' lang='lat' dir='ltr'>dilecto</span> <span class='ocrx_word' id='word_1_265' title='bbox 1370 3761 1439 3824; x_wconf 90' lang='lat' dir='ltr'>lilio</span> <span class='ocrx_word' id='word_1_266' title='bbox 1458 3763 1620 3839; x_wconf 86' lang='lat' dir='ltr'>magistro</span> <span class='ocrx_word' id='word_1_267' title='bbox 1642 3765 1680 3826; x_wconf 91' lang='grc' dir='ltr'>Β.</span> <span class='ocrx_word' id='word_1_268' title='bbox 1704 3766 1868 3827; x_wconf 86' lang='lat' dir='ltr'>canonico</span> <span class='ocrx_word' id='word_1_269' title='bbox 1886 3769 1971 3828; x_wconf 82' lang='lat' dir='ltr'>Am-</span> 
     </span>
     <span class='ocr_line' id='line_1_37' title="bbox 320 3860 1304 3942; baseline -0.005 -16"><span class='ocrx_word' id='word_1_270' title='bbox 320 3863 488 3942; x_wconf 89' lang='lat' dir='ltr'>pontillcis</span> <span class='ocrx_word' id='word_1_271' title='bbox 501 3863 690 3925; x_wconf 88' lang='lat' dir='ltr'>continetur</span> <span class='ocrx_word' id='word_1_272' title='bbox 702 3863 797 3939; x_wconf 89' lang='lat' dir='ltr'>virga</span> <span class='ocrx_word' id='word_1_273' title='bbox 808 3863 1037 3936; x_wconf 86' lang='lat' dir='ltr'>correctionis,</span> <span class='ocrx_word' id='word_1_274' title='bbox 1050 3879 1116 3940; x_wconf 85' lang='lat' dir='ltr'>qua</span> <span class='ocrx_word' id='word_1_275' title='bbox 1169 3860 1304 3922; x_wconf 87' lang='lat' dir='ltr'>biancn.</span> 
     </span>
     <span class='ocr_line' id='line_1_38' title="bbox 319 3956 1968 4038; baseline 0 -16"><span class='ocrx_word' id='word_1_276' title='bbox 319 3959 421 4022; x_wconf 88' lang='lat' dir='ltr'>feriat</span> <span class='ocrx_word' id='word_1_277' title='bbox 442 3958 601 4037; x_wconf 89' lang='lat' dir='ltr'>reprobos</span> <span class='ocrx_word' id='word_1_278' title='bbox 625 3960 658 4022; x_wconf 91' lang='lat' dir='ltr'>et</span> <span class='ocrx_word' id='word_1_279' title='bbox 683 3975 806 4021; x_wconf 89' lang='lat' dir='ltr'>manna</span> <span class='ocrx_word' id='word_1_280' title='bbox 832 3959 1115 4038; x_wconf 71' lang='lat' dir='ltr'>dulcedinisque</span> <span class='ocrx_word' id='word_1_281' title='bbox 1209 3957 1343 4020; x_wconf 79' lang='lat' dir='ltr'>litterae</span> <span class='ocrx_word' id='word_1_282' title='bbox 1368 3957 1489 4020; x_wconf 80' lang='lat' dir='ltr'>vestras</span> <span class='ocrx_word' id='word_1_283' title='bbox 1508 3956 1605 4019; x_wconf 89' lang='lat' dir='ltr'>nobis</span> <span class='ocrx_word' id='word_1_284' title='bbox 1626 3958 1785 4024; x_wconf 80' lang='lat' dir='ltr'>exhibitae</span> <span class='ocrx_word' id='word_1_285' title='bbox 1809 3961 1968 4023; x_wconf 86' lang='lat' dir='ltr'>contine-</span> 
     </span>
     <span class='ocr_line' id='line_1_39' title="bbox 318 4053 1969 4136; baseline 0.002 -18"><span class='ocrx_word' id='word_1_286' title='bbox 318 4058 511 4119; x_wconf 89' lang='lat' dir='ltr'>mansuetos</span> <span class='ocrx_word' id='word_1_287' title='bbox 539 4056 668 4118; x_wconf 81' lang='lat' dir='ltr'>reliciat</span> <span class='ocrx_word' id='word_1_288' title='bbox 699 4057 733 4118; x_wconf 88' lang='lat' dir='ltr'>et</span> <span class='ocrx_word' id='word_1_289' title='bbox 765 4054 913 4119; x_wconf 92' lang='lat' dir='ltr'>devotos.</span> <span class='ocrx_word' id='word_1_290' title='bbox 941 4057 1026 4118; x_wconf 88' lang='lat' dir='ltr'>Hinc</span> <span class='ocrx_word' id='word_1_291' title='bbox 1052 4058 1113 4130; x_wconf 91' lang='lat' dir='ltr'>est,</span> <span class='ocrx_word' id='word_1_292' title='bbox 1169 4053 1260 4128; x_wconf 89' lang='lat' dir='ltr'>bant,</span> <span class='ocrx_word' id='word_1_293' title='bbox 1285 4053 1372 4131; x_wconf 82' lang='lat' dir='ltr'>quod</span> <span class='ocrx_word' id='word_1_294' title='bbox 1397 4071 1498 4132; x_wconf 86' lang='lat' dir='ltr'>quum</span> <span class='ocrx_word' id='word_1_295' title='bbox 1520 4069 1622 4118; x_wconf 86' lang='lat' dir='ltr'>causa</span> <span class='ocrx_word' id='word_1_296' title='bbox 1645 4057 1862 4130; x_wconf 84' lang='lat' dir='ltr'>matrimonii,</span> <span class='ocrx_word' id='word_1_297' title='bbox 1890 4074 1969 4136; x_wconf 81' lang='lat' dir='ltr'>quae</span> 
     </span>
    </p>
   </div>
   <div class='ocr_carea' id='block_1_20' title="bbox 320 4151 2067 4232">
    <p class='ocr_par' dir='ltr' id='par_1_21' title="bbox 320 4151 2067 4232">
     <span class='ocr_line' id='line_1_40' title="bbox 320 4151 2067 4232; baseline 0.002 -17"><span class='ocrx_word' id='word_1_298' title='bbox 320 4153 406 4232; x_wconf 87' lang='lat' dir='ltr'>quod</span> <span class='ocrx_word' id='word_1_299' title='bbox 418 4152 629 4216; x_wconf 89' lang='lat' dir='ltr'>considerata</span> <span class='ocrx_word' id='word_1_300' title='bbox 639 4153 824 4227; x_wconf 92' lang='lat' dir='ltr'>devotione,</span> <span class='ocrx_word' id='word_1_301' title='bbox 838 4169 938 4230; x_wconf 82' lang='lat' dir='ltr'>quam</span> <span class='ocrx_word' id='word_1_302' title='bbox 950 4154 992 4214; x_wconf 92' lang='lat' dir='ltr'>ad</span> <span class='ocrx_word' id='word_1_303' title='bbox 1007 4169 1116 4217; x_wconf 84' lang='lat' dir='ltr'>sacro·</span> <span class='ocrx_word' id='word_1_304' title='bbox 1169 4152 1257 4214; x_wconf 88' lang='lat' dir='ltr'>inter</span> <span class='ocrx_word' id='word_1_305' title='bbox 1283 4151 1479 4214; x_wconf 90' lang='lat' dir='ltr'>Mathildam</span> <span class='ocrx_word' id='word_1_306' title='bbox 1501 4152 1675 4215; x_wconf 86' lang='lat' dir='ltr'>mulierem</span> <span class='ocrx_word' id='word_1_307' title='bbox 1701 4155 1734 4216; x_wconf 85' lang='lat' dir='ltr'>et</span> <span class='ocrx_word' id='word_1_308' title='bbox 1760 4154 1967 4230; x_wconf 71' lang='lat' dir='ltr'>albericum,</span> <span class='ocrx_word' id='word_1_309' title='bbox 2066 4199 2067 4203; x_wconf 45' lang='lat'><em>=</em></span> 
     </span>
    </p>
   </div>
   <div class='ocr_carea' id='block_1_21' title="bbox 235 4249 1969 5498">
    <p class='ocr_par' dir='ltr' id='par_1_22' title="bbox 235 4249 1969 5498">
     <span class='ocr_line' id='line_1_41' title="bbox 319 4249 1967 4328; baseline 0 -14"><span class='ocrx_word' id='word_1_310' title='bbox 319 4253 470 4314; x_wconf 86' lang='lat' dir='ltr'>sanctam</span> <span class='ocrx_word' id='word_1_311' title='bbox 494 4253 678 4313; x_wconf 86' lang='lat' dir='ltr'>Romanam</span> <span class='ocrx_word' id='word_1_312' title='bbox 702 4249 885 4312; x_wconf 81' lang='lat' dir='ltr'>Ecclesiam</span> <span class='ocrx_word' id='word_1_313' title='bbox 913 4249 1037 4312; x_wconf 88' lang='lat' dir='ltr'>habere</span> <span class='ocrx_word' id='word_1_314' title='bbox 1060 4251 1116 4313; x_wconf 92' lang='lat' dir='ltr'>di·</span> <span class='ocrx_word' id='word_1_315' title='bbox 1169 4250 1278 4312; x_wconf 85' lang='lat' dir='ltr'>virum</span> <span class='ocrx_word' id='word_1_316' title='bbox 1302 4251 1386 4326; x_wconf 89' lang='lat' dir='ltr'>ejus,</span> <span class='ocrx_word' id='word_1_317' title='bbox 1413 4249 1605 4312; x_wconf 86' lang='lat' dir='ltr'>Atrebaten.</span> <span class='ocrx_word' id='word_1_318' title='bbox 1628 4250 1793 4328; x_wconf 83' lang='lat' dir='ltr'>dioecesis,</span> <span class='ocrx_word' id='word_1_319' title='bbox 1811 4253 1967 4326; x_wconf 88' lang='lat' dir='ltr'>vertitur,</span> 
     </span>
     <span class='ocr_line' id='line_1_42' title="bbox 318 4345 1969 4428; baseline 0.002 -18"><span class='ocrx_word' id='word_1_320' title='bbox 318 4348 504 4426; x_wconf 90' lang='lat' dir='ltr'>gnosceris,</span> <span class='ocrx_word' id='word_1_321' title='bbox 521 4362 651 4409; x_wconf 90' lang='lat' dir='ltr'>necnon</span> <span class='ocrx_word' id='word_1_322' title='bbox 667 4346 700 4409; x_wconf 89' lang='lat' dir='ltr'>et</span> <span class='ocrx_word' id='word_1_323' title='bbox 718 4346 918 4419; x_wconf 89' lang='lat' dir='ltr'>humilitate,</span> <span class='ocrx_word' id='word_1_324' title='bbox 936 4363 975 4409; x_wconf 88' lang='lat' dir='ltr'>ac</span> <span class='ocrx_word' id='word_1_325' title='bbox 990 4349 1115 4425; x_wconf 90' lang='lat' dir='ltr'>patien-</span> <span class='ocrx_word' id='word_1_326' title='bbox 1169 4345 1265 4408; x_wconf 91' lang='lat' dir='ltr'>nobis</span> <span class='ocrx_word' id='word_1_327' title='bbox 1291 4345 1410 4408; x_wconf 85' lang='lat' dir='ltr'>fuisset</span> <span class='ocrx_word' id='word_1_328' title='bbox 1438 4361 1458 4407; x_wconf 89' lang='lat' dir='ltr'>a</span> <span class='ocrx_word' id='word_1_329' title='bbox 1486 4345 1582 4408; x_wconf 78' lang='lat' dir='ltr'>bona</span> <span class='ocrx_word' id='word_1_330' title='bbox 1608 4350 1777 4412; x_wconf 88' lang='lat' dir='ltr'>memoriae</span> <span class='ocrx_word' id='word_1_331' title='bbox 1781 4393 1842 4412; x_wconf 90' lang='grc'><strong>.....</strong></span> <span class='ocrx_word' id='word_1_332' title='bbox 1873 4353 1969 4428; x_wconf 87' lang='lat' dir='ltr'>Papa</span> 
     </span>
     <span class='ocr_line' id='line_1_43' title="bbox 318 4441 1966 4524; baseline 0.001 -17"><span class='ocrx_word' id='word_1_333' title='bbox 318 4447 377 4519; x_wconf 90' lang='lat' dir='ltr'>tia,</span> <span class='ocrx_word' id='word_1_334' title='bbox 402 4461 501 4524; x_wconf 84' lang='lat' dir='ltr'>qnam</span> <span class='ocrx_word' id='word_1_335' title='bbox 520 4441 644 4506; x_wconf 91' lang='lat' dir='ltr'>habere</span> <span class='ocrx_word' id='word_1_336' title='bbox 665 4444 699 4506; x_wconf 91' lang='lat' dir='ltr'>te</span> <span class='ocrx_word' id='word_1_337' title='bbox 718 4445 870 4506; x_wconf 88' lang='lat' dir='ltr'>novimus</span> <span class='ocrx_word' id='word_1_338' title='bbox 890 4444 925 4504; x_wconf 93' lang='lat' dir='ltr'>in</span> <span class='ocrx_word' id='word_1_339' title='bbox 949 4445 1111 4519; x_wconf 86' lang='lat' dir='ltr'>adversis,</span> <span class='ocrx_word' id='word_1_340' title='bbox 1168 4443 1415 4521; x_wconf 69' lang='lat' dir='ltr'>predecessore</span> <span class='ocrx_word' id='word_1_341' title='bbox 1437 4444 1553 4506; x_wconf 89' lang='lat' dir='ltr'>nostro</span> <span class='ocrx_word' id='word_1_342' title='bbox 1583 4445 1771 4519; x_wconf 87' lang='lat' dir='ltr'>commissa,</span> <span class='ocrx_word' id='word_1_343' title='bbox 1799 4447 1889 4510; x_wconf 89' lang='lat' dir='ltr'>dicta</span> <span class='ocrx_word' id='word_1_344' title='bbox 1917 4449 1966 4508; x_wconf 81' lang='lat' dir='ltr'>M.</span> 
     </span>
     <span class='ocr_line' id='line_1_44' title="bbox 319 4539 1967 4622; baseline 0.001 -16"><span class='ocrx_word' id='word_1_345' title='bbox 319 4543 399 4606; x_wconf 89' lang='lat' dir='ltr'>licet</span> <span class='ocrx_word' id='word_1_346' title='bbox 417 4543 661 4605; x_wconf 79' lang='lat' dir='ltr'>cassaverimus</span> <span class='ocrx_word' id='word_1_347' title='bbox 676 4541 872 4604; x_wconf 91' lang='lat' dir='ltr'>electionem</span> <span class='ocrx_word' id='word_1_348' title='bbox 889 4542 929 4603; x_wconf 92' lang='lat' dir='ltr'>de</span> <span class='ocrx_word' id='word_1_349' title='bbox 943 4543 976 4603; x_wconf 88' lang='lat' dir='ltr'>te</span> <span class='ocrx_word' id='word_1_350' title='bbox 991 4539 1114 4604; x_wconf 89' lang='lat' dir='ltr'>factam</span> <span class='ocrx_word' id='word_1_351' title='bbox 1168 4541 1463 4618; x_wconf 90' lang='lat' dir='ltr'>proposuitcoram</span> <span class='ocrx_word' id='word_1_352' title='bbox 1475 4540 1582 4613; x_wconf 89' lang='lat' dir='ltr'>nobis,</span> <span class='ocrx_word' id='word_1_353' title='bbox 1597 4541 1684 4618; x_wconf 83' lang='lat' dir='ltr'>quod</span> <span class='ocrx_word' id='word_1_354' title='bbox 1695 4560 1795 4621; x_wconf 86' lang='lat' dir='ltr'>quum</span> <span class='ocrx_word' id='word_1_355' title='bbox 1806 4547 1878 4622; x_wconf 85' lang='lat' dir='ltr'>jam</span> <span class='ocrx_word' id='word_1_356' title='bbox 1890 4547 1967 4608; x_wconf 89' lang='lat' dir='ltr'>octo</span> 
     </span>
     <span class='ocr_line' id='line_1_45' title="bbox 318 4637 1966 4718; baseline 0 -15"><span class='ocrx_word' id='word_1_357' title='bbox 318 4639 354 4703; x_wconf 93' lang='lat' dir='ltr'>in</span> <span class='ocrx_word' id='word_1_358' title='bbox 383 4641 574 4718; x_wconf 89' lang='lat' dir='ltr'>episcopum</span> <span class='ocrx_word' id='word_1_359' title='bbox 603 4641 850 4710; x_wconf 80' lang='lat' dir='ltr'>carnotensem,</span> <span class='ocrx_word' id='word_1_360' title='bbox 881 4639 1014 4716; x_wconf 89' lang='lat' dir='ltr'>justitia</span> <span class='ocrx_word' id='word_1_361' title='bbox 1040 4640 1114 4701; x_wconf 80' lang='lat' dir='ltr'>exi·</span> <span class='ocrx_word' id='word_1_362' title='bbox 1168 4639 1265 4700; x_wconf 89' lang='lat' dir='ltr'>annis</span> <span class='ocrx_word' id='word_1_363' title='bbox 1283 4639 1406 4714; x_wconf 88' lang='lat' dir='ltr'>elapsis</span> <span class='ocrx_word' id='word_1_364' title='bbox 1424 4637 1512 4700; x_wconf 91' lang='lat' dir='ltr'>dicto</span> <span class='ocrx_word' id='word_1_365' title='bbox 1532 4641 1571 4699; x_wconf 79' lang='lat' dir='ltr'>A.</span> <span class='ocrx_word' id='word_1_366' title='bbox 1592 4638 1709 4702; x_wconf 87' lang='lat' dir='ltr'>fnisset</span> <span class='ocrx_word' id='word_1_367' title='bbox 1728 4642 1966 4704; x_wconf 87' lang='lat' dir='ltr'>matrimonia-</span> 
     </span>
     <span class='ocr_line' id='line_1_46' title="bbox 318 4735 1966 4816; baseline 0.001 -16"><span class='ocrx_word' id='word_1_368' title='bbox 318 4739 428 4814; x_wconf 89' lang='lat' dir='ltr'>gente,</span> <span class='ocrx_word' id='word_1_369' title='bbox 464 4738 542 4814; x_wconf 86' lang='lat' dir='ltr'>quia</span> <span class='ocrx_word' id='word_1_370' title='bbox 573 4737 686 4798; x_wconf 86' lang='lat' dir='ltr'>tamen</span> <span class='ocrx_word' id='word_1_371' title='bbox 723 4735 932 4813; x_wconf 89' lang='lat' dir='ltr'>postmodum</span> <span class='ocrx_word' id='word_1_372' title='bbox 956 4737 1113 4800; x_wconf 91' lang='lat' dir='ltr'>continuo</span> <span class='ocrx_word' id='word_1_373' title='bbox 1167 4735 1245 4798; x_wconf 90' lang='lat' dir='ltr'>liter</span> <span class='ocrx_word' id='word_1_374' title='bbox 1267 4735 1433 4812; x_wconf 89' lang='lat' dir='ltr'>copulata,</span> <span class='ocrx_word' id='word_1_375' title='bbox 1456 4737 1489 4798; x_wconf 86' lang='lat' dir='ltr'>et</span> <span class='ocrx_word' id='word_1_376' title='bbox 1514 4735 1572 4796; x_wconf 91' lang='lat' dir='ltr'>diu</span> <span class='ocrx_word' id='word_1_377' title='bbox 1596 4735 1822 4801; x_wconf 88' lang='lat' dir='ltr'>cohabitasset</span> <span class='ocrx_word' id='word_1_378' title='bbox 1842 4739 1966 4816; x_wconf 89' lang='lat' dir='ltr'>eidem,</span> 
     </span>
     <span class='ocr_line' id='line_1_47' title="bbox 317 4831 1967 4915; baseline 0.004 -19"><span class='ocrx_word' id='word_1_379' title='bbox 317 4833 515 4910; x_wconf 91' lang='lat' dir='ltr'>theologicis</span> <span class='ocrx_word' id='word_1_380' title='bbox 524 4832 878 4910; x_wconf 88' lang='lat' dir='ltr'>disciplinisinsistens</span> <span class='ocrx_word' id='word_1_381' title='bbox 887 4831 1110 4908; x_wconf 90' lang='lat' dir='ltr'>laudabiliter,</span> <span class='ocrx_word' id='word_1_382' title='bbox 1168 4848 1339 4910; x_wconf 86' lang='lat' dir='ltr'>nunquam</span> <span class='ocrx_word' id='word_1_383' title='bbox 1358 4835 1480 4906; x_wconf 75' lang='lat' dir='ltr'>tamem</span> <span class='ocrx_word' id='word_1_384' title='bbox 1504 4832 1583 4895; x_wconf 92' lang='lat' dir='ltr'>licet</span> <span class='ocrx_word' id='word_1_385' title='bbox 1605 4838 1694 4898; x_wconf 86' lang='lat' dir='ltr'>esset</span> <span class='ocrx_word' id='word_1_386' title='bbox 1708 4836 1905 4915; x_wconf 88' lang='lat' dir='ltr'>viripotens,</span> <span class='ocrx_word' id='word_1_387' title='bbox 1923 4839 1967 4902; x_wconf 89' lang='lat' dir='ltr'>ab</span> 
     </span>
     <span class='ocr_line' id='line_1_48' title="bbox 319 4929 1969 5014; baseline 0.005 -22"><span class='ocrx_word' id='word_1_388' title='bbox 319 4932 405 4992; x_wconf 89' lang='lat' dir='ltr'>sicut</span> <span class='ocrx_word' id='word_1_389' title='bbox 424 4930 623 5009; x_wconf 90' lang='lat' dir='ltr'>accepimns,</span> <span class='ocrx_word' id='word_1_390' title='bbox 647 4929 812 5009; x_wconf 83' lang='lat' dir='ltr'>profuisti,</span> <span class='ocrx_word' id='word_1_391' title='bbox 835 4931 1033 4992; x_wconf 87' lang='lat' dir='ltr'>auctoritate</span> <span class='ocrx_word' id='word_1_392' title='bbox 1051 4931 1112 4994; x_wconf 92' lang='lat' dir='ltr'>tibi</span> <span class='ocrx_word' id='word_1_393' title='bbox 1167 4947 1207 4994; x_wconf 91' lang='lat' dir='ltr'>eo</span> <span class='ocrx_word' id='word_1_394' title='bbox 1227 4931 1360 5006; x_wconf 86' lang='lat' dir='ltr'>cognita</span> <span class='ocrx_word' id='word_1_395' title='bbox 1381 4929 1501 5002; x_wconf 85' lang='lat' dir='ltr'>fuerat,</span> <span class='ocrx_word' id='word_1_396' title='bbox 1525 4931 1583 4992; x_wconf 88' lang='lat' dir='ltr'>sed</span> <span class='ocrx_word' id='word_1_397' title='bbox 1605 4931 1714 4996; x_wconf 88' lang='lat' dir='ltr'>adhuc</span> <span class='ocrx_word' id='word_1_398' title='bbox 1732 4934 1864 5012; x_wconf 88' lang='lat' dir='ltr'>integra</span> <span class='ocrx_word' id='word_1_399' title='bbox 1886 4953 1969 5014; x_wconf 88' lang='lat' dir='ltr'>per-</span> 
     </span>
     <span class='ocr_line' id='line_1_49' title="bbox 317 5027 1967 5110; baseline 0.004 -21"><span class='ocrx_word' id='word_1_400' title='bbox 317 5027 532 5107; x_wconf 88' lang='lat' dir='ltr'>preesentium</span> <span class='ocrx_word' id='word_1_401' title='bbox 558 5027 779 5104; x_wconf 83' lang='lat' dir='ltr'>indulgemus,</span> <span class='ocrx_word' id='word_1_402' title='bbox 806 5029 842 5090; x_wconf 93' lang='lat' dir='ltr'>ut</span> <span class='ocrx_word' id='word_1_403' title='bbox 865 5043 931 5090; x_wconf 92' lang='lat' dir='ltr'>non</span> <span class='ocrx_word' id='word_1_404' title='bbox 960 5028 1112 5091; x_wconf 87' lang='lat' dir='ltr'>obstante</span> <span class='ocrx_word' id='word_1_405' title='bbox 1166 5028 1334 5102; x_wconf 87' lang='lat' dir='ltr'>manebat,</span> <span class='ocrx_word' id='word_1_406' title='bbox 1355 5029 1503 5105; x_wconf 83' lang='lat' dir='ltr'>eoquod</span> <span class='ocrx_word' id='word_1_407' title='bbox 1526 5028 1705 5106; x_wconf 84' lang='lat' dir='ltr'>praedictns</span> <span class='ocrx_word' id='word_1_408' title='bbox 1726 5032 1779 5094; x_wconf 91' lang='lat' dir='ltr'>vir</span> <span class='ocrx_word' id='word_1_409' title='bbox 1801 5036 1875 5110; x_wconf 87' lang='lat' dir='ltr'>ejus</span> <span class='ocrx_word' id='word_1_410' title='bbox 1897 5051 1967 5096; x_wconf 91' lang='lat' dir='ltr'>non</span> 
     </span>
     <span class='ocr_line' id='line_1_50' title="bbox 318 5123 1968 5208; baseline 0.004 -20"><span class='ocrx_word' id='word_1_411' title='bbox 318 5125 506 5188; x_wconf 87' lang='lat' dir='ltr'>cassatione</span> <span class='ocrx_word' id='word_1_412' title='bbox 521 5125 670 5203; x_wconf 83' lang='lat' dir='ltr'>praefata,</span> <span class='ocrx_word' id='word_1_413' title='bbox 681 5126 722 5186; x_wconf 86' lang='lat' dir='ltr'>ad</span> <span class='ocrx_word' id='word_1_414' title='bbox 742 5123 920 5201; x_wconf 79' lang='lat' dir='ltr'>dignitates</span> <span class='ocrx_word' id='word_1_415' title='bbox 935 5126 1113 5188; x_wconf 87' lang='lat' dir='ltr'>ecclesias-</span> <span class='ocrx_word' id='word_1_416' title='bbox 1166 5127 1311 5188; x_wconf 87' lang='lat' dir='ltr'>habebat</span> <span class='ocrx_word' id='word_1_417' title='bbox 1329 5126 1515 5203; x_wconf 85' lang='lat' dir='ltr'>potentiam</span> <span class='ocrx_word' id='word_1_418' title='bbox 1536 5126 1695 5203; x_wconf 88' lang='lat' dir='ltr'>coeundi;</span> <span class='ocrx_word' id='word_1_419' title='bbox 1713 5145 1817 5206; x_wconf 88' lang='lat' dir='ltr'>qnare</span> <span class='ocrx_word' id='word_1_420' title='bbox 1829 5131 1968 5208; x_wconf 89' lang='lat' dir='ltr'>petebat</span> 
     </span>
     <span class='ocr_line' id='line_1_51' title="bbox 235 5221 1966 5299; baseline 0.005 -15"><span class='ocrx_word' id='word_1_421' title='bbox 235 5273 242 5284; x_wconf 90' lang='grc'><em>,</em></span> <span class='ocrx_word' id='word_1_422' title='bbox 315 5224 401 5287; x_wconf 86' lang='lat' dir='ltr'>tices</span> <span class='ocrx_word' id='word_1_423' title='bbox 421 5223 501 5299; x_wconf 89' lang='lat' dir='ltr'>eligi</span> <span class='ocrx_word' id='word_1_424' title='bbox 515 5221 629 5283; x_wconf 88' lang='lat' dir='ltr'>valeas</span> <span class='ocrx_word' id='word_1_425' title='bbox 649 5221 765 5295; x_wconf 92' lang='lat' dir='ltr'>libere,</span> <span class='ocrx_word' id='word_1_426' title='bbox 787 5237 826 5284; x_wconf 88' lang='lat' dir='ltr'>ac</span> <span class='ocrx_word' id='word_1_427' title='bbox 849 5222 998 5284; x_wconf 90' lang='lat' dir='ltr'>licenter.</span> <span class='ocrx_word' id='word_1_428' title='bbox 1020 5223 1112 5284; x_wconf 90' lang='lat' dir='ltr'>Nulli</span> <span class='ocrx_word' id='word_1_429' title='bbox 1166 5225 1255 5286; x_wconf 90' lang='lat' dir='ltr'>inter</span> <span class='ocrx_word' id='word_1_430' title='bbox 1280 5239 1338 5286; x_wconf 89' lang='lat' dir='ltr'>eos</span> <span class='ocrx_word' id='word_1_431' title='bbox 1365 5223 1544 5286; x_wconf 90' lang='lat' dir='ltr'>divortium</span> <span class='ocrx_word' id='word_1_432' title='bbox 1573 5224 1749 5286; x_wconf 89' lang='lat' dir='ltr'>celebrari.</span> <span class='ocrx_word' id='word_1_433' title='bbox 1779 5229 1966 5292; x_wconf 85' lang='lat' dir='ltr'>Praedictns</span> 
     </span>
     <span class='ocr_line' id='line_1_52' title="bbox 317 5319 1967 5401; baseline 0.007 -20"><span class='ocrx_word' id='word_1_434' title='bbox 317 5336 408 5396; x_wconf 91' lang='lat' dir='ltr'>ergo,</span> <span class='ocrx_word' id='word_1_435' title='bbox 424 5322 487 5383; x_wconf 91' lang='lat' dir='ltr'>etc.</span> <span class='ocrx_word' id='word_1_436' title='bbox 509 5321 544 5382; x_wconf 88' lang='lat' dir='ltr'>Si</span> <span class='ocrx_word' id='word_1_437' title='bbox 560 5321 634 5397; x_wconf 88' lang='lat' dir='ltr'>quis</span> <span class='ocrx_word' id='word_1_438' title='bbox 649 5323 772 5393; x_wconf 89' lang='lat' dir='ltr'>autem,</span> <span class='ocrx_word' id='word_1_439' title='bbox 789 5320 851 5382; x_wconf 89' lang='lat' dir='ltr'>etc.</span> <span class='ocrx_word' id='word_1_440' title='bbox 875 5321 994 5380; x_wconf 87' lang='lat' dir='ltr'>Datum</span> <span class='ocrx_word' id='word_1_441' title='bbox 1013 5321 1113 5383; x_wconf 91' lang='lat' dir='ltr'>Late-</span> <span class='ocrx_word' id='word_1_442' title='bbox 1166 5337 1246 5384; x_wconf 91' lang='lat' dir='ltr'>vero</span> <span class='ocrx_word' id='word_1_443' title='bbox 1261 5325 1299 5383; x_wconf 83' lang='grc' dir='ltr'>Α.</span> <span class='ocrx_word' id='word_1_444' title='bbox 1321 5319 1539 5382; x_wconf 89' lang='lat' dir='ltr'>nihilominus</span> <span class='ocrx_word' id='word_1_445' title='bbox 1560 5319 1738 5396; x_wconf 84' lang='lat' dir='ltr'>fatebatur,</span> <span class='ocrx_word' id='word_1_446' title='bbox 1759 5325 1846 5401; x_wconf 85' lang='lat' dir='ltr'>quod</span> <span class='ocrx_word' id='word_1_447' title='bbox 1870 5327 1967 5392; x_wconf 88' lang='lat' dir='ltr'>illam</span> 
     </span>
     <span class='ocr_line' id='line_1_53' title="bbox 318 5417 1968 5498; baseline 0.004 -19"><span class='ocrx_word' id='word_1_448' title='bbox 318 5417 405 5489; x_wconf 89' lang='lat' dir='ltr'>rani,</span> <span class='ocrx_word' id='word_1_449' title='bbox 419 5419 481 5478; x_wconf 85' lang='lat' dir='ltr'>llll</span> <span class='ocrx_word' id='word_1_450' title='bbox 495 5417 657 5480; x_wconf 84' lang='lat' dir='ltr'>kalendas</span> <span class='ocrx_word' id='word_1_451' title='bbox 668 5417 793 5491; x_wconf 88' lang='lat' dir='ltr'>martii,</span> <span class='ocrx_word' id='word_1_452' title='bbox 810 5432 899 5480; x_wconf 88' lang='lat' dir='ltr'>anno</span> <span class='ocrx_word' id='word_1_453' title='bbox 915 5417 1019 5479; x_wconf 81' lang='lat' dir='ltr'>sexto.</span> <span class='ocrx_word' id='word_1_454' title='bbox 1166 5433 1336 5495; x_wconf 88' lang='lat' dir='ltr'>nunquam</span> <span class='ocrx_word' id='word_1_455' title='bbox 1362 5419 1574 5492; x_wconf 89' lang='lat' dir='ltr'>cognoverat,</span> <span class='ocrx_word' id='word_1_456' title='bbox 1600 5419 1680 5481; x_wconf 91' lang='lat' dir='ltr'>licet</span> <span class='ocrx_word' id='word_1_457' title='bbox 1703 5421 1744 5481; x_wconf 87' lang='lat' dir='ltr'>ad</span> <span class='ocrx_word' id='word_1_458' title='bbox 1769 5423 1842 5498; x_wconf 89' lang='lat' dir='ltr'>ejus</span> <span class='ocrx_word' id='word_1_459' title='bbox 1865 5423 1968 5486; x_wconf 89' lang='lat' dir='ltr'>obse-</span> 
     </span>
    </p>
   </div>
   <div class='ocr_carea' id='block_1_22' title="bbox 1167 5513 2063 5596">
    <p class='ocr_par' dir='ltr' id='par_1_23' title="bbox 1167 5513 2063 5596">
     <span class='ocr_line' id='line_1_54' title="bbox 1167 5513 2063 5596; baseline 0.013 -22"><span class='ocrx_word' id='word_1_460' title='bbox 1167 5515 1280 5593; x_wconf 89' lang='lat' dir='ltr'>quium</span> <span class='ocrx_word' id='word_1_461' title='bbox 1300 5529 1336 5574; x_wconf 89' lang='lat' dir='ltr'>se</span> <span class='ocrx_word' id='word_1_462' title='bbox 1358 5513 1492 5576; x_wconf 81' lang='lat' dir='ltr'>facilem</span> <span class='ocrx_word' id='word_1_463' title='bbox 1513 5515 1715 5590; x_wconf 85' lang='lat' dir='ltr'>exhibuerit,</span> <span class='ocrx_word' id='word_1_464' title='bbox 1742 5519 1775 5580; x_wconf 87' lang='lat' dir='ltr'>et</span> <span class='ocrx_word' id='word_1_465' title='bbox 1794 5521 1964 5596; x_wconf 87' lang='lat' dir='ltr'>paratum,</span> <span class='ocrx_word' id='word_1_466' title='bbox 2062 5581 2063 5586; x_wconf 75' lang='grc'>,</span> 
     </span>
    </p>
   </div>
   <div class='ocr_carea' id='block_1_23' title="bbox 1168 5609 1966 5692">
    <p class='ocr_par' dir='ltr' id='par_1_24' title="bbox 1168 5609 1966 5692">
     <span class='ocr_line' id='line_1_55' title="bbox 1168 5609 1966 5692; baseline 0.008 -18"><span class='ocrx_word' id='word_1_467' title='bbox 1168 5611 1225 5674; x_wconf 88' lang='lat' dir='ltr'>sed</span> <span class='ocrx_word' id='word_1_468' title='bbox 1238 5611 1348 5672; x_wconf 86' lang='lat' dir='ltr'>tamen</span> <span class='ocrx_word' id='word_1_469' title='bbox 1361 5625 1396 5672; x_wconf 90' lang='lat' dir='ltr'>se</span> <span class='ocrx_word' id='word_1_470' title='bbox 1406 5609 1531 5676; x_wconf 86' lang='lat' dir='ltr'>habere</span> <span class='ocrx_word' id='word_1_471' title='bbox 1542 5611 1724 5688; x_wconf 89' lang='lat' dir='ltr'>potentiam</span> <span class='ocrx_word' id='word_1_472' title='bbox 1737 5619 1966 5692; x_wconf 89' lang='lat' dir='ltr'>cognoscendi</span> 
     </span>
    </p>
   </div>
   <div class='ocr_carea' id='block_1_24' title="bbox 0 0 2088 6343">
    <p class='ocr_par' dir='ltr' id='par_1_25' title="bbox 0 0 2088 6343">
     <span class='ocr_line' id='line_1_56' title="bbox 0 0 2088 6343; baseline 0 0"><span class='ocrx_word' id='word_1_473' title='bbox 0 0 2088 6343; x_wconf 95' lang='lat' dir='ltr'> </span> 
     </span>
    </p>
   </div>
  </div>
 </body>
</html>
