3948 6328
319 429 376 490 aar
514 383 518 388 ¹
932 427 1109 490 uonoan
1131 428 1177 488 111
1198 429 1346 490 osana.
1556 393 1562 403 ’
1900 431 1957 490 aa

320 584 565 657 conflrmamns,
593 587 626 648 at
651 585 826 662 praesentis
855 584 967 662 scripti
998 585 1112 664 patro·
1165 587 1420 664 proscribendos
1431 587 1464 652 et
1478 588 1674 654 rudentibus
1686 586 1810 652 interni
1823 587 1958 651 detrac-

320 684 410 746 ciuio
422 681 675 745 communimus,
692 683 784 744 Nulli
801 697 880 758 ergo
897 681 1033 744 omuino
1055 683 1113 744 bo-
1165 687 1217 746 tos
1230 686 1436 749 intactarum
1452 687 1661 758 cruciandos,
1676 675 1706 748 si
1720 685 1850 748 Christo
1866 701 1958 762 quse-

319 782 446 844 minum
458 781 559 843 liceat
581 780 668 842 hanc
683 779 838 856 paginam
855 782 978 842 nostrae
995 780 1112 842 contir-
1166 784 1253 845 renti
1282 784 1368 862 quod
1397 785 1575 848 haereditas
1601 787 1673 862 ejus
1699 784 1740 845 ad
1767 783 1898 846 alienos
1917 783 1958 844 sit

318 879 476 940 metionis
495 877 691 954 intringere,
711 877 764 938 vel
779 877 811 939 ei
830 893 915 938 ausu
933 877 1111 939 temerario
1165 896 1276 954 uersa,
1297 884 1330 946 et
1352 882 1393 944 ad
1414 884 1592 946 extraneos
1606 883 1764 960 templum
1779 885 1863 960 ejus,
1881 879 1958 942 sub-

318 975 497 1038 contraire.
515 975 635 1052 Siquis
648 976 759 1036 autem
774 975 837 1037 hoc
853 975 1017 1036 attentare
1030 989 1112 1050 prae·
1165 980 1341 1042 traxerunt
1367 979 1414 1059 (1)
1443 981 1629 1044 devotionis
1658 983 1690 1044 et
1717 977 1956 1057 compassionis

318 1073 508 1151 sumpserit,
526 1072 788 1148 indignationem
806 1071 1041 1149 omnipotentis
1051 1070 1111 1132 Dei
1166 1091 1370 1148 succursum,
1382 1079 1416 1140 et
1430 1093 1496 1139 non
1512 1078 1683 1156 posuerint
1696 1077 1845 1154 gladium
1860 1089 1958 1152 super

318 1171 352 1234 et
374 1170 546 1234 beatorum
569 1171 661 1232 Petri
691 1171 725 1232 et
756 1169 853 1230 Pauli
878 1169 1111 1246 Apostolorum
1166 1173 1284 1246 lemur,
1310 1175 1464 1252 deporta
1486 1176 1690 1239 transeundo
1711 1175 1753 1236 ad
1773 1175 1905 1252 portam
1927 1173 1955 1234 in

318 1270 391 1345 ejus
415 1285 452 1330 se
472 1268 603 1330 nerent
627 1268 851 1330 incursurum.
874 1267 993 1328 Datum
1019 1267 1112 1327 Late·
1167 1271 1327 1334 ultionem
1367 1273 1670 1352 blasphemantium
1707 1286 1829 1336 nomen
1868 1274 1954 1348 ejus!

318 1367 405 1438 rani,
417 1367 492 1428 XIV
504 1365 667 1427 kalendas
679 1364 770 1437 maii,
785 1363 996 1442 pontificatus
1005 1361 1111 1426 nostri
1167 1370 1234 1446 qui,
1248 1369 1328 1432 licet
1340 1370 1502 1434 bonorum
1515 1371 1705 1434 nostrorum
1720 1387 1786 1432 uon
1802 1371 1913 1445 egeat,
1927 1371 1957 1430 et

186 1509 189 1514 .
319 1477 408 1524 enno
421 1463 572 1542 septimo.
1166 1467 1238 1530 solo
1267 1463 1369 1530 verbo
1395 1469 1500 1546 possit
1523 1471 1696 1532 conterere
1721 1467 1891 1538 inimicos,
1920 1465 1956 1526 ad

1166 1569 1230 1630 hoc
1260 1569 1371 1632 tamen
1410 1569 1561 1631 nostrum
1601 1566 1781 1630 clementer
1821 1563 1956 1642 requirit

1166 1668 1343 1740 auxilium,
1359 1665 1446 1745 quod
1462 1665 1623 1728 fructibus
1637 1665 1760 1726 vestrae
1773 1661 1955 1726 deuotionis

655 1727 777 1817 CXIV
1166 1767 1346 1839 accrescat,
1361 1764 1481 1842 quibus
1495 1767 1630 1828 eteruae
1653 1761 1731 1825 ritse
1757 1760 1856 1824 nobis
1871 1775 1954 1837 prae-

1166 1865 1233 1928 mia
1248 1863 1421 1941 largiatur.

693 2037 720 2052 ,,
1205 1964 1338 2027 Gratias
1365 1961 1476 2024 autem
1503 1963 1583 2027 Deo.
1610 1957 1669 2037 qui
1700 1955 1954 2020 sollicitudinem

587 2039 620 2098 ¹⁸
640 2038 738 2112 ”llll
755 2037 835 2096 ¹²²³·
1166 2062 1265 2141 nujus
1289 2059 1415 2139 negem
1442 2059 1532 2124 dean
1554 2059 1592 2120 in
1617 2055 1717 2118 eonio
1736 2053 1907 2116 carissimi
1924 2051 1954 2112 n

362 2173 500 2238 penuque,
515 2173 574 2224 aas.
584 2171 628 2221 des
642 2169 717 2228 alst,
731 2173 751 2220 t.
764 2169 833 2229 xlx,
846 2185 872 2236 p.
883 2167 944 2228 ren
956 2170 1063 2232 aegest,
1166 2160 1297 2222 Gbristo
1314 2158 1376 2220 tilii
1395 2157 1501 2220 noshi
1515 2151 1710 2237 [hroderici]
1734 2155 1953 2215 Romanorum

593 2251 637 2301 fib·
649 2250 705 2310 V¹¹›
719 2263 759 2315 sp.
771 2249 837 2311 ω·]
1165 2257 1377 2336 imperatoris
1391 2255 1533 2318 illustris
1548 2267 1679 2330 semper
1693 2248 1829 2326 augusti
1851 2249 1885 2308 et
1902 2260 1952 2306 re-

317 2365 420 2426 Habito
443 2382 508 2425 cum
537 2366 689 2425 Frederico
717 2365 911 2423 Romanorum
939 2364 1111 2438 imperatore
1165 2357 1217 2433 gis
1241 2353 1377 2426 siciliae,
1408 2353 1455 2425 ut,
1484 2350 1718 2414 exhortatione
1746 2347 1868 2408 nostra
1901 2360 1951 2404 re·

353 2461 473 2513 mactatu
506 2455 542 2512 de
563 2452 747 2512 inemuranda
776 2453 807 2510 in
830 2454 948 2510 Terram
976 2453 1109 2511 Sanctam
1165 2453 1272 2532 cepta,
1287 2452 1328 2514 ad
1352 2467 1414 2514 nos
1433 2451 1568 2528 propter
1581 2448 1644 2510 hoc
1667 2443 1800 2508 venerit
1814 2443 1851 2504 in
1866 2443 1954 2502 Cam·

352 2542 543 2618 expeditione,
552 2543 680 2601 bortatur
686 2543 828 2600 Honorius
836 2540 1008 2614 Philippum,
1020 2543 1108 2600 Fran·
1165 2549 1310 2627 papiam,
1323 2549 1356 2612 gt
1370 2548 1539 2625 negotium
1554 2541 1773 2622 assumpserit
1786 2541 1824 2602 in
1839 2539 1949 2615 seipso,

351 2647 450 2690 ⁰⁰¹l¹¹1¹
479 2647 593 2705 retem,
619 2631 655 2689 td
680 2645 780 2707 pacem
805 2644 870 2687 ⁰⁰¹³
902 2629 1016 2702 Angli&
1041 2643 1111 2703 ¹08⁶
1166 2647 1312 2725 praestito
1345 2645 1563 2722 corporaliter
1587 2641 1779 2720 juramento
1800 2693 1805 2700 .
1824 2635 1952 2714 promit-

349 2721 518 2823 iueundam
536 2721 582 2780 vel
602 2723 749 2795 longiores
774 2733 839 2778 cum
859 2717 962 2777 eodem
981 2718 1111 2777 inductas
1165 2743 1337 2822 tensquod
1353 2742 1394 2805 ab
1409 2742 1524 2804 aestate
1545 2739 1701 2818 praesenti
1725 2738 1769 2798 ad
1789 2735 1950 2796 biennium

350 2809 416 2868 belh
430 2809 651 2868 ⁰⁰⁰¹¹⁸h⁰¹¹d⁰⁸·
1165 2842 1206 2904 ad
1222 2845 1333 2902 Terras
1358 2842 1488 2902 Sanctae
1512 2851 1720 2907 succursum,
1732 2835 1804 2895 vita
1829 2833 1948 2900 comite,

357 2933 1110 3014 Honoriusepiscopus...carissimoinchristo
1165 2937 1404 3002 transfretabit.
1415 2939 1520 3009 Quum
1536 2951 1616 3012 ergo
1631 2933 1672 2995 ad
1686 2931 1838 3010 ejusdem
1850 2933 1948 2991 Terre

317 3033 386 3095 illio
402 3033 567 3110 Philippo,
589 3035 661 3110 regi
678 3036 882 3095 Francorum
897 3031 1033 3104 illustri,
1050 3047 1109 3092 sa·
1166 3037 1350 3098 subsidium
1371 3034 1516 3113 undique
1536 3030 1794 3111 praeparandum
1814 3029 1860 3089 sit
1883 3041 1949 3103 per-

315 3129 429 3201 lutffltb
449 3131 511 3190 etc·
1166 3135 1310 3197 maxime
1329 3132 1565 3204 necessarium,
1590 3131 1627 3193 ut
1640 3129 1729 3192 inter
1743 3126 1912 3204 principes
1924 3123 1949 3182 et

355 3227 556 3288 haereditate
577 3240 732 3303 suprema
747 3241 783 3288 se
797 3223 905 3288 reddit
924 3225 1107 3302 indignum,
1165 3233 1303 3311 populos
1331 3231 1539 3294 Christianos
1564 3244 1632 3305 pax
1652 3227 1789 3288 interim
1820 3223 1949 3284 firmiter

315 3322 349 3384 et
364 3322 604 3383 excludendum
620 3323 661 3384 ab
676 3339 716 3384 ea
731 3339 767 3384 se
782 3325 890 3400 potest
913 3337 980 3383 non
993 3323 1111 3383 imme-
1166 3331 1370 3401 ohsarvetur,
1388 3329 1474 3390 sicut
1496 3327 1532 3388 in
1557 3323 1723 3402 colloquio
1747 3338 1822 3384 cum
1844 3317 1947 3382 eodan
1970 3367 1971 3400 ,

314 3419 380 3482 rito
391 3419 581 3492 formidare,
597 3435 694 3498 quem
713 3417 804 3482 zelus
818 3420 1015 3482 Christianae
1033 3417 1110 3480 fidei
1164 3427 1365 3504 imperatore
1401 3424 1514 3486 hahita
1542 3421 1699 3486 duximus
1727 3418 1945 3486 statuendum
1969 3439 1970 3475 t

313 3533 382 3579 11011
419 3517 581 3588 accondit,
612 3533 709 3596 quem
746 3533 812 3580 non
849 3517 959 3580 movet
985 3515 1110 3594 injuria
1165 3512 1378 3587 serenitatem
1414 3526 1506 3584 tuam
1533 3519 1717 3597 rogandam
1746 3515 1904 3578 duximus
1923 3514 1969 3572 ett

315 3618 395 3679 Jesu
417 3615 551 3684 Christi,
579 3617 612 3678 et
640 3631 737 3692 quem
770 3630 838 3676 uon
867 3615 935 3676 urit
970 3613 1109 3692 pollutio
1164 3623 1363 3694 monendas,
1387 3621 1421 3682 in
1449 3617 1680 3681 remissionem
1706 3613 1767 3678 tihi
1793 3609 1967 3707 peccant-p

314 3713 498 3775 sanctuarii
522 3729 562 3775 ac
590 3712 790 3775 contumelia
814 3711 1056 3789 Redemptoris,
1073 3711 1109 3773 in
1164 3737 1242 3782 num
1256 3718 1478 3797 injungentes,
1494 3716 1657 3794 quatenus
1673 3715 1745 3790 elus
1760 3710 1887 3773 intuitu
1902 3706 1945 3784 qui
1965 3735 1966 3785 p

314 3809 542 3874 haereditatem
558 3809 664 3888 ipsius
679 3809 834 3887 gentibus
852 3809 1062 3872 venientibus
1076 3809 1110 3871 et
1163 3819 1320 3896 pacificos
1335 3816 1422 3878 filios
1434 3814 1494 3877 Dei
1507 3811 1627 3876 asserit
1641 3808 1872 3889 appellandos,
1886 3819 1946 3867 cun
1962 3805 1965 3866 l

314 3906 538 3983 polluentibus
555 3907 714 3985 templum
736 3910 819 3985 ejus,
840 3907 948 3983 posita
971 3909 1109 3968 Jerusa-
1163 3891 1337 3977 carissimo
1359 3915 1394 3974 in
1410 3913 1541 3974 Christo
1563 3911 1633 3971 filio
1651 3909 1768 3970 nosue
1783 3898 1945 3985 (ilenrico)

314 4010 380 4072 lem
407 4013 498 4074 velut
521 4027 694 4089 pomorum
720 4012 970 4083 custodiarium,
987 4012 1020 4073 et
1038 4011 1109 4072 filla
1162 4014 1344 4088 anglorum
1380 4025 1460 4087 rege
1488 4007 1624 4079 illustri,
1662 4006 1693 4067 si
1725 4003 1802 4066 lieri
1837 4001 1944 4080 potest,

317 4107 396 4168 Sion
416 4110 511 4184 quasi
526 4108 694 4184 tugurium
708 4109 743 4169 ln
766 4108 996 4170 cucumerario
1011 4107 1109 4168 dere-
1162 4111 1258 4171 ineas
1277 4109 1406 4170 firmam
1430 4122 1557 4185 pacem,
1577 4104 1631 4168 rel
1656 4102 1776 4164 saltem
1798 4109 1944 4179 proroget

314 4199 841 4282 lictaNumquldChris'tipoterit
855 4219 930 4266 essa
945 4203 1107 4276 cohaeres,
1164 4206 1296 4282 treugas
1321 4206 1407 4268 inter
1419 4207 1452 4266 te
1475 4221 1514 4266 ae
1533 4205 1642 4281 ipsum
1662 4199 1827 4262 hactenus
1841 4198 1945 4260 obser·

313 4303 370 4381 qui
384 4303 415 4364 ei
428 4315 620 4363 succursum
626 4301 821 4377 juxtarires
832 4301 985 4377 proprias
998 4313 1107 4377 praes·
1161 4304 1267 4374 vates,
1285 4317 1327 4364 ne
1347 4304 1523 4364 occasione
1537 4297 1729 4378 hujusmodi
1741 4311 1874 4374 guerrae
1888 4297 1942 4355 lte·

312 4401 384 4462 tare
400 4399 597 4476 neglexerit,
612 4413 631 4460 a
645 4399 735 4460 terra
750 4411 849 4474 quam
863 4397 903 4458 ad
918 4395 1106 4458 exhibenda
1161 4401 1212 4476 gis
1238 4399 1381 4461 coelestis
1406 4399 1607 4477 impediatur
1633 4395 1765 4468 militia,
1784 4397 1818 4456 et
1835 4391 1941 4456 Gallia,

312 4497 469 4576 mysteria
479 4498 600 4559 nostrae
612 4493 849 4571 redemptionis
859 4493 1106 4569 elegitablas-
1161 4513 1235 4573 quae
1261 4497 1409 4574 praeliari
1436 4496 1553 4574 praelia
1579 4493 1711 4556 Domini
1747 4491 1948 4570 potissimum

313 4595 443 4672 phemis
454 4593 599 4655 nominis
614 4597 686 4671 ejus
697 4591 835 4669 expulso
847 4591 899 4653 val
914 4592 1031 4652 saltem
1042 4605 1106 4667 pa·
1161 4593 1343 4666 consuevit,
1358 4594 1484 4670 praeliis
1498 4592 1689 4654 intrinsecis
1704 4591 1877 4667 occupata,
1892 4585 1941 4646 de·

311 4691 407 4753 ilenti
436 4693 543 4753 eldam
570 4707 636 4753 non
665 4689 887 4767 compatiatur
914 4703 957 4750 ex
982 4687 1103 4760 animo,
1160 4690 1237 4753 bitae
1258 4691 1427 4753 servitutis
1442 4692 1475 4752 et
1490 4689 1677 4752 devotionis
1697 4686 1859 4764 obsequia
1877 4681 1942 4744 sub-

312 4788 378 4859 cui,
404 4787 461 4864 qui
484 4787 740 4864 compatiuntur,
770 4787 803 4848 et
839 4784 1106 4861 conregnabunt?
1160 4787 1271 4848 trahat
1294 4786 1377 4862 Regi
1396 4801 1522 4862 regum,
1544 4787 1578 4848 et
1600 4784 1729 4852 eadem,
1743 4799 1818 4860 qnae
1836 4782 1872 4842 in
1891 4779 1940 4838 bos

311 4885 430 4947 Nonne
444 4884 609 4944 vassallus
634 4883 813 4961 quuslibet
831 4882 957 4944 domini
977 4882 1107 4957 tempo-
1161 4883 1303 4959 negotio,
1321 4884 1524 4960 usquemodo
1540 4886 1676 4945 strenue
1695 4881 1838 4944 Domino
1861 4877 1937 4940 mili·

310 4981 394 5046 ralis
412 4981 508 5059 quasi
533 4979 731 5057 proditionis
746 4995 836 5052 reus,
850 4981 886 5042 et
904 4979 1000 5041 feodo
1019 4978 1105 5056 quod
1160 4981 1253 5052 tevit,
1279 4980 1450 5057 triumphi,
1468 4996 1565 5058 quem
1594 4980 1682 5042 idem
1708 4979 1864 5042 dominus
1886 4979 1937 5036 Sa·

311 5081 402 5144 tenet
421 5077 463 5140 ab
487 5093 526 5140 eo
549 5076 720 5154 judicetur
742 5075 910 5152 indignus,
925 5076 956 5137 si
979 5075 1105 5137 domini
1159 5075 1259 5138 baoth
1272 5091 1333 5139 suo
1348 5077 1486 5140 daturus
1498 5079 1549 5140 est
1562 5077 1738 5150 exercitui,
1750 5079 1811 5140 ilat
1824 5087 1935 5152 expers

312 5179 365 5240 sui
377 5179 501 5240 terram
516 5172 718 5236 intrantibus
730 5173 881 5234 hostibus
896 5187 957 5249 pro
977 5172 1105 5234 viribus
1200 5175 1460 5253 modestiaque
1479 5175 1519 5237 ad
1542 5175 1617 5248 hoc,
1634 5175 1850 5237 serenissime
1867 5169 1937 5250 prin·

311 5289 378 5337 nou
393 5271 575 5340 resisteret,
592 5271 625 5332 et
640 5285 676 5330 se
688 5269 785 5347 juxta
807 5285 904 5345 posse
925 5269 967 5330 ad
983 5268 1104 5345 espul-
1160 5285 1249 5347 ceps,
1269 5273 1420 5348 aspersio
1442 5274 1615 5349 sanguinis
1641 5275 1722 5336 Jesu
1744 5271 1876 5341 Christi,
1889 5275 1936 5344 per

311 5373 439 5433 sionem
458 5386 525 5433 non
540 5367 730 5444 accingeret
750 5366 961 5428 eorumdeml
975 5367 1105 5437 Quanto
1159 5382 1256 5444 quem
1277 5369 1510 5431 reconciliauit
1536 5369 1608 5448 nos)
1621 5370 1727 5441 Patri,
1745 5367 1936 5430 inimicitiam

311 5470 418 5546 magis
433 5469 468 5528 hi
480 5467 537 5545 qui
549 5464 733 5528 christiana
748 5461 954 5540 professione
969 5477 1106 5524 censen·
1160 5463 1193 5523 in
1219 5477 1321 5524 carne
1348 5481 1409 5527 sua
1435 5466 1568 5528 solvens
1596 5467 1629 5528 et
1652 5466 1719 5528 duo
1745 5467 1886 5528 condens
1910 5460 1936 5518 is

310 5568 375 5642 tur,
403 5563 571 5628 acoelesti
603 5561 710 5640 patria
738 5576 775 5622 se
803 5560 921 5622 timere
948 5560 1105 5637 poterunt
1159 5575 1273 5634 tinum,
1288 5577 1402 5638 pacem
1418 5563 1540 5626 tacitin
1554 5564 1744 5642 semetipso,
1755 5580 1853 5643 quam
1864 5563 1906 5624 tra

390 1913 439 1974 Aa
452 1912 650 1984 Philippum
667 1913 886 1970 Francorum
905 1919 1036 1982 regem.

345 5759 386 5836 (l)
407 5757 573 5835 tegendum
589 5755 786 5818 subduxerint.
