4080 6328
82 292 133 352 861

82 447 237 521 subditas,
250 449 322 510 0100
330 451 524 527 cujusquam
535 445 870 538 prohibitioneliceat
966 448 1086 510 Datum
1097 445 1231 519 Tibure,
1248 461 1308 523 per
1326 463 1458 510 manum
1475 446 1625 526 magistri
1639 452 1721 512 (lui-

80 547 172 610 robis
187 547 387 623 regulariter
398 546 561 624 jndicare.

117 641 868 722 InsuperauctoritateApostolicainhihemus,

80 759 119 804 00
144 744 219 819 quis
244 741 527 818 archiepiscopus,
552 740 605 802 rel
631 741 806 818 episcopus
828 741 870 801 ad

80 842 314 904 monasterium
339 842 486 902 vestrum
511 839 647 902 accedet
666 839 871 901 causaordi-

80 941 139 1008 nis,
154 939 209 1001 rel
224 940 343 1000 missas
360 937 510 1014 publicas
530 936 731 1008 celebrandi,
748 937 814 997 nisi
829 935 869 998 ab

79 1037 193 1098 abbate
209 1035 309 1098 suerit
323 1035 494 1098 invitatus.
508 1036 616 1096 Praeci
620 1035 727 1111 pimus
745 1036 868 1106 autem,

80 1133 207 1210 nequis
234 1133 393 1209 populum
410 1133 451 1193 ad
467 1132 706 1193 monasterium
721 1132 869 1193 restrum

80 1230 130 1290 vel
143 1233 217 1306 ejus
239 1229 399 1290 ecclesias
414 1229 583 1300 accedere,
600 1229 658 1289 aut
681 1231 753 1305 ejus
768 1226 871 1290 bene-

80 1326 162 1397 ficia,
193 1343 267 1404 quae
288 1323 457 1389 voluerint
487 1342 530 1386 ex
553 1324 714 1387 charitate
739 1324 867 1400 largiri,

80 1424 255 1502 prohibere
270 1425 469 1501 praesumat;
495 1424 552 1484 sed
567 1439 607 1484 ea
631 1423 868 1484 monasterium

80 1524 182 1599 ipsum
195 1521 341 1597 gaudeat
354 1521 517 1594 libertate,
530 1537 592 1599 qua
602 1519 723 1598 gaudet
735 1535 870 1581 monas-

81 1621 196 1681 terium
212 1620 420 1691 cassinense,
433 1619 519 1682 sicut
534 1637 553 1680 a
567 1617 869 1696 praedecessoribus

81 1717 198 1779 nostris
212 1716 320 1778 eidem
344 1718 548 1779 monasterio
566 1717 616 1778 est
628 1716 804 1779 indultum.
820 1716 869 1777 Ad

82 1816 148 1876 haec
176 1803 322 1886 mitram,
334 1816 463 1891 uirgam
478 1815 691 1892 pastoralem,
710 1814 869 1876 annulum

82 1912 187 1974 etalia
208 1911 367 1988 insignia,
387 1930 461 1990 quae
485 1929 505 1974 0
529 1912 749 1990 quadraginta
771 1912 868 1973 annis

81 2011 164 2071 retro
190 2010 328 2072 abbates
363 2011 557 2073 monasterii
592 2011 708 2082 vestri,
733 2011 789 2087 qui
809 2027 868 2088 pro

81 2111 222 2184 tempore
238 2108 454 2184 praefuerunt,
472 2125 514 2172 ex
527 2109 741 2172 concessione
753 2111 869 2170 Roma-

82 2221 193 2266 norum
202 2207 395 2282 pontificum
405 2205 561 2268 habuisse
575 2208 767 2279 noscuntur,
776 2205 869 2267 vobis

82 2305 112 2364 ei
123 2305 324 2366 monasterio
338 2306 449 2366 vestro
467 2305 665 2367 auctoritate
679 2304 869 2380 apostolica

83 2403 323 2462 confirmamus
345 2402 492 2464 Obeunte
516 2419 596 2464 vero
617 2404 650 2464 te
665 2418 753 2463 nuno
773 2406 869 2481 ejus·

83 2498 148 2559 dem
157 2499 223 2560 1001
240 2499 358 2562 abbate
372 2500 569 2562 veltuorum
583 2500 729 2578 quolibet
742 2515 870 2562 succes·

85 2611 200 2669 sorum,
215 2597 328 2658 nullus
345 2597 393 2659 ibi
408 2598 555 2676 qualibet
569 2598 793 2676 subreptionis
809 2615 868 2659 as-

84 2695 170 2768 tutia,
197 2711 259 2755 seu
272 2694 431 2758 violentia
444 2698 668 2773 praeponatur,
687 2695 753 2756 nisi
772 2711 869 2773 quem

84 2790 197 2853 tratres
212 2794 379 2855 communi
394 2809 559 2855 consensu
573 2795 627 2856 vel
642 2795 781 2855 fratrum
792 2809 869 2870 pars

691 287 919 350 EPISTOLAE.
943 289 1021 350 LlB.
1048 289 1103 353 lx.

1660 292 1720 352 862

925 543 1031 618 donis,
1049 543 1175 607 domini
1190 561 1286 622 papae
1312 545 1446 619 notarii,
1462 549 1522 610 Vll
1535 547 1603 609 kal.
1616 549 1716 624 junii,

925 643 1106 706 indictione
1143 645 1230 716 Xlll,
1266 645 1511 707 incarnationis
1537 645 1719 710 Dominicae

925 755 1012 802 anno
1039 741 1223 813 MGCXXV,
1252 741 1464 817 pontificatus
1487 758 1568 806 vero
1592 744 1718 806 domini
1824 729 1829 740 ¹

924 839 1065 901 Honorii
1080 855 1173 917 papae
1187 842 1233 901 lIl
1249 853 1336 902 anno
1352 856 1452 902 nono.

1237 1101 1410 1188 CLXVII

923 1250 976 1310 Ad
990 1251 1214 1312 &cumensem
1229 1251 1262 1312 et
1277 1254 1454 1313 Atbcrrsem
1466 1253 1670 1328 praepositos
1684 1257 1718 1315 ct

1154 1350 1308 1410 abbatem
1322 1353 1364 1410 de
1378 1354 1482 1412 Petis.

1212 1479 1247 1538 28
1266 1480 1429 1540 00111115.

1032 1601 1196 1666 [Εο100,(1001.
1217 1602 1281 1667 dipl.
1295 1603 1440 1667 Hungariae,
1455 1605 1497 1663 lll,
1514 1619 1542 1666 u,
1556 1605 1607 1672 38.]

923 1725 972 1782 Eis
981 1741 1098 1784 causam
1109 1727 1182 1786 inter
1194 1726 1296 1786 iratres
1306 1729 1456 1803 hospitalis
1469 1731 1719 1806 Hierosolymitani

958 1829 994 1872 ex
1013 1822 1092 1888 parte
1111 1831 1168 1876 una
1187 1823 1216 1874 ct
1235 1818 1343 1888 Uriam,
1360 1819 1491 1877 abbatem
1507 1822 1536 1878 s.
1554 1821 1668 1879 llartini
1682 1822 1718 1880 de

960 1905 1118 1974 Pannonia,
1134 1906 1318 1965 Gueurlensis
1332 1906 1464 1966 dloecesis
1479 1923 1514 1966 ex
1526 1909 1614 1970 altera
1633 1925 1719 1983 super

959 1991 1128 2065 quibusdam
1143 1994 1262 2054 decimis
1276 1995 1325 2052 diu
1340 1996 1510 2067 pendentem
1527 1997 1718 2058 deliniendam

958 2083 1121 2140 committit.

963 2209 1142 2281 Honorius,
1160 2211 1222 2272 etc.

964 2304 1048 2364 Olim
1073 2305 1186 2367 dilecti
1207 2305 1327 2368 iratres
1350 2307 1533 2384 Hospitalis
1554 2309 1718 2372 Hieroso-

924 2400 1076 2478 lymitani
1098 2403 1138 2464 de
1160 2404 1344 2480 Hungaria,
1361 2421 1423 2466 sua
1445 2406 1540 2468 nobis
1560 2407 1719 2484 petitione

924 2500 1162 2572 monstrarunt,
1186 2501 1274 2578 quod
1289 2519 1388 2579 quum
1405 2519 1540 2564 causam
1560 2504 1648 2567 inter
1666 2507 1720 2584 ip-

924 2612 979 2657 sos
995 2599 1146 2674 exparte
1167 2615 1244 2672 una,
1262 2601 1295 2661 et
1309 2600 1461 2662 abbatem
1481 2604 1512 2662 S.
1528 2604 1664 2684 Martini
1679 2603 1720 2664 de

924 2696 1108 2765 Pannonia,
1126 2697 1342 2759 Gueuriensis
1362 2697 1526 2770 dloecesis,
1543 2715 1586 2760 ex
1600 2701 1717 2774 altera,

925 2807 1026 2868 super
1047 2793 1243 2869 qmbusdam
1267 2795 1416 2867 (10010010,
1442 2811 1554 2857 coram
1578 2797 1719 2859 diversis

85 2890 212 2965 majoris
222 2890 255 2952 et
265 2891 410 2954 sanioris
421 2891 564 2964 consilii,
575 2892 756 2953 secundum
767 2893 870 2952 Deum
920 2889 1135 2966 judicibus,a
1152 2891 1235 2954 Sede
1247 2893 1437 2968 Apostollca
1454 2893 1627 2970 delegatis,
1644 2895 1721 2956 diu·

85 2987 153 3047 etB.
164 2988 342 3065 Augustini
354 2990 515 3066 regulam,
528 2988 733 3066 providerim
743 2988 871 3064 eligen-
923 2987 990 3047 tius
1017 2987 1198 3065 agitatam,
1232 2989 1363 3050 demum
1395 2990 1436 3051 de
1465 2993 1720 3067 procuratorum

86 3083 870 3164 dumllecernimusergoutnulliomninohomi·

86 3199 157 3243 num
172 3184 273 3246 liceat
292 3185 466 3261 praelatum
488 3186 725 3248 monasterium
746 3187 871 3247 temere

86 3282 870 3359 perturbareautejuspossessionesauterre,vel

86 3378 214 3440 abbatas
229 3381 386 3449 retinere,
415 3381 566 3442 minuere
592 3397 650 3442 seu
671 3381 872 3458 quibuslibet

86 3477 311 3538 vexationibus
336 3478 487 3554 fatigare,
514 3479 571 3539 sed
601 3479 713 3540 omnia
741 3480 871 3555 integra

87 3575 327 3646 conserventur,
344 3591 458 3636 eorum
473 3592 533 3652 pro
547 3593 686 3653 quorum
700 3576 870 3652 guberna-

87 3669 169 3733 tione
181 3674 214 3734 et
225 3673 468 3735 sustentatione
481 3689 638 3735 concessa
653 3676 741 3745 sunt,
756 3674 871 3734 usibus

89 3771 279 3832 omnimodis
295 3772 479 3846 protutura,
494 3771 586 3832 salva
601 3773 695 3833 Sedis
709 3771 873 3848 Apostoli·

88 3881 129 3928 cae
138 3869 345 3942 auctoritate,
353 3885 392 3930 ac
403 3869 605 3942 inecclesiis,
615 3885 681 3931 non
696 3869 870 3946 exemptis,

89 3963 343 4028 dioecesanorum
371 3967 602 4044 episcoporum
628 3969 789 4029 canonica
816 3983 873 4028 ra-

91 4061 173 4124 tione
183 4065 328 4143 justitia.
345 4064 380 4124 Si
395 4066 469 4142 quis
479 4064 628 4141 igiturin
648 4064 796 4127 futurum
812 4079 871 4125 ec-

91 4159 877 4240 ctesiaslicasaecularisvepersonabancnostrse

90 4260 327 4322 constitutionis
346 4261 502 4338 paginam
527 4262 648 4330 sciens,
670 4263 784 4323 contra
798 4276 871 4322 eam

89 4343 215 4418 temere
227 4358 343 4419 venire
367 4357 555 4428 tentaverit,
573 4359 716 4419 secundo
732 4357 872 4419 tertiove

91 4454 292 4527 commonita,
304 4456 372 4516 nisi
391 4457 519 4517 reatum
535 4472 632 4516 00000
654 4472 802 4532 congrua
815 4471 872 4516 sa·

90 4549 270 4614 tisiactione
283 4555 478 4626 correxerit,
496 4553 667 4630 potestatis
680 4553 873 4629 dignitatis·

92 4663 147 4724 que
161 4667 231 4713 suae
244 4653 356 4712 careat
377 4651 515 4724 honore,
540 4667 698 4728 reamque
711 4667 746 4712 00
760 4650 873 4712 divino

89 4746 206 4820 judicio
241 4750 385 4811 existere
412 4750 451 4810 de
480 4751 671 4826 perpetrata
697 4749 874 4826 iniquitate

92 4845 271 4918 cognoscat,
302 4845 334 4907 et
360 4862 380 4906 a
409 4847 637 4908 sacratissimo
674 4861 813 4923 corpore
842 4848 874 4907 et

93 4943 246 5016 sanguine
256 4943 314 5004 Del
328 4945 361 5004 et
374 4945 505 5004 Domini
519 4943 748 5021 Redemptoris
769 4943 874 5004 nostri

92 5037 163 5098 lesu
177 5041 299 5102 Christi
319 5042 427 5102 011000
449 5041 517 5113 1101,
548 5043 646 5120 atque
665 5042 699 5100 in
726 5043 873 5102 extremo

93 5138 403 5201 examinedistrictae
410 5139 529 5200 ultioni
543 5139 723 5215 subjaceat.
740 5138 873 5199 Cunctis

93 5235 194 5295 autem
209 5235 315 5297 eidem
329 5237 402 5298 loco
426 5253 485 5297 sua
497 5239 575 5314 jura
596 5236 815 5308 servantibus,
832 5235 875 5296 sit

95 5334 293 5404 paullomini
318 5334 424 5396 nostri
442 5337 523 5397 lesu
545 5333 681 5406 Christi,
712 5337 874 5410 quatenus

95 5427 187 5490 ethic
200 5429 343 5493 fructum
358 5431 451 5492 bonae
468 5433 609 5494 actionis
622 5432 819 5510 percipiant,
843 5433 876 5494 et

96 5526 173 5599 apud
204 5527 388 5594 districtum
408 5529 556 5607 judicem
586 5530 722 5607 praemia
741 5531 875 5592 aeterna

97 5624 178 5694 pacis
192 5625 374 5688 inveniant.
391 5629 505 5688 Amen.

925 3085 1226 3163 utriusquepartis
1251 3102 1391 3148 assensu
1413 3087 1599 3156 venerabili
1624 3089 1721 3151 tratri

925 3184 1038 3244 nostro
1051 3183 1302 3261 archiepiscopo
1318 3185 1490 3246 colocensi
1512 3188 1544 3249 et
1568 3186 1722 3264 conjudi-

925 3281 1018 3342 cibus
1034 3281 1104 3343 suis
1117 3283 1342 3344 commisimus
1358 3282 1446 3345 inira
1464 3286 1590 3346 certum
1602 3286 1721 3347 termi-

926 3395 1004 3440 num
1018 3379 1244 3452 decidendam,
1260 3383 1293 3442 et
1304 3381 1387 3457 ipsis
1401 3383 1543 3459 receptis
1559 3399 1598 3444 00
1613 3383 1723 3462 puhli-

926 3476 1009 3538 catis
1024 3479 1168 3554 partium
1182 3478 1321 3540 testibus
1335 3481 1463 3541 tanturn
1479 3481 1724 3556 processissent

925 3575 961 3635 10
987 3589 1027 3636 00
1051 3576 1136 3653 quod
1159 3592 1225 3637 non
1249 3576 1408 3645 restabat,
1434 3577 1500 3640 nisi
1523 3579 1721 3640 sententiam

926 3671 1157 3748 promulgare;
1184 3673 1262 3750 quia
1283 3689 1343 3750 per
1365 3674 1601 3750 negligentiam
1615 3677 1721 3752 partis

926 3767 1065 3828 alterius
1080 3771 1186 3845 ipsam
1201 3768 1393 3842 terminare,
1416 3769 1503 3832 intra
1525 3787 1721 3848 expressum

927 3865 961 3924 in
985 3865 1105 3927 litteris
1129 3866 1254 3928 nostris
1283 3867 1464 3928 terminum
1488 3869 1719 3945 nequiverunt,

927 3964 1075 4024 eamdem
1087 3964 1127 4024 ad
1146 3979 1205 4024 000
1221 3965 1423 4026 remiserunt
1436 3965 1642 4028 sultloienter
1656 3967 1723 4029 ins·

928 4063 1079 4132 tructam,
1097 4062 1236 4138 praedxo
1256 4063 1404 4138 partibus
1428 4063 1571 4126 termino
1587 4081 1723 4142 compe-

927 4159 1098 4236 tentique
1114 4175 1149 4220 se
1167 4161 1302 4237 propter
1324 4161 1386 4222 hoc
1403 4164 1515 4224 nostro
1531 4164 1723 4241 conspectui

927 4258 1187 4334 praesentarent3
1205 4257 1245 4318 ad
1262 4275 1359 4334 quem
1375 4259 1482 4320 dictus
1504 4260 1607 4323 abbas
1622 4276 1723 4337 quum

927 4371 987 4416 000
1003 4355 1118 4416 venire
1132 4356 1293 4427 curasset,
1311 4372 1371 4417 nec
1394 4357 1524 4420 mittere
1539 4373 1721 4435 responsa-

927 4452 992 4514 lem
1008 4455 1257 4528 procuratorem
1271 4453 1431 4529 ipsorum,
1445 4455 1501 4530 qui
1512 4455 1647 4532 propter
1659 4456 1722 4518 1000

927 4550 1013 4626 apud
1036 4550 1260 4626 apostolicam
1277 4551 1394 4612 Sedem
1417 4553 1567 4614 traxerat
1588 4553 1722 4630 longam

928 4663 1066 4720 moram,
1083 4650 1231 4724 petentes
1247 4649 1282 4709 ut
1297 4647 1362 4708 sihi
1378 4647 1509 4710 retundi
1536 4650 1722 4714 laceremus

928 4761 1103 4822 expensas,
1120 4761 1203 4822 quas
1227 4744 1362 4806 inutiles
1385 4746 1575 4810 reddiderat
1593 4749 1723 4813 abbatis

928 4842 1130 4918 negligentia
1165 4841 1359 4918 supradicti.
1391 4845 1461 4904 Nos
1497 4845 1572 4906 acta
1602 4846 1723 4923 jndicli

928 4940 1077 5017 ejusdem
1095 4938 1262 5016 judicibus
1277 4941 1339 5000 sub
1353 4940 1443 5004 bulla
1465 4946 1579 5005 nostra
1601 4945 1721 5007 remit-

928 5039 1034 5101 tentes
1062 5039 1209 5110 inclusa,
1240 5039 1289 5100 eis
1316 5055 1375 5116 per
1409 5041 1540 5104 nostras
1573 5041 1723 5104 dedimus

929 5137 1057 5198 litteras
1077 5137 1112 5196 10
1134 5136 1310 5210 mandatis,
1328 5139 1364 5200 ut
1384 5139 1509 5198 eisdem
1532 5139 1615 5200 actis
1640 5139 1722 5200 dili-

929 5237 1046 5312 genter
1075 5232 1245 5310 inspectiS,
1275 5235 1343 5295 tam
1371 5235 1589 5311 principalem
1624 5253 1723 5314 quam

930 5345 1151 5408 expensarum
1173 5346 1307 5392 causam
1326 5330 1415 5392 intra
1431 5348 1492 5392 sex
1505 5348 1634 5394 menses
1650 5337 1725 5411 post

930 5429 1044 5506 primae
1069 5427 1237 5490 citationis
1262 5429 1406 5490 edictum
1430 5429 1494 5490 tlne
1516 5429 1625 5492 debito
1650 5432 1722 5494 ter·

930 5525 1105 5588 minarent.
1124 5526 1285 5588 Caeterum
1309 5525 1466 5588 tratribus
1481 5527 1574 5604 ipsis,
1589 5532 1724 5605 propter

930 5622 1462 5700 0001010100101000011000010110
1477 5625 1721 5701 impedimenta,

1760 145 1766 179 1
