4104 6330
910 355 1087 418 HONORII
1110 343 1324 416 inoperta.

601 525 775 618 CCXVII

264 701 268 708 ·
289 684 342 744 ad
355 684 560 756 episcopum,
574 683 742 742 decanum
755 678 790 740 ct
803 679 1084 742 archidiaconum

556 778 811 840 atrebatenses.

579 905 612 965 II
624 907 697 980 junii
713 907 792 964 Im.

319 995 440 1102 [negent.
451 1033 497 1086 lib.
508 1033 551 1096 vl,
563 1031 638 1098 epist.
650 1031 704 1082 toi.
716 1031 774 1081 llss.
786 1031 821 1082 Le
830 1032 904 1081 Poris
914 1031 948 1081 du
957 1029 1050 1092 Theti]

288 1153 406 1213 Mandat
415 1158 446 1210 ut
456 1163 556 1208 omnes
568 1162 723 1206 conversas
734 1155 792 1206 tarn
808 1147 973 1204 monasterii
987 1147 1083 1206 Sancti

322 1241 432 1301 Nicolsi
444 1237 479 1296 de
494 1237 647 1296 Arrovesio
662 1251 748 1310 quam
763 1235 912 1294 domorum
926 1235 954 1292 ei
969 1235 1080 1308 subjec-

323 1337 416 1388 terum
428 1329 458 1384 in
473 1342 530 1386 une
545 1326 645 1385 cellula
661 1323 833 1382 commorari
848 1323 962 1382 luciani.

327 1457 506 1531 Honorius,
519 1454 594 1528 etc,
606 1453 791 1516 venerabili
805 1451 901 1513 fratri
914 1450 1080 1529 episcopo,

287 1556 322 1621 et
333 1555 463 1618 dilectis
474 1554 552 1614 filiis
563 1553 689 1614 decano
700 1550 732 1614 et
742 1549 979 1612 archidiacono
989 1549 1083 1612 atre-

287 1652 399 1716 baton.

329 1752 396 1812 Sua
419 1748 551 1810 nobis...
578 1746 681 1810 abbas
708 1746 741 1808 et
764 1747 946 1808 conventus
969 1743 1082 1808 Sancti

288 1847 421 1911 Nicolai
431 1847 472 1908 de
483 1846 674 1918 Arrovasio,
688 1845 815 1906 ordinis
829 1844 943 1906 Sancti
954 1846 1082 1920 Augus·

287 1946 361 2017 tini,
374 1943 620 2021 significatione
630 1942 869 2013 monstrarunt,
882 1941 968 2018 quod
981 1957 1082 2019 quum

286 2043 456 2113 mulieres,
471 2057 545 2118 quac
560 2040 702 2118 receptae
720 2040 851 2102 suntin
872 2055 987 2100 eorum
1006 2053 1082 2100 mo-

286 2141 436 2204 nasterio
454 2140 490 2201 et
509 2137 667 2216 subjectis
689 2137 753 2199 sibi
771 2136 922 2198 domibus
940 2135 977 2197 in
996 2153 1080 2198 con·

285 2253 403 2302 versas
418 2252 484 2299 non
497 2236 597 2298 slmul
611 2236 647 2296 in
662 2250 741 2308 una,
756 2233 814 2296 sed
829 2234 961 2296 diverse
976 2234 1011 2294 in
1023 2234 1080 2296 di-

285 2335 394 2400 versis
404 2335 509 2412 ipsius
520 2331 648 2396 ordinis
659 2331 811 2394 domibus
822 2334 1079 2404 commorentur,

287 2432 479 2510 trequenter
498 2431 540 2492 de
567 2431 652 2508 ipsis
677 2430 823 2507 suspicio
850 2429 938 2490 mala
962 2429 1080 2492 oritur.

287 2530 382 2594 Unde
395 2529 464 2591 tam
478 2529 528 2590 eis
542 2543 641 2606 quam
656 2528 757 2590 totius
772 2527 937 2590 honestati
953 2528 1080 2588 ordinis

286 2627 475 2705 derogatur.
493 2629 599 2699 Quum
614 2627 736 2726 auom,
757 2628 795 2688 ut
812 2624 962 2702 praedicti
978 2624 1080 2687 abbas

286 2727 320 2788 et
333 2726 515 2788 censemus
529 2727 694 2796 asserunt,
707 2723 757 2784 eis
773 2738 874 2800 super
887 2723 950 2783 hoc
965 2723 1080 2784 utillus

285 2821 456 2906 provideri
479 2837 548 2884 non
575 2821 687 2883 valeat
711 2836 810 2898 quam
843 2820 930 2899 quod
956 2821 1080 2882 eaedem

285 2919 444 2982 mulieres
459 2933 479 2980 a
498 2919 701 2982 monasterio
714 2919 747 2981 et
765 2918 916 2980 domibus
931 2918 1080 2996 praelatis

285 3017 413 3080 eductae
442 3016 541 3078 simul
564 3017 600 3078 in
624 3017 736 3094 aliqua
755 3016 862 3094 ipsius
886 3017 1080 3078 monasterii

284 3115 370 3178 cella
407 3115 583 3190 ponantur,
627 3113 820 3175 discretioni
854 3116 975 3176 vestrae
1020 3131 1080 3192 per

284 3211 476 3290 apostolica
513 3211 637 3286 scripta
674 3209 880 3284 mandamus,
915 3212 1079 3288 quatenus

283 3323 400 3372 omnes
429 3323 606 3369 conversas
632 3310 700 3368 tam
731 3307 836 3383 ipsius
871 3310 1076 3382 monasterii,

284 3421 384 3484 quam
416 3403 588 3466 domorum
620 3403 853 3479 praedictarum
882 3405 917 3466 in
945 3421 1012 3468 una
1038 3407 1078 3468 de

283 3502 459 3566 memorati
473 3501 667 3564 monasterii
683 3501 813 3563 cellulis
832 3502 873 3566 ad
893 3502 957 3564 boc
971 3504 1078 3580 magis

282 3601 404 3663 idonea
423 3600 674 3676 congregantes,
696 3599 786 3675 ipsas
806 3598 937 3662 faciatis
956 3601 1077 3664 ibidem

283 3698 345 3762 sub
355 3697 504 3775 regulari
517 3696 740 3770 observantia,
752 3697 851 3774 prout
863 3697 1077 3776 utrorumque

261 3791 380 3859 'iamae
408 3811 449 3858 ac
477 3794 577 3858 saluti
603 3793 761 3871 expedire
786 3795 949 3868 videritis,
986 3812 1078 3858 com-

281 3893 419 3965 morari,
445 3891 705 3956 contradictores
727 3909 787 3969 per
812 3908 990 3956 censuram
1015 3910 1075 3957 ec-

281 3991 516 4062 olesIasticam,
544 3989 674 4052 sublato
700 3989 934 4066 appellationis
963 3991 1078 4054 obsta-

281 4091 369 4161 culo,
382 4089 632 4165 compescendo.
645 4089 736 4160 Quod
747 4089 775 4150 si
786 4105 853 4151 non
869 4104 995 4164 omnes,
1011 4091 1074 4154 etc.

280 4187 400 4249 Datum
417 4185 535 4258 alatri,
549 4186 641 4247 XVII
657 4185 817 4248 kalendas
828 4187 917 4264 julii,
935 4188 1074 4266 pontifl-

281 4285 376 4348 catus
389 4283 496 4346 nostri
513 4297 602 4346 anno
619 4283 725 4345 sexto.

582 4545 776 4634 CCXVIII

278 4701 331 4762 Ad
349 4699 532 4760 ttntocrsos
551 4674 680 4760 obruti
699 4699 815 4769 tidelm
832 4697 870 4760 tre
886 4702 1068 4776 Habonio.

571 4827 605 4886 lb
614 4827 688 4901 junii
704 4829 782 4887 iaia.

1880 355 1939 418 192

1138 513 1246 576 eidem
1271 529 1333 578 nos
1361 511 1487 590 obligat
1515 513 1649 578 vinculo
1676 515 1829 593 speciali.
1855 517 1938 578 Cum

1138 610 1227 672 enim
1242 612 1286 672 sit
1306 612 1462 674 Ecclesia
1485 613 1646 674 Romanas
1664 613 1845 687 vassallus,
1871 629 1939 675 non

1140 707 1247 768 solum
1272 711 1388 770 contra
1412 709 1567 770 inimicos
1591 711 1736 771 nominis
1759 711 1939 772 christiani

1140 804 1205 865 sibi
1225 795 1387 866 auxilium
1412 808 1566 869 tenemur
1589 807 1794 883 impendere,
1819 825 1940 870 verum

1137 903 1238 962 etiarn
1267 905 1382 964 contra
1412 904 1631 974 Christianos,
1653 906 1694 976 si,
1722 905 1809 982 quod
1837 906 1938 978 absit,

1138 1001 1271 1074 urgeret
1290 1001 1483 1072 necessitas,
1501 1002 1695 1063 teneremur
1707 1003 1817 1062 eidem
1839 1003 1938 1064 lavo-

1136 1111 1207 1157 rem
1234 1098 1269 1158 et
1297 1096 1481 1159 subsidium
1511 1097 1683 1160 exhibere.
1713 1100 1797 1170 Quia
1832 1099 1940 1175 igitur

1137 1192 1257 1264 Mauri,
1287 1193 1407 1270 quibus
1433 1195 1522 1256 terra
1548 1196 1655 1272 ipsius
1684 1197 1837 1258 noscitur
1861 1213 1938 1260 esse

1137 1291 1304 1366 contigua,
1328 1307 1426 1369 quam
1445 1293 1527 1355 adeo
1547 1293 1674 1354 crebris
1696 1293 1867 1356 lacessere
1886 1295 1940 1355 di-

1137 1390 1257 1450 cuntur
1277 1389 1422 1466 injuriis,
1440 1393 1475 1452 ut
1495 1389 1652 1454 credatur
1665 1391 1724 1452 six
1737 1407 1839 1469 posse
1855 1408 1940 1454 con-

1135 1485 1277 1561 tingere,
1298 1487 1377 1563 quin
1392 1487 1525 1549 tandem
1540 1489 1702 1551 intereos
1721 1505 1845 1564 guerra
1865 1506 1939 1552 ma-

1136 1582 1289 1646 nitestior
1299 1584 1438 1658 oriatur,
1448 1600 1507 1648 vos
1517 1585 1611 1648 tanto
1622 1586 1806 1648 studiosius
1817 1591 1938 1650 contra

1137 1679 1215 1744 illos
1237 1682 1386 1744 volentes
1411 1684 1569 1746 assistere
1591 1683 1679 1748 dicto
1703 1685 1787 1762 regi,
1811 1688 1938 1764 quanto

1136 1778 1261 1840 certius
1280 1779 1331 1842 est
1345 1794 1403 1842 eos
1417 1795 1486 1842 non
1506 1781 1613 1843 solum
1630 1781 1737 1860 ipsius
1753 1783 1855 1860 regis,
1879 1785 1937 1846 sed

1135 1875 1237 1937 etiarn
1255 1875 1514 1939 christianorum
1529 1878 1677 1940 omnium
1697 1880 1844 1942 existere
1865 1881 1936 1942 ini-

1136 1974 1250 2046 micos,
1269 1974 1522 2038 universitatem
1544 1977 1689 2038 vestram
1711 1992 1883 2052 rogamus,
1903 1981 1939 2040 et

1135 2070 1349 2134 obsecramus
1369 2071 1404 2133 in
1416 2073 1556 2134 Domino
1568 2076 1650 2136 Jesu
1667 2075 1811 2148 Christo,
1835 2091 1878 2137 ac
1897 2077 1936 2137 in

1135 2168 1367 2232 remissionem
1378 2169 1472 2232 vobis
1484 2171 1690 2248 injungimus
1705 2174 1933 2249 peccatorum,

1136 2266 1298 2342 quatenus
1314 2267 1345 2328 ei
1366 2267 1450 2330 torte
1472 2265 1537 2344 ipsi
1561 2269 1671 2330 Mauri
1685 2285 1844 2345 guerram
1862 2273 1936 2348 regi

1135 2361 1276 2426 iecerint
1296 2379 1384 2440 saepe
1405 2363 1505 2437 dicto,
1529 2365 1637 2428 eidem
1658 2380 1718 2444 pro
1742 2369 1935 2430 reverentia

1134 2462 1213 2522 Jesu
1229 2459 1362 2532 Christi,
1379 2462 1412 2524 et
1432 2461 1559 2524 bonore
1579 2463 1725 2524 nominis
1741 2464 1932 2538 christiani,

1135 2573 1352 2634 personarum
1374 2560 1407 2622 et
1424 2575 1537 2620 rerum
1558 2561 1722 2622 auxilium
1737 2561 1886 2625 viriliter
1900 2563 1936 2628 et

1135 2653 1315 2718 efficaciter
1334 2655 1545 2733 impendatis
1570 2658 1606 2720 ut
1623 2659 1772 2736 ipsorum
1793 2661 1936 2722 Mauro-

1134 2769 1208 2814 rum
1234 2752 1360 2825 feritas,
1389 2756 1525 2818 auctore
1548 2756 1700 2829 Domino,
1726 2773 1787 2835 per
1810 2761 1934 2822 vestra

1133 2851 1266 2913 virtutis
1281 2850 1446 2913 auxillum
1460 2853 1711 2930 comprimatur,
1728 2855 1791 2917 etc.

1169 2944 1415 3019 indulgentiarum
1431 2947 1547 3020 praemis
1562 2949 1607 3020 iis,
1627 2949 1676 3023 qui
1691 2949 1745 3022 ipsi
1760 2950 1790 3008 in
1805 2965 1841 3008 eo
1855 2949 1933 3009 bello

1134 3035 1238 3093 auxilia
1254 3035 1378 3104 tulerint,
1395 3035 1552 3108 polloetur.

1174 3125 1292 3186 Datum
1313 3124 1430 3198 alatri,
1448 3127 1539 3188 XVII
1554 3127 1716 3190 kalendas
1727 3129 1818 3206 julil,
1840 3145 1932 3208 pon-

1133 3221 1278 3286 tificatus
1294 3224 1398 3286 nostri
1415 3236 1502 3285 anno
1517 3224 1623 3286 sexto.

1453 3533 1607 3624 CCXIX

1183 3686 1235 3745 Ad
1249 3687 1427 3760 alfonsum
1438 3701 1558 3763 repom
1571 3689 1872 3765 Portupmensem.

1424 3817 1457 3876 16
1466 3817 1539 3890 jnnli
1553 3818 1632 3877 iiii.

1246 3940 1391 4008 [lleyneldi
1405 3939 1482 4002 Anu,
1496 3941 1530 3993 ed
1541 3955 1583 3994 an.
1596 3943 1666 4003 lm,
1679 3944 1693 4009 1
1708 3943 1807 4012 50-53]

1131 4058 1218 4131 Regis
1236 4057 1474 4117 excommunicati
1489 4057 1548 4116 iras
1562 4059 1691 4118 emollire
1705 4068 1792 4135 atque
1807 4061 1843 4122 ad
1858 4064 1932 4122 ral'r·

1166 4147 1282 4219 gionem
1298 4144 1385 4204 olilcii
1404 4147 1563 4224 principem
1582 4147 1768 4208 ferocientem
1789 4165 1931 4212 revocare

1164 4241 1284 4292 conatus
1305 4242 1350 4292 est
1372 4235 1525 4294 Honorius.
1550 4237 1630 4295 Licet
1651 4237 1761 4296 iteratis
1780 4239 1883 4298 litteris
1899 4250 1930 4302 et

1164 4337 1215 4396 per
1236 4323 1331 4396 plures
1352 4323 1503 4397 eplscopos
1524 4329 1667 4384 curaverit
1690 4327 1769 4386 illurn
1793 4343 1928 4388 commo·

1163 4413 1226 4468 neri
1242 4418 1274 4469 ut
1294 4420 1490 4484 competenter
1506 4413 1686 4474 satisfaceret
1708 4415 1930 4493 archiepiscopo

1162 4498 1350 4558 bracharensi
1363 4499 1398 4557 de
1407 4501 1493 4559 illatis
1505 4502 1628 4574 demnis,
1644 4511 1673 4562 et
1682 4503 1718 4562 de
1729 4506 1865 4578 irrogetis
1878 4508 1927 4566 in-

1104 4633 1107 4638 ,
1158 4586 1251 4660 juniis,
1266 4603 1317 4646 rex
1331 4589 1446 4648 monitis
1458 4593 1641 4663 acquiescere
1653 4594 1841 4667 contempsit3
1856 4595 1929 4654 inde

1161 4679 1311 4736 sentmtioe
1322 4681 1629 4738 excommunicationis
1642 4679 1670 4738 in
1681 4682 1776 4754 ipsum
1790 4693 1819 4741 et
1833 4684 1924 4742 inter·

1161 4765 1228 4824 dicti
1242 4767 1272 4824 in
1286 4774 1391 4824 terrem
1406 4783 1487 4826 suem
1501 4770 1702 4842 promulgate.

1164 4891 1837 4971 HonorIusepiscopus,servusservorum
1846 4897 1922 4970 Dei,

427 4951 833 5018 ffl²l⁰²¹⁶l¹¹⁰¹¹·³‘¹²¹¹·¹²²²·
847 4954 922 5020 ³⁵³4
1123 4987 1332 5066 illustrarat
1350 4991 1594 5067 portugalensi,
1617 4993 1772 5069 spiritum
1787 4995 1925 5056 consite

276 5071 370 5144 Roget
390 5076 420 5127 et
439 5067 579 5136 obsecrat,
602 5073 633 5125 ut
651 5067 676 5124 si
695 5068 785 5126 llami
807 5083 942 5141 guerram
963 5073 1070 5138 Jacobo
1124 5086 1279 5148 sanioris,

310 5157 374 5231 regi
383 5157 552 5230 drogonum
564 5153 692 5227 iecerint,
704 5157 758 5230 ipsi
772 5156 847 5216 dicto
859 5160 922 5233 regi
933 5163 1069 5220 auxilium
1163 5183 1233 5246 Etsi
1258 5184 1442 5246 venerabili
1467 5185 1564 5250 fratri
1592 5188 1744 5251 nom-om
1771 5189 1925 5252 gracha.

311 5244 487 5318 impendant.
1122 5281 1213 5343 rensi
1228 5281 1478 5361 archiepiscopo
1501 5285 1767 5363 persecutionem
1784 5287 1924 5364 propter

316 5373 484 5449 Susceptae
516 5371 686 5434 servitude
709 5371 867 5446 osticium,
895 5376 980 5453 quod
1006 5391 1068 5440 nos
1118 5380 1283 5456 justitiam
1297 5380 1449 5456 patienti,
1465 5381 1624 5460 tanquam
1638 5383 1745 5445 nobili
1758 5385 1922 5448 Ecclesiae

276 5469 450 5532 carissimo
465 5470 501 5531 in
523 5469 653 5532 Christo
669 5469 739 5531 lilio
759 5471 873 5534 nostro
887 5473 1012 5538 Jacobo
1024 5475 1069 5536 il·
1122 5477 1350 5550 Deimembro‚
1362 5479 1533 5542 exintimo
1544 5480 1664 5543 mentis
1676 5482 1924 5559 compatiamur

274 5567 373 5628 lustri
391 5567 461 5643 regi
480 5570 681 5642 aragonum,
703 5568 790 5630 sicut
811 5570 845 5631 et
866 5569 943 5632 aliis
958 5571 1068 5632 chris-
1122 5575 1367 5648 incanesco
1386 5579 1497 5640 amen
1512 5580 1745 5656 exspectantes
1762 5579 1922 5642 consola-

273 5663 375 5726 tianIs
419 5663 625 5742 principibus
670 5666 841 5730 constituit
887 5667 1064 5742 debltores,
1121 5672 1221 5735 tionis
1234 5674 1390 5736 solatium
1403 5677 1645 5750 incunctanter,
1661 5677 1719 5755 qni
1734 5677 1920 5740 clamantes
