4080 6328
327 375 386 434 847

263 607 266 614 ¹
328 549 435 606 cassu,
451 535 483 596 et
499 535 733 612 jnrisdictione
757 539 923 601 constaret
947 554 1006 615 per
1031 539 1121 616 ipso-

329 647 401 692 rum
412 633 550 705 litteras
561 635 840 696 etccnlessionem
854 635 1120 713 preshpterorum

329 730 444 790 contra
473 747 554 806 quos
583 731 748 792 abbatissa
773 750 872 809 super
898 734 1120 809 appellatione

327 842 388 886 sua
409 843 519 887 coram
543 829 711 904 judicibus
738 830 885 905 praelatis
909 831 1038 906 agebat,
1056 832 1120 906 ipsi

324 925 455 998 judices
471 927 610 1000 cognitis
627 943 736 987 causae
758 927 896 998 meritis,
915 929 944 989 et
972 929 1120 1003 eJusdem

329 1021 571 1099 archiepiscopi
584 1039 684 1099 quum
695 1041 756 1085 sua
767 1041 832 1086 non
844 1026 1020 1086 interesset
1034 1027 1121 1086 exci-

329 1135 418 1193 pere,
434 1121 628 1196 exceptione
641 1123 785 1196 repulsa,
801 1123 981 1183 sententias
998 1126 1069 1199 ejus
1086 1125 1119 1184 in

328 1215 541 1288 abbatissam,
562 1219 652 1279 etin
673 1220 832 1280 molentes
860 1220 896 1279 in
923 1219 1120 1281 molendinis

329 1314 400 1373 suis
415 1316 571 1390 tanquam
586 1332 681 1376 anon
695 1332 755 1376 suc
763 1318 878 1392 Judice
889 1317 1117 1392 promulgatio,

326 1410 440 1472 irritas
453 1413 658 1480 nuntiarunt,
675 1429 813 1490 quorum
827 1415 1018 1475 contirmari
1037 1432 1120 1492 pro-

329 1523 458 1568 cessum
471 1509 555 1570 idem
568 1512 662 1586 petiit
671 1509 875 1587 procurater,
894 1511 1120 1573 nonobstante

329 1606 550 1682 appellatione
571 1609 826 1685 archiepiscopi,
844 1625 942 1686 quam
955 1609 1066 1670 multis
1081 1611 1120 1670 de

330 1705 439 1764 causis
464 1703 673 1781 illegitimam
698 1707 879 1778 asserebat,
900 1711 932 1768 ct
954 1709 981 1766 si
1007 1707 1121 1767 eadem

329 1799 507 1877 appellatio
537 1803 683 1879 aliquam
714 1804 798 1866 sorte
826 1803 888 1865 luit
909 1805 1038 1865 dicebat
1064 1803 1119 1882 (1)

329 1901 456 1974 partem
472 1899 647 1960 abbatissae
662 1917 762 1977 super
772 1917 940 1978 processu,
952 1902 1003 1962 vel
1016 1903 1122 1976 juris-

329 1995 474 2056 dictione
498 1997 756 2056 cathalaunensi
779 1998 928 2072 judicum
949 1997 1121 2073 probatio·

329 2109 404 2152 nem
421 2094 644 2154 necessariam
668 2093 853 2154 obmisisse.
883 2095 975 2155 Unde
993 2111 1066 2156 cum
1080 2111 1122 2156 ex

330 2190 392 2248 hoc
408 2189 508 2252 suerit
523 2193 760 2252 monasterium
777 2208 872 2252 suum
885 2193 999 2252 laesum
1015 2194 1055 2252 ad
1071 2195 1123 2253 ta-

330 2287 394 2347 lem
411 2287 638 2363 probationem
654 2304 713 2365 per
726 2289 923 2350 beneficium
940 2291 1123 2352 restitutio-

329 2385 382 2445 nis
404 2386 438 2444 in
460 2386 623 2460 integrum
646 2387 687 2446 ad
714 2387 798 2462 quod
819 2403 862 2446 ex
885 2387 994 2448 officio
1012 2392 1122 2449 vestro

329 2482 461 2543 volebat
476 2483 599 2544 habere
618 2499 789 2544 recursum
809 2500 844 2544 se
860 2485 1047 2560 postulabat
1064 2485 1124 2546 ad-

330 2581 426 2651 mitti,
453 2584 486 2641 et
509 2581 796 2658 archiepiscopum
825 2582 866 2642 ad
891 2598 1065 2658 expensas,
1092 2586 1124 2644 et

330 2677 1123 2755 damnaquaeoccasioneappellationisinipsius

328 2775 566 2836 monasterium
596 2776 705 2852 ipsum
737 2776 925 2837 incurrerat
968 2778 1125 2838 condem-

328 2873 414 2947 nari.
432 2874 513 2944 Quia
529 2889 608 2934 vero
624 2873 719 2934 nobis
736 2889 802 2934 non
816 2875 965 2935 constitit
978 2875 1017 2934 de
1033 2891 1123 2950 prae-

328 2971 449 3042 missis
483 2971 676 3032 discretioni
712 2973 833 3032 vestrae
873 2971 913 3031 de
952 2973 1124 3051 utriusque

328 3069 433 3144 partis
448 3069 698 3144 procuratorum
709 3084 850 3130 assensu
864 3085 923 3144 per
934 3070 1124 3144 apostolica

331 3166 453 3241 scripta
470 3167 675 3238 mandamus,
693 3171 867 3241 quatenus,
882 3167 1029 3242 partibus
1045 3183 1126 3227 con-

332 3264 469 3334 vocatis
487 3263 631 3323 audiatis
649 3279 748 3338 super
770 3263 834 3334 his,
857 3279 929 3339 quae
945 3263 1021 3324 hinc
1048 3265 1125 3325 inde

333 3359 458 3420 fuerint
472 3360 639 3438 proposita
655 3375 766 3421 coram
780 3359 875 3420 nobis
888 3363 920 3421 et
933 3361 1018 3438 quod
1030 3377 1127 3423 cano·

333 3458 445 3518 uicum
468 3457 577 3528 luerit,
596 3457 819 3534 appellatione
843 3458 1035 3534 postposita,
1058 3463 1127 3520 sta-

333 3555 445 3626 tuatis,
460 3555 699 3626 iacientesetc.
711 3557 905 3626 Testesetc.
919 3557 1009 3626 Quod
1022 3557 1049 3616 si
1060 3574 1126 3617 non

332 3669 458 3724 omnes
469 3655 531 3714 etc.
543 3656 659 3713 Datum
672 3652 803 3723 libare,
814 3653 909 3714 nonis
920 3654 1009 3727 maii,
1023 3655 1128 3731 ponti·

335 3751 451 3813 duatus
468 3751 572 3814 nostri
588 3749 675 3814 auno
691 3767 789 3813 nono.

682 3923 783 4009 citt

519 4068 570 4126 Ad
592 4065 799 4125 coaeternae
812 4067 937 4126 Becco.

631 4187 648 4242 9
667 4187 734 4242 maii
753 4187 830 4245 1225.

444 4303 535 4368 [16161ν
557 4301 618 4353 Coti.
641 4300 748 4366 diplom.
766 4301 846 4364 Hung.
860 4301 902 4360 lll,
922 4315 951 4350 u.
968 4301 1021 4364 ao]

335 4424 455 4480 Causam
467 4419 540 4476 inter
551 4417 765 4491 hospitalarios,
777 4424 806 4473 et
816 4416 945 4473 abbatem
958 4418 985 4474 S.
996 4417 1127 4488 Spiritus,

371 4509 538 4583 perobitum
552 4510 586 4566 Α.
603 4507 729 4580 episcopi
746 4506 949 4578 strigoniensis
959 4505 1127 4574 indecisam,

370 4615 420 4672 per
433 4601 503 4656 alios
516 4597 626 4671 judices
638 4595 732 4654 decidi
740 4595 829 4668 iubet.

375 4713 1125 4792 Honoriusepiscopus‚servasservorumbei,

335 4815 446 4880 abbati
462 4814 501 4875 de
518 4817 636 4884 Bucen,
714 4812 891 4889 praeposito
909 4811 976 4872 et...
999 4811 1126 4872 cantori

334 4913 480 4984 Albensi,
497 4909 752 4988 vesprimiensis
764 4910 927 4972 dioecests.

376 5016 412 5073 ln
428 5010 548 5073 litteris
564 5008 670 5069 felicis
686 5007 853 5068 memoriae
871 5009 894 5067 1.
913 5009 1022 5082 Papae,
1040 5023 1128 5082 prae-

334 5110 518 5174 decessoris
550 5107 653 5168 nostri
688 5105 916 5182 perspeximus
948 5104 1124 5174 contineri,

334 5211 505 5288 quodcum
522 5209 591 5284 ipse
608 5206 640 5265 in
655 5219 766 5274 causa,
791 5221 863 5279 qum
886 5202 974 5263 inter
988 5201 1126 5263 dilectos

335 5310 432 5375 lilios,
450 5309 570 5366 iratres
586 5302 767 5379 Hospitalis
781 5300 1073 5376 Hierosolymitani
1086 5315 1128 5360 ex

334 5407 428 5482 parte
443 5421 520 5476 una,
542 5405 574 5464 et
588 5401 739 5462 abbatem
755 5400 788 5460 et
804 5397 983 5458 monachos
1000 5399 1032 5458 S.
1051 5397 1127 5474 Spi-

332 5505 418 5564 ritus
445 5501 597 5563 dioecesis
622 5495 986 5574 Quinqueecclesiensis
1012 5511 1055 5556 ex
1076 5495 1127 5555 al-

332 5605 416 5670 tera,
447 5615 547 5674 snpra
573 5597 714 5659 ecclesia
751 5599 783 5656 S.
814 5595 956 5672 Spiritus
992 5595 1025 5654 et
1053 5596 1125 5670 ejus

944 379 1120 442 HONORII
1142 383 1186 442 111
1208 382 1357 444 OPERA.

1905 379 1958 438 sa
2012 451 2013 454 Ν

1177 541 1387 616 pertinentiis
1423 537 1574 605 vertitur,
1614 536 1798 598 auditorem
1825 535 1960 599 dedisset

1176 637 1270 697 borrae
1313 631 1482 697 memoriae
1518 637 1551 695 C.
1594 634 1680 695 tituli
1720 636 1752 694 S.
1799 635 1959 696 Laurentii

1175 736 1209 794 in
1235 735 1360 794 Lucino
1396 731 1623 809 presbyterum
1652 729 1866 803 cardinalem,
1893 732 1960 791 nul-

1176 833 1292 908 lusque
1328 847 1440 891 coram
1477 831 1549 906 ipso
1581 832 1758 905 appareret
1795 843 1854 904 pro
1883 829 1959 890 dicto

1176 929 1376 988 monasterio
1422 929 1628 1004 procurator,
1671 927 1832 1001 magister
1869 927 1960 986 Boni-

1176 1026 1292 1097 saciuS,
1318 1026 1351 1087 et
1368 1027 1392 1086 Ι.
1410 1025 1443 1086 61
1467 1027 1502 1084 O.
1521 1024 1751 1100 procuratores
1777 1021 1872 1082 bonae
1894 1039 1958 1082 me-

1176 1123 1291 1183 moriae
1305 1117 1671 1198 Quiuqueecclesiensis
1686 1119 1845 1196 episcopi,
1860 1135 1893 1178 se
1908 1136 1957 1194 pm

1171 1223 1240 1296 jam
1263 1220 1359 1281 dictis
1382 1219 1500 1280 abbate
1515 1221 1548 1279 et
1563 1217 1735 1278 monachis
1755 1219 1955 1292 opponentes,

1175 1319 1390 1378 asseruerunt
1405 1317 1528 1377 dictum
1541 1315 1779 1376 monasterium
1795 1313 1894 1374 luisse
1907 1331 1957 1390 per
2012 1393 2013 1400 ἵ

1175 1415 1264 1489 ipsos
1292 1413 1525 1490 hospitalarios
1550 1412 1746 1489 spoliatum;
1772 1426 1811 1472 ac
1837 1411 1956 1471 tandem
2012 1443 2013 1446 =

1176 1512 1240 1587 ipsi
1268 1514 1513 1587 procuratores,
1550 1525 1616 1570 una
1643 1526 1718 1570 cum
1756 1511 1955 1584 procuratore
2012 1493 2013 1508 ¹

1176 1609 1350 1684 hospitalis
1368 1611 1437 1685 jam
1463 1607 1552 1678 dicti,
1571 1609 1606 1667 ut
1628 1608 1695 1668 tam
1716 1620 1817 1681 super
1840 1605 1953 1682 princi·

1176 1705 1254 1781 pali,
1264 1722 1360 1782 quam
1373 1721 1471 1782 super
1480 1705 1646 1781 expensis
1658 1703 1754 1764 bcnae
1764 1703 1952 1762 memoria...

1178 1804 1399 1878 strigoniensi
1422 1803 1674 1878 archiepiscopo
1697 1803 1730 1863 et
1751 1803 1789 1860 Α.
1806 1799 1955 1874 citrasp-

1176 1917 1272 1971 vano,
1295 1917 1333 1960 ac
1358 1903 1395 1961 P.
1413 1899 1589 1961 Orodiensi
1603 1898 1804 1975 praepositis
1820 1898 1955 1958 commit-

1176 1998 1302 2060 teretur
1334 2013 1434 2059 causa
1468 1996 1670 2074 hujusmodi,
1708 2011 1806 2073 poena
1838 1997 1953 2056 centum

1178 2111 1363 2156 marcarum
1379 2095 1532 2171 utrinque
1548 2095 1687 2172 adjecta,
1706 2095 1740 2153 in
1767 2093 1871 2169 ipsius
1891 2107 1955 2152 car-

1176 2194 1298 2254 dinalis
1327 2194 1505 2270 praesentia
1541 2192 1785 2264 convenerunt;
1820 2190 1954 2266 idemque

1178 2292 1403 2368 praedecessor
1416 2289 1707 2352 nostermandavit
1721 2286 1953 2364 archiepiscopo
2012 2283 2013 2290 ³

1177 2393 1210 2450 et
1226 2389 1410 2465 praepositis
1432 2388 1621 2457 antedictis
1644 2387 1680 2448 ut
1699 2387 1798 2462 Juxta
1818 2385 1953 2451 sormam,

1178 2486 1212 2545 in
1232 2502 1296 2562 qua
1323 2485 1387 2560 ipsi
1415 2486 1648 2561 procuratores
1674 2483 1904 2550 convenerant,
1926 2480 1955 2539 in
2012 2523 2013 2530 ,

1178 2583 1250 2658 ipso
1274 2582 1407 2656 negotio
1422 2580 1648 2656 procedentes,
1672 2578 1758 2638 illud
1783 2578 1848 2638 line
1863 2576 1954 2636 debito
2012 2589 2013 2636 1

1177 2681 1406 2740 terminarent.
1420 2681 1533 2753 Nuper
1545 2679 1654 2738 autem
1666 2677 1768 2736 iidem
1780 2676 1897 2736 iratres
1911 2689 1956 2733 no·
2012 2751 2013 2756 ἵ

1178 2777 1229 2838 bis
1250 2777 1421 2838 humiliter
1450 2775 1690 2851 supplicarunt,
1721 2776 1758 2834 ut
1785 2789 1859 2833 cum
1883 2787 1955 2846 saepe
2012 2793 2013 2808 ¹

1179 2875 1258 2936 dicti
1287 2873 1557 2949 archiepiscopus
1578 2874 1610 2932 et
1629 2871 1801 2947 praepositi
1827 2870 1890 2930 sint
1908 2883 1955 2928 ue-

1179 2973 1268 3050 gotio
1284 2971 1432 3031 indecisa
1449 2970 1561 3030 abbae
1573 2968 1827 3038 lucesuhtracti,
1839 2981 1955 3027 causam

1180 3071 1296 3146 ipsam,
1310 3085 1382 3148 quae
1396 3085 1415 3128 a
1430 3069 1578 3144 tompore
1590 3069 1660 3144 jam
1676 3066 1756 3127 dicti
1786 3065 1955 3141 praedeces·
2012 3063 2013 3132 ζ

1180 3167 1266 3227 soris
1294 3167 1399 3226 nostri
1424 3166 1564 3226 remissa
1589 3165 1660 3232 luit,
1686 3161 1956 3238 adapostolicam

1182 3265 1297 3326 Sedem
1313 3266 1509 3325 instructam
1531 3262 1639 3322 decidi
1655 3277 1713 3338 per
1733 3261 1820 3321 alios
1845 3259 1956 3320 iacere-
2012 3261 2013 3266 ’

1181 3381 1264 3424 mus.
1290 3363 1367 3422 ideo
1395 3360 1588 3422 discretioni
1618 3361 1736 3419 vestrae
1767 3358 1955 3424 mandamns,

1181 3455 1955 3538 quatenusinspicientesactajudiciiditigeuter‚
2012 3501 2013 3514 ,

1182 3575 1316 3619 causam
1332 3558 1451 3636 ipsam,
1468 3556 1496 3615 si
1522 3555 1632 3630 partes
1648 3553 1886 3620 consenserint,
1899 3550 1956 3608 sine

1182 3656 1291 3717 debito
1313 3654 1484 3724 decidatis,
1508 3651 1656 3728 alioquin
1676 3649 1716 3710 ad
1742 3665 1803 3710 nos
1828 3647 1957 3709 eamdem

1181 3752 1357 3815 remittatis
1375 3751 1578 3820 instructam,
1596 3747 1806 3824 praefigentes
1827 3744 1956 3822 partibus
2012 3767 2013 3808 2

1181 3851 1359 3914 terminum
1371 3849 1620 3925 competentem,
1631 3861 1696 3922 quo
1711 3859 1748 3906 se
1760 3845 1957 3906 nostroccns·

1184 3948 1291 4026 pectui
1332 3946 1542 4024 praesentent,
1584 3943 1783 4005 senteutiam
1824 3937 1955 4001 relaturi.

1182 4047 1306 4116 Testes
1321 4045 1383 4104 etc.
1400 4043 1492 4115 Quod
1506 4042 1534 4102 si
1546 4057 1612 4101 non
1633 4055 1785 4100 omnes...
1798 4033 1957 4099 DatumTi·

1182 4144 1275 4215 bure‚
1290 4143 1349 4204 Vll
1363 4141 1439 4201 idus
1455 4141 1545 4212 maii,
1563 4153 1650 4199 anno
1665 4153 1764 4199 nono.

1520 4337 1642 4424 ooth

1184 4476 1234 4535 Ad
1249 4459 1753 4547 episcopum'silvanectensem
1772 4469 1805 4529 et
1824 4467 1960 4530 abbatem
2012 4527 2013 4546 χ

1353 4573 1530 4631 caroliloci
1544 4567 1824 4630 Stlcorzcctcnsts
2012 4549 2013 4564 ¹

1476 4689 1687 4749 romaniam.
2012 4755 2013 4770 ,

1215 4800 1934 4874 mmmmmmmmmmmm

1183 4917 1300 4974 blandai
1317 4915 1360 4972 eis
1372 4922 1402 4971 ut
1417 4914 1511 4970 audita
1527 4927 1613 4970 causa
1635 4927 1699 4983 quse
1719 4912 1793 4967 inter
1807 4910 1957 4968 ambianen·

1218 5021 1279 5064 sem
1295 5005 1461 5076 episcopum
1476 5011 1504 5058 et
1519 5002 1651 5058 abbatem
1664 5001 1760 5058 Sancti
1775 4999 1895 5058 Richarii
1907 5009 1955 5052 mr·

1219 5095 1339 5162 tehatur,
1350 5101 1444 5165 partes
1459 5091 1581 5148 termino
1595 5089 1711 5162 praelixo
1726 5088 1762 5146 ad
1777 5087 1878 5148 Sedent
1888 5088 1958 5156 Apos-

1218 5185 1332 5242 tolicam
1349 5181 1551 5238 transmittant.

1222 5291 1400 5361 Honorius,
1419 5290 1493 5360 eto,
1510 5285 1721 5349 venerahilili
1741 5286 1872 5348 fratri...
1891 5283 1958 5357 epis·
2012 5273 2013 5278 ’

1181 5409 1263 5469 copo
1287 5387 1545 5457 Silvanectensi,
1571 5388 1604 5446 et
1629 5385 1750 5446 dilecto
1775 5384 1843 5444 filio
1866 5377 1957 5443 abbati

1181 5487 1369 5559 Caroliloci,
1402 5483 1661 5546 Silvanectensis
1693 5481 1857 5552 dioecesis,
1878 5479 1956 5544 salu-

1179 5591 1258 5660 tem,
1276 5591 1338 5648 etc.

370 5732 408 5808 tl)
429 5731 538 5790 Phrase
551 5727 720 5802 incomplbte
731 5736 758 5786 et
770 5726 966 5802 inintelligihlc
974 5742 983 5797 ;
995 5724 1021 5783 le
1035 5723 1192 5782 manuscrit
1201 5721 1236 5780 de
1247 5723 1285 5778 La
1298 5721 1381 5780 Porte
1391 5717 1428 5776 du
1441 5717 1519 5776 Theti
1535 5724 1614 5789 porto
1627 5729 1662 5772 eu
1677 5729 1776 5786 tuarge
1787 5713 1813 5770 le
1826 5719 1881 5769 mot
1896 5705 1954 5781 (sir).
