4104 6330
101 373 156 436 Β
492 453 495 460 ,

406 537 568 626 XXXIV

102 689 881 766 ΛαΙιιαιιιιιιιιιινιιιιιιιΑιιιινιιιΗιιιιρανιιι.

349 821 383 879 lt
398 820 527 881 decemb.
542 821 621 882 iata.

253 943 344 1009 ιιι,
354 943 415 996 coo.
429 944 547 1010 upum,
562 944 604 1004 ιιι,
620 958 639 1002 1,
655 943 724 1008 aaa]

102 1071 162 1129 Cum
175 1071 284 1128 Joanoe
296 1069 400 1127 clerico
414 1069 492 1144 regis
507 1069 662 1144 Hungarie
676 1081 762 1144 super
774 1064 884 1126 duobus

136 1157 279 1219 beneflciis
294 1157 495 1215 ecciesiasticis
515 1154 676 1216 obtinendis
691 1155 847 1230 dispensat.

134 1295 297 1362 Honorius
309 1293 493 1372 episcopus,
503 1307 801 1357 servusservorum
811 1290 881 1364 Dei,

101 1393 210 1456 dilecto
229 1391 300 1454 tilio
327 1389 484 1464 iohanni,
512 1390 634 1452 clerico
664 1387 829 1452 carissimi
848 1387 884 1448 in

101 1490 220 1554 Christo
234 1488 298 1552 tilii
313 1487 418 1551 nostri
431 1487 612 1564 Hungariaa
625 1487 715 1566 regis
730 1484 882 1556 illustris,

101 1585 229 1648 ιιιιιιιι
243 1585 277 1648 ιι
291 1584 515 1662 Apostolicam
528 1583 802 1646 benedictionem.

135 1682 271 1758 Dignum
287 1683 338 1748 est
352 1683 388 1745 ut
400 1681 457 1760 qui
473 1696 533 1758 pro
548 1696 617 1742 suae
632 1678 761 1742 meritis
770 1675 884 1758 probi-

101 1778 170 1843 uus
191 1779 224 1840 in
242 1782 392 1844 nostram
413 1779 510 1856 digni
537 1775 643 1838 babiti
667 1775 744 1838 sunt
766 1775 883 1838 venire

101 1877 253 1946 notitiam,
269 1892 291 1940 a
308 1877 404 1938 uobis
418 1876 562 1954 gratiam
576 1873 810 1952 assequantur,
825 1872 882 1951 qui

101 1975 241 2051 cupimus
264 1974 426 2038 bonosio
449 1973 679 2038 benedictione
698 1970 882 2033 dulcedinis

101 2072 286 2148 prevenire,
317 2087 357 2134 ac
385 2070 634 2134 benemeritos
664 2067 883 2133 retributione

101 2169 244 2247 prosequi
267 2169 413 2232 liberali.
433 2171 539 2242 Quum
559 2169 670 2246 itaque
689 2167 725 2228 in
745 2165 883 2228 servitio

101 2266 254 2331 carissimi
273 2267 312 2329 in
333 2267 465 2329 Christo
491 2265 552 2326 diii
573 2263 718 2326 nostri...
740 2261 883 2324 illustris

101 2363 179 2438 regis
193 2365 385 2440 Hungariae,
401 2364 443 2426 ed
456 2363 541 2442 quod
557 2377 617 2439 pro
629 2361 762 2423 tuorum
777 2359 883 2422 meri-

100 2459 197 2522 torum
212 2462 383 2538 exigentia
396 2477 432 2523 es
455 2459 653 2537 assumptus,
670 2473 806 2520 necesse
821 2457 884 2517 ba·

100 2556 169 2619 beas
184 2575 317 2636 magna,
334 2559 420 2620 sicut
434 2557 568 2629 asseris,
581 2556 692 2618 subire
708 2570 810 2617 onera
822 2571 884 2616 ex-

100 2672 277 2732 pensarum,
300 2673 362 2719 nec
385 2656 427 2718 ad
451 2671 508 2718 eas
533 2655 679 2717 sufficias
698 2652 879 2725 faciendas,

100 2753 577 2832 nisiteSedesApostolicasuae
587 2749 882 2829 gradaebeneticiis

101 2854 311 2930 prosequatur
321 2867 397 2913 :nos
405 2853 438 2915 et
448 2851 488 2912 ad
499 2849 618 2912 merita
627 2851 684 2912 tua
697 2849 775 2911 etad
786 2851 881 2926 ejus-

101 2947 164 3010 dem
190 2951 282 3026 regis
314 2950 492 3012 utilitatem
518 2947 664 3010 debitum
694 2948 882 3023 respectum

101 3044 258 3121 babentes,
283 3048 393 3112 tecum
421 3063 522 3124 super
546 3045 674 3108 duobus
697 3043 879 3117 beneflciis,

101 3145 209 3218 praeter
233 3161 289 3220 ea,
317 3161 390 3223 quae
413 3161 501 3208 nnnc
522 3143 645 3208 habere
663 3142 879 3220 dignosceris,

100 3239 288 3316 obtinendis,
305 3241 534 3304 nonobstante
549 3241 784 3304 constitutione
795 3241 882 3301 Con-

100 3338 160 3398 cilii
183 3339 366 3416 generalis,
383 3339 580 3402 auctoritate
603 3337 792 3416 Apostolica
812 3336 881 3398 dis·

100 3451 277 3512 pensamus.
306 3437 398 3498 Nulli
428 3451 508 3512 ergo
540 3435 674 3497 omnino
709 3434 880 3496 hominum

100 3531 187 3596 liceat
208 3535 299 3598 banc
321 3535 476 3612 paginam
504 3534 627 3595 nostras
655 3533 881 3594 concessionis

99 3629 282 3709 intringere.
295 3631 410 3708 Siquis
419 3633 530 3696 autom
541 3631 604 3692 boc
615 3631 780 3694 attentare
789 3646 881 3707 prae-

100 3731 278 3806 sumpserit,
294 3729 556 3807 indignationem
571 3727 807 3805 omnipotentis
821 3728 881 3790 Dei

100 3824 128 3886 et
157 3825 332 3891 beatorum
357 3828 449 3890 Petri
478 3826 511 3889 ιι
532 3825 629 3888 Pauli
649 3824 881 3903 Apostolorum

101 3925 162 3998 ejus
184 3941 218 3986 sa
241 3925 377 3988 noverit
393 3926 617 3987 incursurum.
634 3925 754 3985 Datum
778 3924 879 3985 Late-

100 4021 174 4094 rani,
190 4023 353 4084 kalendas
369 4023 532 4102 januarii,
550 4020 761 4100 pontificatus
775 4019 881 4082 nostri

100 4131 175 4181 anno
190 4121 343 4198 septimo.

414 4388 555 4478 XXXV

100 4537 410 4617 computrescet
424 4521 695 4616 putrescemus
709 4541 880 4602 suarm

169 4638 453 4704 moritonensem
464 4637 799 4711 Heerorotpmttaoae.

347 4769 379 4825 19
394 4767 524 4826 decemb.
534 4767 622 4840 itit.

210 4890 302 4958 [Fater.
316 4890 378 4944 (ιιι.
396 4890 532 4955 diplomat.
552 4891 596 4949 111,
612 4905 631 4948 ι,
642 4905 669 4956 p.
684 4889 753 4956 m]

102 4993 294 5068 lionoriusiib
318 4997 472 5067 libertates,
497 4998 693 5058 immunitates
715 5011 749 5056 ac
763 5011 879 5072 posses·

130 5085 220 5142 sinum
238 5086 275 5144 ab
302 5086 415 5152 andrea
436 5101 508 5158 rege
528 5085 672 5159 equitibus
698 5085 884 5146 'theutonicis

131 5169 215 5235 iocus
227 5181 358 5235 recenset
370 5182 398 5236 et
409 5173 571 5236 condrust.

135 5299 295 5360 Honorius
304 5301 796 5378 episcopusservusservorum
807 5301 878 5374 Dei,

103 5391 218 5457 dilectis
231 5397 309 5459 tiliis
329 5399 500 5474 ιιιςιιιιο,
523 5399 556 5460 ιι
583 5397 742 5460 iratribus
764 5399 881 5461 domare

103 5491 220 5555 Sancte
235 5495 350 5556 Mariae
371 5496 651 5558 'theutonicorum
679 5496 879 5575 Hierosoly-

103 5587 234 5741 ppitanae,
250 5593 390 5654 salutem
411 5593 445 5655 et
468 5593 692 5670 Apostolicam
718 5593 879 5656 benedic-

115 5699 226 5750 ionem.

702 364 931 432 EPISTOLAE·
955 365 1127 434 bin.ii11.

1673 367 1734 433 toa

978 527 1117 597 Quuma
1138 523 1236 590 nobis
1251 525 1384 604 petitur,
1401 526 1624 608 qnodiustnm
1635 529 1687 594 osi
1699 529 1734 596 et

939 622 1126 696 honestum,
1140 625 1208 688 tam
1221 624 1317 700 rigor
1340 624 1506 703 equitatis
1528 641 1628 703 quarn
1650 627 1732 692 ordo

938 721 1205 797 exigitrationia,
1221 723 1256 786 ut
1268 722 1302 784 id
1321 737 1382 799 per
1403 723 1661 788 sollicitudinem
1681 725 1733 790 ot-

938 817 1007 880 tlcii
1019 819 1125 884 nostri
1140 819 1181 880 ad
1197 819 1342 884 debitum
1353 819 1554 897 perducatur
1565 821 1729 886 effectum.

940 916 1076 979 sanein
1096 916 1282 994 privilegiis
1297 918 1463 980 carissimi
1478 918 1513 982 iu
1527 919 1658 982 Christo
1670 920 1733 984 tilii

938 1014 1043 1076 nostri
1056 1015 1145 1089 regis
1160 1018 1393 1090 Hungarorum
1403 1015 1555 1089 illustris,
1564 1021 1733 1096 perspexi-

939 1125 1013 1174 mus
1023 1112 1242 1174 intercaetera
1256 1113 1432 1185 contineri,
1441 1113 1608 1190 quodipse
1621 1132 1733 1192 quam·

940 1207 1016 1272 dam
1030 1209 1307 1280 terram,nomine
1328 1212 1497 1282 Burszam,
1515 1213 1594 1274 tunc
1613 1213 1731 1276 deser-

938 1306 1017 1378 um,
1030 1307 1064 1369 ιι
1076 1307 1308 1379 inhabitatam,
1334 1307 1428 1370 vobis
1450 1307 1586 1372 donavit
1608 1311 1732 1376 iutuitu

938 1403 1072 1479 pietatis
1084 1405 1243 1482 perpetuo
1256 1403 1361 1468 libere
1378 1406 1631 1482 possidendam;
1648 1425 1731 1472 con-

937 1500 1075 1564 cedendi
1105 1502 1324 1564 nibilominus
1362 1502 1457 1566 uobis
1492 1505 1529 1566 ut
1554 1506 1583 1566 si
1611 1520 1731 1570 aurum

936 1597 990 1660 rel
1009 1599 1183 1674 argentum
1209 1599 1308 1661 terras
1339 1599 1547 1676 contingeret
1576 1603 1730 1679 reperiri,

937 1711 1005 1758 una
1019 1711 1098 1773 pars
1112 1697 1153 1758 ad
1165 1697 1261 1773 regni
1277 1695 1392 1758 fiscum
1402 1698 1578 1774 pertineat,
1601 1701 1731 1778 reliqua

936 1807 1017 1855 uero
1038 1809 1116 1870 pars
1137 1795 1259 1875 vestris
1274 1793 1392 1856 usibus
1411 1795 1603 1872 deputatum
1624 1797 1734 1870 libera¹

938 1906 1067 1968 quoque
1092 1892 1164 1954 lora
1192 1892 1226 1954 ιι
1249 1890 1374 1954 tributa
1405 1891 1553 1954 fororum
1582 1895 1731 1971 sjmdsm
1842 1927 1853 1933 -

936 1987 1035 2050 terrae
1048 1987 1196 2052 totaliter
1206 1987 1300 2052 vobis
1314 1989 1455 2053 indulsit
1467 2006 1476 2064 ;
1491 1990 1614 2053 liberos
1627 1992 1732 2056 dena-

936 2084 1210 2163 riosetpondera
1238 2086 1455 2150 nibilominus
1478 2089 1678 2153 remittendo
1698 2094 1732 2156 et

936 2182 1105 2245 reddendo
1121 2199 1180 2246 vos
1195 2183 1237 2244 ab
1264 2183 1356 2246 omni
1370 2184 1546 2258 examinare
1560 2185 1685 2250 liberos
1699 2191 1733 2252 et

936 2278 1733 2360 immunesacuouend0,quoonu1bwagvoae

937 2391 1108 2454 supervos
1127 2377 1228 2440 liceat
1246 2377 1370 2440 babere
1394 2378 1600 2454 descensum,
1625 2382 1732 2459 ipsam

937 2489 1067 2552 quoque
1089 2475 1214 2538 terram
1240 2475 1342 2537 certis
1374 2475 1527 2539 distinxit
1556 2477 1730 2556 limitibus,

937 2572 1009 2634 sive
1031 2570 1126 2636 metis
1143 2589 1151 2634 :
1168 2587 1308 2650 quarum
1334 2573 1441 2650 prima
1468 2573 1586 2652 incipit
1608 2575 1651 2638 ab
1676 2577 1732 2639 in-

937 2667 1113 2745 daginibus
1140 2670 1242 2732 castri
1260 2669 1430 2746 Voilgard,
1448 2671 1572 2734 atinde
1592 2689 1733 2751 progre-

937 2766 1027 2830 ditur
1041 2781 1145 2843 usque
1162 2766 1204 2830 ad
1221 2766 1395 2842 indagines
1421 2767 1556 2840 Nicolii,
1573 2770 1630 2832 ubi
1644 2787 1734 2849 aqua

937 2863 1063 2936 defluit,
1079 2879 1154 2941 que
1175 2865 1314 2930 uocatur
1328 2864 1438 2936 Αιιιι,
1462 2866 1527 2938 Olt,
1544 2867 1576 2928 et
1602 2867 1652 2930 sio
1673 2885 1732 2930 as·-

937 2961 1106 3024 cendendo
1119 2961 1291 3037 pei-ninia
1312 2977 1418 3040 usque
1441 2964 1618 3040 szerzylon
1641 2967 1733 3030 cadit

935 3057 1089 3130 inXIuta,
1112 3060 1147 3121 ιι
1169 3057 1291 3122 iterum
1310 3057 1404 3122 vadit
1428 3061 1596 3137 usquead
1621 3065 1730 3126 ortum

937 3154 1084 3233 ejusdem
1109 3156 1293 3234 Zersyllen,
1320 3157 1354 3220 et
1376 3156 1509 3218 abortu
1527 3173 1632 3236 aquae,
1655 3177 1732 3238 qum

935 3253 1053 3330 Zynris
1067 3253 1219 3327 vocatur,
1231 3253 1443 3330 progreditur
1457 3269 1562 3332 usque
1574 3257 1616 3318 ad
1631 3257 1735 3320 sidu-u

935 3357 1016 3414 xum
1028 3366 1135 3429 aquae,
1154 3367 1229 3428 quae
1252 3351 1376 3414 dicitur
1395 3353 1529 3426 Borsza,
1548 3356 1582 3417 et
1599 3353 1731 3432 deinde,

936 3449 1022 3512 sicut
1035 3449 1164 3512 montes
1185 3449 1314 3512 nivium
1328 3450 1453 3512 terram
1467 3451 1732 3528 complectuntur
1857 3525 1864 3539 .

935 3547 1095 3618 eamdem,
1110 3561 1215 3623 usque
1239 3546 1281 3608 ad
1310 3546 1496 3623 Almagiam
1519 3564 1555 3610 se
1569 3551 1730 3614 extendit.

935 3643 1070 3706 Addidit
1085 3645 1186 3708 etiam
1201 3645 1410 3722 postmodum
1433 3645 1521 3706 idem
1535 3661 1598 3708 rex
1620 3648 1729 3710 dona-

934 3741 1018 3803 tioni
1044 3741 1213 3818 praedictae
1246 3743 1410 3814 castrum,
1446 3743 1532 3820 quod
1566 3745 1732 3808 Guteburc

935 3839 1137 3911 nominatur,
1167 3839 1208 3900 de
1231 3854 1317 3902 nouo
1339 3840 1565 3904 constructum
1589 3857 1610 3904 a
1633 3842 1731 3906 robis

936 3953 1011 3998 cum
1021 3937 1125 4014 pratis
1134 3936 1363 4014 adjacentibus
1371 3939 1461 4000 circa
1470 3938 1572 4016 illud;
1589 3955 1729 4002 necnon

936 4033 1113 4096 atermino
1133 4033 1239 4110 ipsius
1267 4034 1369 4096 castri
1392 4035 1518 4098 terram
1538 4038 1728 4114 qnamdam,

936 4147 1009 4208 quae
1020 4131 1168 4208 procedit
1178 4147 1282 4208 usque
1293 4131 1334 4195 ad
1346 4133 1506 4196 terminos
1521 4135 1729 4209 Blascorum,

936 4227 1024 4290 stab
1052 4228 1266 4306 indaginibus
1280 4230 1443 4306 nlmagiae
1463 4231 1498 4292 in
1513 4234 1610 4309 parte
1623 4234 1729 4297 altera

936 4325 1144 4404 protenditur
1167 4343 1272 4405 usque
1301 4327 1343 4389 ad
1380 4343 1476 4405 aquae
1502 4329 1623 4399 ortum,
1654 4347 1730 4408 quse

935 4427 1042 4486 Bursa
1056 4424 1204 4498 vocatur,
1221 4424 1345 4488 atinde
1363 4425 1405 4486 ad
1420 4425 1607 4487 Danubium
1625 4443 1730 4505 usque

936 4523 1094 4599 procedit.
1123 4523 1294 4585 concessit
1317 4523 1417 4584 etiam
1438 4521 1544 4594 vobis,
1566 4523 1603 4584 ut
1629 4540 1731 4601 super

936 4619 1074 4682 flurium
1088 4621 1222 4682 nomine
1234 4619 1333 4681 Aluta
1345 4633 1529 4691 seruasse,
1544 4619 1577 4681 ιι
1591 4619 1729 4685 totidem

936 4734 1036 4796 super
1050 4717 1330 4780 fiuviumnomine
1343 4719 1433 4778 Mors
1450 4714 1591 4797 (Meros)
1604 4717 1729 4782 liberas

936 4815 1097 4888 habeatis,
1114 4830 1174 4891 per
1181 4815 1284 4876 totum
1298 4829 1438 4889 regnum
1447 4815 1519 4892 ejus
1534 4815 1638 4877 salem
1653 4817 1731 4880 des-

936 4911 1105 4974 cendendo
1123 4909 1279 4982 larabiae,
1308 4911 1341 4971 ιι
1358 4907 1543 4972 relerentes
1567 4927 1622 4974 res
1645 4913 1730 4977 alias

936 5007 1252 5080 ascendendo;salis
1264 5005 1394 5068 fodinas
1406 5008 1517 5081 etiam,
1533 5024 1607 5087 quas
1616 5013 1731 5075 Acaua

937 5103 1061 5188 (Akna)
1076 5105 1248 5174 uocantur,
1275 5104 1477 5168 suibcientes
1493 5105 1533 5168 ad
1553 5105 1732 5184 praedictas

936 5202 1232 5274 duodecimnaves,
1244 5201 1348 5264 libere
1363 5201 1561 5282 ubicumque
1578 5203 1729 5266 volueri-

935 5300 1090 5374 tis,uobis
1101 5301 1193 5376 regia
1211 5300 1409 5362 liberalitate
1421 5301 1598 5374 concessit3
1615 5316 1731 5365 conce·

936 5398 1053 5472 dendo,
1068 5399 1105 5459 ut
1117 5398 1242 5459 nullum
1252 5397 1434 5459 teneamini
1449 5397 1729 5474 praestaretribu-

935 5497 1016 5568 tum,
1033 5493 1095 5558 nec
1116 5495 1216 5558 etiam
1242 5495 1393 5555 homines
1421 5495 1536 5567 vestri,
1551 5511 1651 5572 quum
1671 5515 1746 5575 per.

937 5594 1125 5655 Siculorum
1140 5593 1264 5655 terram
1277 5592 1483 5665 transierint,
1501 5594 1558 5654 aut
1570 5594 1731 5657 Valacbo-

935 5706 1021 5773 rum.
1035 5690 1083 5752 Ad
1107 5689 1180 5752 baec
1207 5689 1374 5763 homines,
1398 5685 1455 5767 qui
1477 5690 1602 5752 terram
1624 5693 1729 5769 ipsam
