4032 6326
61 351 119 413 273
672 349 900 414 EPISTOLAE.
924 351 1003 414 ule.
1025 351 1096 415 vll.
1645 343 1706 408 274

61 509 294 574 ecclesiastica
306 511 515 576 sacramenta
528 529 548 574 a
560 511 680 575 vicinis
694 511 859 598 episcopis
913 510 1061 584 turbare,
1082 509 1141 573 aut
1159 511 1232 587 ejus
1247 508 1476 588 possessiones
1488 505 1633 582 auferre,
1650 507 1704 570 vel

61 609 212 684 accipere
244 611 353 673 libere
384 613 417 674 et
448 611 571 689 absque
599 610 860 674 contradictione
914 608 1043 672 ablatas
1067 608 1223 680 retinere,
1245 607 1405 679 minuere,
1423 623 1482 668 seu
1504 605 1707 684 quibuslibet

60 705 203 784 possitis,
235 709 289 769 sic
309 711 421 770 tamen
447 709 484 770 ut
502 725 545 770 ex
564 708 626 770 hoc
645 709 859 786 inposterum
913 705 1148 769 vexationibus
1173 705 1324 782 fatigare,
1355 705 1412 766 sed
1438 704 1549 768 omnia
1573 705 1704 781 integra

60 805 201 881 propriis
225 805 396 884 episcopis
412 806 540 866 nullum
555 805 785 882 praejudicium
800 819 861 879 ge-
914 806 1152 868 conserrentur
1164 819 1278 865 eorum
1295 818 1353 880 pro
1376 819 1514 880 quorum
1538 803 1706 878 guberna-

60 903 204 966 neretur.
231 905 320 975 Quia
347 919 427 965 vero
450 904 616 966 interdum
650 903 859 980 propriorum
913 903 1003 964 tione
1018 917 1057 964 ac
1070 902 1310 964 sustentatione
1323 916 1481 962 concessa
1497 901 1575 962 sunt
1587 900 1703 962 usibus

62 1001 296 1076 episcoporum
319 1001 448 1078 copiam
464 1017 532 1062 uon
551 1000 692 1072 hahetis,
715 999 859 1077 siquem
914 999 1111 1061 omnimodis
1133 999 1317 1076 profutura,
1341 997 1434 1060 salva
1449 998 1545 1060 Sedis
1559 997 1705 1075 Aposto-

61 1095 255 1174 episcopum
269 1102 427 1160 itomauae
443 1099 548 1170 Sedis,
561 1100 598 1160 ut
611 1098 773 1169 diximus,
787 1111 861 1173 gra·
914 1097 987 1158 licae
1005 1097 1213 1161 auctoritate.
1238 1096 1272 1156 Si
1294 1111 1357 1172 qua
1372 1095 1476 1172 igitur
1501 1095 1536 1156 iu
1555 1094 1703 1156 futurum

61 1195 136 1255 liam
154 1195 189 1256 et
204 1196 476 1258 communionem
492 1195 678 1268 habentem,
695 1197 728 1257 et
742 1194 782 1256 de
795 1209 859 1271 quo
914 1194 1140 1256 ecclesiastica
1154 1191 1368 1254 saecularisre
1377 1207 1520 1270 persona
1531 1192 1617 1253 hauc
1630 1205 1704 1253 uos-

60 1291 189 1368 pleuum
204 1293 364 1356 notitiam
379 1293 541 1366 habeatis,
558 1309 618 1372 per
636 1307 696 1355 ros
714 1291 860 1354 transire
913 1293 974 1355 trae
999 1291 1246 1355 constitutionis
1273 1291 1428 1368 pagiuam
1455 1290 1564 1352 sciens
1589 1290 1704 1351 contra

62 1389 252 1465 configerit,
272 1391 314 1452 ab
332 1406 372 1452 eo
390 1390 639 1453 benedictiones
656 1405 812 1454 rasorum
827 1389 861 1450 et
914 1405 987 1451 eam
1001 1391 1125 1452 minere
1139 1389 1254 1451 venire
1268 1386 1457 1460 tentaverit,
1473 1387 1618 1450 secundo
1632 1387 1705 1450 ter-

61 1487 216 1560 restium,
231 1487 502 1551 consecrationes
518 1485 859 1560 altarium,beuedio-
913 1487 1003 1550 tiore
1024 1487 1234 1559 commonita,
1258 1486 1323 1548 uisi
1351 1485 1480 1548 reatum
1505 1499 1600 1546 suum
1620 1499 1704 1546 cou-

63 1583 166 1644 tioues
200 1585 402 1646 monialium
429 1585 627 1648 auctoritate
662 1583 860 1662 apostolicae
913 1599 997 1661 grue
1009 1583 1237 1647 satisfactione
1251 1584 1445 1656 correxerit,
1462 1583 1634 1661 potestatis
1646 1581 1707 1644 ho·

64 1681 155 1742 Sedis
178 1683 337 1759 recipere
360 1682 513 1745 valeatis.
532 1685 636 1744 Porro
654 1682 682 1742 si
699 1680 857 1759 episcopi,
914 1681 1071 1758 uorisque
1083 1680 1136 1742 sui
1148 1681 1261 1742 careat
1276 1679 1448 1755 dignitate,
1465 1693 1557 1740 ream
1584 1692 1621 1739 se
1645 1676 1702 1738 di-

61 1779 109 1838 rel
132 1779 195 1840 alii
220 1779 440 1842 ecclesiarum
463 1781 611 1844 rectores
635 1780 669 1840 iu
692 1781 861 1842 monaste-
912 1777 1127 1855 rinojudicio
1141 1777 1286 1840 existere
1300 1777 1341 1839 de
1362 1776 1552 1854 perpetrata
1566 1774 1698 1853 iniqui-

63 1873 145 1934 rium
167 1877 332 1947 restrum,
348 1875 401 1938 rel
417 1891 579 1952 personas
597 1875 682 1937 inihi
696 1873 861 1938 coustitu—
913 1877 981 1937 tate
1007 1877 1195 1952 cognoscat,
1221 1875 1287 1938 eta
1312 1874 1538 1936 sacratissimo
1563 1887 1704 1950 corpore

63 1973 121 2041 tas,
145 1972 402 2049 suspensionis,
428 1972 782 2036 excommunicationis
806 1970 860 2032 rel
914 1975 946 2036 et
972 1974 1135 2050 sanguiue
1167 1973 1225 2034 Dei
1250 1975 1283 2035 et
1313 1972 1443 2034 Domini
1470 1969 1701 2048 Redemptoris

65 2068 232 2132 interdicti
251 2071 451 2132 seutentiam
472 2069 767 2147 promulgaverint,
789 2069 860 2130 sive
909 2072 1019 2134 nostri
1032 2075 1112 2134 Jesu
1125 2070 1247 2132 christi
1260 2070 1370 2132 aliena
1386 2069 1454 2140 ilat,
1477 2070 1577 2145 atque
1588 2068 1623 2128 in
1640 2083 1703 2129 ex-

66 2167 161 2226 etiam
183 2167 222 2228 iu
237 2167 463 2230 mercenarios
484 2168 614 2229 veshos
638 2183 696 2244 pro
712 2181 752 2228 eo
772 2164 859 2243 quod
913 2174 1019 2234 tremo
1033 2170 1188 2231 examine
1211 2168 1370 2230 districtae
1385 2165 1556 2246 subjaceat
1567 2163 1700 2226 ultioni.

67 2261 222 2336 decimas,
246 2264 334 2326 Sicut
348 2263 471 2327 dictum
488 2264 548 2336 est,
571 2279 639 2325 nou
658 2262 858 2341 persolvitis,
915 2269 1048 2330 cuncus
1062 2267 1172 2329 aubin
1183 2265 1289 2326 eidem
1304 2264 1377 2326 loco
1392 2280 1452 2326 sua
1463 2267 1541 2341 jura
1559 2277 1704 2324 servan-

68 2359 133 2420 sire
143 2361 259 2438 aliqua
274 2361 451 2423 occasione
467 2377 592 2432 eorum,
609 2377 683 2439 ‹1¹1ae
700 2360 742 2421 ab
754 2363 861 2437 Apos-
913 2366 1013 2438 tibus,
1031 2365 1073 2428 sit
1101 2379 1167 2442 pax
1182 2363 1312 2425 Domini
1341 2362 1446 2424 nostri
1464 2365 1545 2424 Jesu
1568 2359 1702 2430 Christi,

72 2457 166 2519 tolica
193 2458 400 2535 benignitate
423 2459 517 2522 vohis
536 2459 664 2521 indulte
686 2461 773 2529 suut,
800 2473 860 2518 seu
915 2461 1145 2542 quatenuship
1160 2460 1302 2522 fructum
1322 2459 1418 2523 bopae
1434 2457 1574 2520 actionis
1589 2457 1704 2535 pomi.

70 2552 294 2618 heueiactores
309 2559 438 2619 vestros
450 2571 511 2633 pro
525 2571 565 2619 eo
578 2556 665 2634 quod
679 2555 792 2634 aliqua
805 2569 861 2616 re
914 2562 1017 2638 plaut,
1038 2560 1072 2622 et
1094 2559 1180 2636 apud
1206 2558 1391 2620 districtum
1403 2557 1548 2634 judicem
1566 2554 1704 2633 praemta

71 2649 117 2712 bis
128 2652 292 2715 beneficia
306 2654 360 2716 vel
377 2653 537 2732 obsequia
551 2669 594 2715 ex
606 2653 745 2715 caritate
759 2667 861 2730 proes·
915 2659 1048 2720 aeternae
1063 2657 1155 2734 pacis
1168 2656 1352 2717 inveniant.
1368 2656 1486 2716 Amen.
1501 2657 1617 2714 Amen.
1766 2727 1768 2739 Ι

72 2748 203 2822 titerint,
226 2752 279 2813 vel
302 2750 582 2813 adlaborandum
609 2751 800 2829 adjuverint
823 2751 860 2811 iu
954 2756 1072 2816 Datum
1099 2754 1267 2825 Laterani,
1298 2767 1359 2830 per
1383 2767 1516 2812 manum
1543 2747 1704 2810 Guldouis

74 2846 144 2907 aliis
163 2848 280 2909 diebus
296 2849 330 2909 iu
352 2848 471 2927 quihus
492 2865 551 2910 ros
564 2848 734 2921 laboratis,
753 2846 859 2910 etalii
915 2852 1079 2930 capellani
1101 2850 1226 2912 domiui
1247 2863 1353 2926 papae,
1369 2851 1429 2909 XV
1443 2846 1511 2908 kal.
1527 2845 1701 2916 februarii,

73 2941 238 3019 feriantur,
254 2946 405 3008 eamdem
425 2946 623 3009 seutentiam
647 2945 857 3022 protulerint,
914 2950 1028 3011 indict.
1055 2951 1113 3020 Xl,
1142 2944 1385 3008 incarnationis
1409 2942 1589 3006 Dominicae
1615 2957 1704 3004 auno

75 3038 172 3115 ipsam
186 3043 346 3120 tauquam
360 3043 475 3106 contra
487 3042 582 3104 Sedis
596 3043 794 3120 apostolice
807 3042 861 3102 in·
914 3047 1114 3113 MCGXXIIL
1130 3043 1340 3122 poutillcatus
1354 3057 1433 3104 vero
1454 3041 1580 3103 domiui
1590 3041 1705 3102 liono-

77 3135 159 3200 dulta
183 3141 345 3218 prolatam
366 3140 521 3202 duximus
549 3139 758 3202 irritandam.
791 3141 861 3201 Nec
915 3144 959 3206 rii
974 3160 1068 3224 papae
1081 3145 1224 3205 lllauuo
1239 3140 1389 3218 septimo.

77 3231 188 3300 litterae
201 3237 276 3298 ullae
293 3237 481 3299 firmitatem
494 3237 650 3309 habeant,
666 3253 748 3314 quas
759 3236 859 3299 tacito

78 3335 201 3396 nomine
222 3333 454 3396 Cistercieusis
470 3333 596 3395 ordinis
617 3337 650 3397 et
669 3335 783 3396 contra
806 3335 860 3396 te-

80 3443 183 3492 uorem
201 3432 466 3509 Apostolicorum
485 3432 736 3509 privilegiorum
756 3446 858 3493 cous·
1278 3465 1346 3554 LV

79 3525 173 3590 tilerit
188 3528 370 3606 impetrari.

113 3627 275 3688 Praeterea
308 3642 410 3703 quum
445 3641 619 3688 commuue
648 3625 860 3689 interdictum
954 3619 1006 3680 Ad
1028 3617 1236 3680 abbatemet
1257 3615 1664 3692 WOWWPWWGS·

79 3719 168 3784 terrae
198 3723 309 3795 luerit,
338 3723 438 3786 liceat
466 3724 560 3786 robis
582 3724 799 3785 nihilomiuus
824 3725 860 3784 iu
1178 3744 1348 3819 pojanuffip
1363 3745 1443 3803 1223,

80 3823 180 3884 restro
199 3821 412 3894 monasterio,
430 3821 575 3882 exclusis
598 3821 861 3883 excommunica·

81 3915 127 3988 tis,
149 3918 259 3979 diviua
284 3917 395 3980 cilicia
419 3918 599 3980 celebrare.
626 3918 706 3980 Paci
730 3931 860 3995 quoque
1070 3869 1330 3934 [⁰h¹⁰¹¹¹⁰⁰¹¹¹¹¹⁰¹¹¹¹⁵
1345 3867 1552 3934 ⁵⁰f⁰¹¹¹21²·¹⁸⁰·]

38 4077 40 4080 .
82 4015 109 4075 et
131 4015 362 4092 tranquillitati
382 4017 501 4077 restrae
528 4016 665 4092 paterna
698 4015 733 4076 iu
749 4017 861 4092 poste-
915 3995 964 4054 ¹3¹⁸
976 3993 1359 4096 maudatntrnocacbosde
1378 3992 1555 4095 Utissebfflsss
1572 3993 1707 4094 diffidi·

81 4123 146 4171 rum
161 4111 383 4174 sollicitudine
397 4110 572 4188 providere
595 4111 756 4180 volentes,
779 4125 861 4172 auc-
950 4090 1037 4141 ”¹⁰⁰⁰
1058 4097 1088 4140 ¹⁰
1108 4081 1239 4140 ⁸b¹³⁸¹⁰¹¹¹
1259 4083 1350 4182 ⁰¹⁶⁰sp
1368 4081 1707 4184 ⁰¹h¹befff⁰b⁰d¹⁰¹¹f¹⁰m

82 4205 202 4270 ,oritate
229 4208 420 4286 Apostolica
456 4209 680 4286 prohibemus,
709 4210 745 4270 ut
774 4208 860 4269 infra
951 4171 1120 4242 renuebant,
1145 4178 1408 4228 excommunicatos
1431 4170 1542 4244 publice
1565 4177 1706 4230 nuntient.

83 4303 239 4367 clausuras
254 4307 404 4368 locorum
419 4321 478 4367 seu
493 4307 709 4382 grangiarum
723 4307 857 4368 vestra·
954 4305 1122 4367 Honorius
1159 4305 1347 4383 episcopus,
1380 4321 1495 4368 seruus
1535 4319 1706 4366 servorum

83 4414 147 4461 mur
166 4403 275 4464 nullus
297 4404 450 4479 rapinam
486 4419 544 4463 seu
578 4403 703 4464 iurtum
736 4403 858 4476 iacere,
915 4402 987 4476 Dei,
1008 4403 1120 4465 abbati
1139 4403 1171 4464 et
1194 4403 1299 4481 priori
1324 4403 1526 4478 Pigaviens,
1557 4405 1708 4464 Mersen-

83 4495 181 4572 iguem
195 4515 373 4578 apponere,
388 4501 584 4575 sanguinem
599 4499 782 4572 effundere,
796 4500 860 4560 ho·
915 4500 1090 4576 burgensis
1106 4500 1271 4571 dioecesis,
1288 4499 1322 4562 et
1335 4500 1514 4576 praeposito
1534 4499 1707 4560 Braudeu-

83 4596 326 4659 uriuemtemere
355 4611 474 4672 capere
500 4597 553 4657 rel
568 4596 768 4668 interlicere,
801 4611 859 4657 seu
914 4597 1085 4674 burgensi,
1109 4597 1249 4660 salutem
1264 4597 1534 4673 ethpostolicam
1549 4595 1707 4658 benedic-

83 4691 261 4755 riolentiam
274 4693 396 4755 audeat
410 4708 578 4754 exercere.
915 4697 1051 4757 tionem.

120 4791 276 4853 Praeterea
290 4805 406 4852 omues
426 4789 595 4852 libertates
610 4790 644 4852 et
663 4789 859 4852 immunita-
943 4793 1103 4855 ¹Dilectus
1131 4792 1220 4853 filius
1249 4792 1496 4865 Rechmannus,
1522 4793 1707 4856 monachus

84 4885 127 4946 tes
155 4903 171 4948 a
200 4887 501 4965 praedecessoribus
539 4888 662 4950 uostris
698 4888 859 4950 Romanis
915 4889 1108 4952 monasterii
1135 4889 1175 4950 de
1195 4889 1389 4966 ilseneburg
1414 4891 1705 4954 ilalverstadeusis

84 4984 276 5057 pontificibus
292 4985 402 5047 ordiui
426 4985 538 5047 restro
568 5001 755 5058 concessas,
779 5001 860 5048 neo-
915 4987 1079 5058 dioecesis,
1104 4986 1140 5047 iu
1178 4988 1292 5048 uestra
1330 4989 1503 5065 proposuit
1527 4991 1707 5066 praeseutia

87 5093 142 5140 uon
164 5082 332 5144 libertates
351 5083 384 5144 et
408 5083 634 5158 exemptiones
649 5083 860 5144 saeoularium
915 5084 1124 5156 constitutus,
1140 5085 1225 5162 quod
1242 5085 1445 5147 venerabilis
1470 5085 1573 5148 irater
1594 5088 1709 5150 noster

88 5178 281 5240 exactionum
299 5195 319 5240 a
345 5179 491 5254 regibus,
506 5178 558 5240 vel
572 5179 790 5256 principibus,
806 5180 859 5242 vel
914 5182 1066 5246 hibertus
1099 5182 1395 5258 Magdeburgensis
1423 5184 1707 5263 archiepiscopus,

88 5273 150 5335 aliis
170 5275 321 5337 fidelibus
342 5275 587 5337 rationabiliter
600 5275 694 5338 robis
714 5277 860 5339 indultas
915 5280 1039 5341 durnin
1054 5280 1204 5357 partibus
1218 5281 1287 5341 illis
1301 5280 1479 5357 legationis
1497 5281 1607 5345 oitlcio
1626 5284 1708 5346 luu-

88 5372 463 5450 auctoritatellpostolica
480 5373 861 5451 confirmamusetpras·
914 5379 1058 5454 geretur,
1090 5377 1262 5438 Siffridum
1288 5379 1368 5440 tunc
1395 5380 1591 5442 monasterii
1617 5399 1711 5461 prse-

88 5471 174 5531 seutis
188 5471 304 5548 scripti
319 5469 494 5547 privilegio
517 5471 768 5532 communimus.
791 5475 858 5534 De·
914 5475 993 5537 dicti
1023 5476 1175 5538 abbatem
1197 5491 1217 5537 a
1242 5476 1405 5552 regimine
1427 5468 1518 5539 illius
1545 5484 1707 5546 canonice

88 5569 234 5630 cernimus
255 5581 336 5644 ergo
361 5567 398 5628 ut
427 5567 511 5628 nulli
532 5567 666 5629 omuino
688 5569 860 5631 hominum
913 5575 1104 5646 removerit,
1122 5573 1333 5650 exigentibus
1348 5573 1456 5652 culpis
1471 5578 1553 5653 suis,
1568 5583 1602 5643 et
1622 5585 1711 5644 llar-

88 5663 170 5728 liceat
182 5665 357 5744 praelatum
376 5666 612 5728 monasterium
634 5667 758 5730 temere
778 5684 856 5745 per·
913 5673 1049 5734 turicum
1066 5671 1262 5734 monachum
1276 5672 1384 5735 eidem
1400 5679 1604 5743 monasterio
1618 5697 1708 5760 prae-
