4080 6328
267 363 328 424 955

268 519 414 599 capitulo
451 519 634 596 assignari;
662 519 876 598 praebendam
912 521 1061 598 ejusdem

267 617 451 696 scriptoria,
467 619 566 694 prout
576 618 616 678 ad
633 631 690 680 eos
706 619 872 694 pertinere
885 619 1063 681 credebant

267 717 477 780 conserentes
492 716 600 776 eidem
615 733 622 771 :
639 732 739 792 quam
763 717 840 794 quia
858 733 919 778 nos
935 733 1012 778 mox
1028 719 1064 780 ut

267 811 354 874 idem
376 814 518 890 scriptor
540 811 623 874 obiit
640 813 761 875 dilecto
783 813 852 873 tilio
866 815 998 876 cinthio
1012 813 1065 875 'ca-

266 911 399 988 pellano
414 913 526 972 nostro
542 911 582 972 de
594 911 715 974 nostrae
731 911 935 972 contulimus
950 912 1062 988 pleni-

266 1008 381 1071 tudine
405 1009 587 1086 potestatis,
606 1010 736 1070 nostras
749 1009 854 1081 nohis,
872 1010 905 1071 et
917 1025 1061 1070 venera-

266 1106 326 1167 bili
341 1106 439 1168 sratri
454 1109 603 1168 nostro...
619 1106 835 1167 atrebatensi
848 1108 1014 1184 episcopo,
1032 1110 1064 1171 et

269 1205 339 1265 suis
350 1204 486 1279 collegis
500 1220 600 1282 super
612 1204 789 1266 collatione
805 1206 918 1266 nostra
933 1206 1062 1266 litteras

268 1302 461 1380 dirigentes,
486 1301 575 1362 idem
596 1303 756 1378 magister
775 1303 909 1381 propter
932 1303 994 1364 hoc
1021 1303 1062 1364 ad

268 1401 480 1478 praesentiam
495 1401 642 1462 nostram
653 1400 825 1472 accedens
841 1400 936 1462 nobis
951 1401 1064 1462 humi-

268 1499 346 1560 liter
363 1499 575 1576 supplicavit,
593 1499 629 1560 ut
646 1501 719 1575 ejus
744 1497 924 1572 laboribus,
944 1501 979 1562 et
1000 1516 1063 1561 ex-

268 1597 380 1674 pensis
393 1596 540 1674 compati
559 1597 821 1658 misericorditer
835 1597 1060 1673 dignaremur.

269 1695 339 1756 Nos
354 1695 464 1755 autem
485 1695 519 1756 et
537 1693 750 1756 collationem
765 1695 924 1770 predicta
946 1695 1061 1772 capel-

269 1789 348 1850 lano
363 1789 483 1852 tactam
495 1791 727 1852 inconcussam
741 1791 880 1862 servari,
895 1791 928 1852 et
939 1805 1062 1866 supra·-

267 1887 391 1950 dictum
421 1889 615 1964 magistrum
644 1888 761 1964 gratiae
796 1889 919 1948 nostre
950 1887 1062 1948 dructu

268 1986 415 2062 gaudere
430 1986 590 2054 volentes,
606 1985 829 2063 praecipimus,
847 1987 883 2047 ut
904 1985 1060 2063 preben-

268 2084 344 2145 dam
357 2084 465 2161 ipsam
478 2084 680 2145 memoratus
695 2085 890 2160 capellanus
905 2099 980 2145 cum
996 2085 1063 2162 ple-

268 2181 419 2243 nitudine
437 2183 525 2259 juris
540 2182 693 2243 canonici
709 2183 795 2243 sicut
810 2199 896 2243 unus
909 2197 952 2242 ex
971 2183 1060 2244 resi-

267 2278 421 2341 dentibus
445 2281 574 2356 integre
596 2279 727 2351 habeat,
740 2281 777 2341 et
799 2279 1013 2356 providimus,
1026 2281 1062 2341 ut

268 2377 376 2438 eidem
391 2378 550 2454 magistro
567 2375 744 2454 praebenda
759 2377 891 2453 integra
904 2377 1060 2439 consera-

267 2476 333 2544 tur,
345 2475 453 2552 prima
465 2476 501 2536 in
516 2475 631 2537 eadam
646 2476 788 2538 ecclesia
802 2477 973 2545 vacatura,
1000 2491 1060 2538 ca·-

268 2573 471 2644 nonicatum,
498 2575 531 2634 et
555 2573 767 2650 quotidianas
797 2571 1058 2646 distributiones,

267 2686 329 2732 nec
358 2685 424 2731 non
450 2685 595 2731 annuam
615 2671 809 2746 pensionem
824 2669 937 2731 decem
959 2669 1063 2731 libra-

265 2779 372 2830 ruma
386 2771 430 2841 te,
446 2767 493 2856 lili
508 2767 739 2846 praepositam
751 2767 833 2829 sesto
846 2767 1060 2830 purificatio-

266 2867 318 2928 nis
343 2865 546 2939 solvendam,
575 2866 639 2926 sibi
673 2866 891 2928 nihilominus
931 2867 1061 2942 integre

266 2962 508 3038 conservando,
526 2964 559 3026 et
575 2963 763 3026 revocando
780 2964 903 3042 siquid
919 2964 959 3025 de
975 2979 1062 3041 prae-

265 3061 383 3134 benda,
413 3079 486 3140 quae
509 3079 528 3122 a
551 3064 699 3140 tempore
725 3061 912 3124 collationis
938 3064 1060 3124 nostrae

264 3160 424 3236 praedicto
437 3161 610 3237 capellano
625 3161 720 3221 lactas
736 3161 771 3220 in
787 3160 945 3236 praedicta
961 3159 1062 3220 sorsi-

265 3258 324 3317 tan
360 3257 493 3318 vacavit
521 3258 674 3330 ecclesia,
711 3256 813 3319 tuerit
850 3259 1058 3327 attentatum,

266 3369 366 3431 quam
388 3353 539 3414 volumus
565 3369 625 3431 per
648 3355 843 3416 executores
866 3355 971 3431 ipsius
997 3355 1060 3416 sihi

268 3452 466 3514 auctoritate
484 3453 598 3513 nostra
617 3451 773 3513 conferri.
787 3453 943 3515 volentes
959 3453 1061 3528 igitur

265 3549 438 3626 praemissa
480 3549 670 3611 firmitatem
711 3549 857 3612 debitam
897 3550 1057 3623 obtinere,

265 3646 518 3712 universitatem
546 3648 693 3710 vestram
724 3663 897 3710 monemus
934 3649 1060 3710 attente

264 3759 324 3824 per
337 3744 527 3822 Apostolica
539 3743 633 3808 vobis
646 3747 770 3823 scripta
783 3746 924 3808 tirmiter
939 3745 1061 3823 praeci·

263 3843 386 3920 plaudo
406 3843 613 3916 mandantes,
630 3846 794 3921 quatenus
820 3843 1060 3906 consuetudine

263 3941 318 4003 vel
333 3942 455 4004 statuto
469 3942 505 4002 in
521 3942 663 4004 ecclesia
675 3943 786 4003 restra
798 3942 988 4018 jnramento
1003 3941 1061 4002 ilr-

265 4039 391 4102 mitatis
417 4053 625 4117 nequaquam
650 4039 869 4111 obstantibus,
891 4039 1060 4116 presiste-

265 4153 340 4198 nem
351 4137 554 4214 hujusmodi,
571 4139 668 4214 prout
681 4138 731 4198 est
750 4151 945 4213 expressum
961 4153 1061 4214 supe·

264 4235 336 4296 rius
357 4234 598 4296 inviolabiliter
620 4235 813 4296 observetis.
831 4234 1061 4316 Alioquindi-

264 4332 361 4394 lectis
379 4333 496 4393 tiliis...
514 4331 725 4394 scolastico...
743 4332 1002 4409 poenitentiario,
1026 4333 1061 4394 et

265 4431 424 4507 magistro
460 4433 609 4492 Garnero
648 4431 810 4492 canonico
845 4429 1060 4492 ambianensi

264 4529 388 4590 nostris
403 4529 520 4590 damus
535 4527 655 4590 litteris
675 4527 709 4589 in
729 4529 905 4601 mandatis,
923 4530 959 4590 ut
973 4543 1061 4604 prae-

262 4627 368 4688 missa
388 4627 512 4698 omnia,
529 4625 659 4688 sublato
683 4626 918 4703 appellationis
942 4627 1060 4688 obsta-

265 4724 352 4796 culo,
381 4723 524 4786 fideliter
558 4725 794 4801 exsequantur,
833 4723 1059 4787 contradicto-

264 4837 332 4894 res,
356 4823 418 4883 etc.

305 4921 423 4982 Datum
451 4919 564 4990 Reate,
589 4921 652 4980 XII
676 4917 836 4980 kalendas
862 4919 1057 4993 decembris,

265 5033 354 5080 anno
378 5017 518 5080 decimo.

305 5115 377 5177 illis
401 5116 560 5193 scriptum
582 5114 633 5176 est
651 5117 726 5189 sere
742 5117 779 5174 m
798 5117 957 5176 eamdam
980 5129 1058 5177 nao-

178 5245 183 5256 =
265 5217 359 5286 dam,
375 5213 486 5276 verbis
503 5212 727 5289 competenter
741 5211 876 5274 mutatis
894 5227 1000 5290 usque
1023 5213 1059 5274 in

266 5310 376 5372 tinem.

884 360 1060 426 uonomr
1082 317 1130 423 111⁸
1147 363 1296 428 oram.

1853 373 1912 435 asc

1456 537 1565 626 LVll

1149 679 1209 740 ..td
1229 679 1418 740 Arsacidum
1439 683 1594 744 abbatem
1615 683 1649 742 at
1663 684 1874 745 corrosanum

1301 779 1508 840 monasterti
1527 783 1728 842 darmensis.

1370 909 1404 966 22
1421 909 1556 968 novemb
1579 910 1657 968 1225.

1119 1026 1267 1090 [beatorem
1279 1027 1386 1082 Charta‘s
1400 1037 1426 1082 et
1437 1031 1497 1083 lion
1506 1031 1541 1082 dr
1550 1033 1734 1092 saint-Pieria,
1743 1035 1801 1094 bid,
1812 1049 1837 1084 n.
1846 1035 1914 1100 tal]

1118 1153 1175 1210 Eos
1198 1153 1251 1211 sub
1276 1153 1352 1213 beati
1372 1157 1446 1215 Petri
1471 1165 1499 1216 et
1522 1174 1573 1216 sua
1600 1159 1776 1232 protectione
1796 1161 1916 1232 suscipit

1153 1249 1181 1299 et
1206 1244 1343 1388 eflcclcsias
1370 1245 1406 1306 de
1432 1249 1630 1320 Estgrenewiz
1653 1255 1681 1306 et
1703 1247 1740 1306 de
1760 1248 1915 1306 biveshenr

1153 1345 1207 1388 oon
1229 1340 1313 1390 rmat.

1158 1450 1325 1512 Honorius
1334 1451 1519 1530 episcopus,
1532 1470 1649 1516 servus
1660 1469 1833 1516 serrorum
1840 1455 1914 1528 Dei,

1118 1545 1247 1608 dilectis
1267 1547 1346 1609 liliis
1370 1547 1481 1612 abbati
1494 1551 1527 1612 et
1548 1551 1724 1614 conventui
1737 1553 1917 1614 monaste-

1118 1643 1162 1704 rii
1178 1645 1291 1706 Sancti
1300 1646 1391 1708 Petri
1407 1648 1751 1722 Gaudensis,salutem
1768 1650 1801 1710 et
1812 1653 1918 1726 Apos-

1116 1741 1251 1804 tolicam
1264 1742 1540 1807 benedictionem.

1158 1841 1377 1904 Sacrosancta
1392 1845 1543 1906 Romana
1560 1844 1708 1906 Ecclesia
1728 1844 1866 1906 devotos
1882 1849 1919 1907 et

1118 1935 1260 1999 humiles
1289 1939 1376 2001 filios
1405 1957 1447 2002 ex
1470 1942 1617 2004 assuetae
1644 1935 1780 2020 ¹pietatis
1802 1941 1917 2004 officio

1117 2036 1315 2114 propensius
1330 2037 1507 2114 diligenter
1518 2040 1703 2112 consuevit,
1721 2043 1764 2112 et,
1782 2056 1825 2100 ne
1840 2057 1919 2116 pra·

1116 2149 1233 2194 vorum
1268 2133 1440 2198 hominum
1468 2137 1631 2199 molestiis
1645 2139 1825 2214 agitentur,
1857 2153 1918 2198 eos

1117 2231 1273 2307 tanquam
1292 2234 1345 2310 pia
1359 2235 1465 2296 mater
1481 2251 1549 2296 suae
1563 2235 1779 2312 protectionis
1797 2236 1917 2296 mnni-

1117 2329 1918 2410 mineconfovere.liapropter,dilectiinDomino

1117 2427 1189 2496 tilii,
1226 2429 1346 2492 vestris
1369 2429 1470 2507 iustis
1504 2430 1783 2508 postulationibus
1815 2433 1918 2508 grato

1117 2528 1353 2588 concurrentes
1375 2544 1525 2600 assensu,
1539 2544 1700 2606 personas
1728 2531 1860 2591 restrae
1883 2527 1919 2590 et

1117 2623 1225 2684 locum
1241 2623 1275 2686 in
1292 2641 1356 2702 quo
1372 2625 1485 2688 divino
1503 2627 1582 2689 estIs
1602 2626 1759 2704 obsequio
1785 2627 1920 2688 manci-

1117 2722 1196 2798 pati,
1214 2737 1288 2782 cum
1307 2723 1459 2786 omnibus
1473 2722 1568 2786 honis
1578 2742 1652 2802 qum
1664 2725 1699 2784 in
1715 2726 1920 2804 praesentia-

1116 2835 1190 2880 rum
1212 2818 1457 2884 rationabiliter
1480 2821 1656 2899 possidetis
1679 2826 1737 2884 aut
1756 2823 1792 2884 in
1818 2821 1918 2884 sutu-

1116 2931 1190 2978 ram
1197 2917 1298 2994 justis
1312 2919 1429 2990 modiS,
1442 2921 1620 2998 praestante
1631 2922 1781 2992 Domino,
1792 2922 1920 2998 poteri-

1116 3013 1159 3074 tis
1175 3015 1327 3090 adipisci,
1346 3016 1407 3078 sub
1428 3017 1516 3080 beati
1537 3017 1627 3080 Petri
1648 3020 1680 3079 et
1699 3020 1811 3080 nostra
1835 3035 1919 3096 pro-

1116 3112 1259 3173 tectione
1283 3115 1498 3192 suscipimus;
1515 3115 1707 3192 specialiter
1729 3117 1843 3177 autem
1873 3117 1918 3178 de

1117 3211 1340 3285 Estgreuewiz
1356 3213 1388 3274 et
1409 3211 1449 3274 de
1467 3214 1643 3275 Liveslrem
1661 3213 1821 3275 ecclesias
1838 3230 1918 3276 cum

1115 3309 1327 3386 pertiuentiis
1347 3311 1429 3382 suis,
1449 3313 1536 3373 sicut
1558 3327 1616 3372 eas
1632 3313 1733 3389 juste,
1751 3313 1918 3374 canonice

1116 3421 1155 3466 ac
1170 3406 1307 3482 pacifice
1321 3408 1508 3485 possidetis
1525 3409 1621 3472 vohis
1634 3411 1667 3471 et
1681 3425 1741 3487 per
1753 3425 1814 3471 vos
1836 3426 1917 3471 rno-

1115 3505 1262 3566 nasterio
1278 3509 1389 3568 vestro
1412 3507 1611 3568 auctoritate
1628 3507 1866 3568 confirmamus
1884 3510 1919 3569 et

1115 3605 1290 3680 praesentis
1310 3603 1426 3680 scripti
1449 3604 1635 3682 patrocinio
1656 3605 1915 3666 communimus

1115 3700 1207 3762 Nulli
1223 3717 1301 3778 ergo
1317 3701 1451 3762 omnino
1466 3701 1639 3763 homiuum
1652 3702 1847 3764 liceathanc
1858 3719 1919 3780 pa·

1115 3799 1228 3874 ginam
1254 3799 1377 3861 nostrae
1399 3799 1615 3876 protectionis
1634 3800 1669 3861 et
1685 3801 1919 3862 confirmatio-

1115 3896 1168 3956 nis
1189 3895 1383 3973 intringere,
1401 3896 1454 3959 vel
1475 3897 1507 3960 ei
1527 3913 1613 3958 ausu
1635 3897 1816 3959 temerario
1837 3913 1918 3960 con·

1115 3993 1229 4056 traire.
1256 3995 1292 4056 Si
1315 3995 1390 4072 quis
1413 3997 1524 4056 autem
1547 3994 1610 4056 boc
1635 3995 1800 4057 attentare
1823 4012 1918 4074 prae-
2025 4015 2027 4020 ·

1115 4094 1294 4170 sumpserit
1317 4093 1580 4169 indignationem
1602 4093 1838 4170 omnipotentis
1851 4096 1915 4156 Dei

1116 4192 1148 4253 et
1175 4189 1347 4252 beatorum
1374 4191 1466 4252 Petri
1492 4194 1526 4252 et
1553 4190 1650 4252 Pauli
1677 4191 1916 4266 apostolorum

1116 4289 1188 4364 eius
1203 4303 1240 4349 se
1258 4289 1389 4350 noverit
1407 4289 1631 4352 incursurum.
1658 4289 1778 4350 Datum
1793 4291 1913 4366 Reate,

1115 4385 1145 4445 Χ
1159 4385 1321 4446 kalendas
1346 4385 1543 4460 decembris
1562 4385 1775 4464 pontificatus
1802 4388 1915 4450 nostri

1115 4497 1202 4544 anno
1216 4483 1355 4544 decime.

1444 4671 1575 4760 LVIII

1115 4823 1167 4881 Aat
1184 4823 1344 4894 priorem
1362 4822 1617 4897 capitalemque
1632 4821 1771 4883 saraciae
1781 4823 1914 4883 Marica

1154 4921 1198 4979 ad
1208 4919 1384 4990 Carceres,
1395 4921 1528 4980 ordinis
1539 4920 1658 4981 Sancti
1669 4920 1867 4996 Aagamta‘nt.

1375 5049 1410 5108 lo
1422 5048 1555 5108 novemb.
1573 5051 1651 5108 tiit.

1194 5171 1343 5236 mittarelli,
1354 5173 1449 5226 Annal.
1468 5173 1619 5234 Camaldul,
1633 5173 1676 5232 lv,
1688 5187 1748 5240 app.
1760 5172 1828 5236 tib]

1219 5288 1268 5344 liis
1281 5287 1430 5346 confirmat
1444 5289 1595 5347 ecclesiam
1610 5290 1639 5348 S.
1653 5287 1812 5346 llicbaelis.

1154 5415 1322 5475 Honorius
1333 5414 1824 5492 episcopus,serrusservorum
1833 5415 1907 5486 Dei,

1114 5510 1245 5574 dilectis
1258 5512 1374 5572 tiliis...
1398 5513 1503 5589 priori
1523 5514 1557 5574 et
1581 5511 1727 5588 capitulo
1743 5513 1777 5572 S.
1792 5513 1910 5575 Mariae

1114 5609 1155 5670 ad
1175 5611 1344 5683 Carceres,
1361 5609 1488 5670 ordInis
1510 5612 1623 5672 Sancti
1644 5609 1834 5686 Augustini,
1852 5625 1911 5671 sa-

1115 5707 1219 5769 lutem
1233 5708 1265 5769 et
1279 5708 1501 5784 Apostolicam
1516 5707 1791 5770 benedictionem.
