4168 6344
309 519 346 579 ⁷1
921 525 1097 590 noscitu
1120 527 1164 592 111
1186 524 1341 596 ornan.
1916 543 1959 602 τε

306 675 519 755 dulgendum,
545 684 581 744 ut
603 681 729 745 fructus
754 681 1002 759 beneficiorum,
1028 701 1102 764 quae
1157 693 1275 754 Datum
1293 695 1461 767 Laterani,
1483 695 1514 758 11
1534 694 1610 760 ldus
1629 697 1790 774 januarii,
1814 697 1955 778 pontili-

306 773 439 838 interim
465 778 501 838 ln
530 777 665 841 dioecesi
689 795 750 842 sua
778 797 900 845 vacare
925 773 1106 861 contigerit
1157 790 1368 854 catusnostri
1383 807 1471 856 euno
1487 797 1593 858 sexto.

306 871 370 934 sibi
385 874 484 937 liceat
497 875 632 938 biennio
647 879 802 951 retinere,
820 879 954 958 quidam
966 882 1104 958 Aposto·
1324 879 1328 886 '

306 970 379 1032 licre
401 975 518 1048 gratlae
543 975 766 1051 privilegium,
789 993 896 1052 usque
917 979 1100 1052 continere,
1440 1007 1443 1014 ¹

306 1083 407 1146 super
422 1086 487 1148 quo
500 1071 587 1132 idem
603 1073 778 1150 episcopus
792 1074 1102 1152 interpretationem
1458 1078 1652 1168 LXXXIX

305 1167 523 1242 apostolicam
557 1171 748 1246 postulavit.
781 1173 850 1233 Nos
880 1172 993 1248 igitur,
1023 1173 1100 1246 etc,

304 1280 413 1338 usque
440 1266 667 1343 reprobantes,
705 1268 856 1342 dicimus,
895 1271 980 1348 quod
1014 1287 1103 1348 prae-
1296 1346 1299 1354 ¹

304 1360 433 1435 bendee,
459 1365 534 1436 etc..
560 1379 667 1438 usque
691 1365 913 1428 continentur.
940 1369 1102 1441 Quocirca
1423 1361 1683 1436 ¹²llss¹¹³rli¹²²²

306 1459 499 1522 discretioni
527 1463 647 1523 vestrae
676 1478 735 1539 per
761 1465 951 1541 apostolica
977 1466 1100 1543 scripta
1181 1481 1302 1546 [aegest.
1315 1483 1358 1534 lib.
1371 1484 1413 1544 vl,
1428 1486 1503 1550 epist.
1517 1487 1570 1538 tos.
1582 1489 1640 1539 uss.
1653 1489 1929 1556 insonaturum]

305 1557 694 1670 mapdamus'WoeQ
709 1560 818 1671 ipsufn
832 1563 1025 1672 ⁶9i⁸⁰⁰pum
1045 1579 1103 1626 ⁰⁰¹
1156 1607 1292 1666 Concedit
1309 1616 1340 1666 ut
1357 1607 1457 1666 iratres
1471 1611 1673 1671 cluniacenses
1691 1614 1720 1670 in
1739 1627 1857 1672 causam
1876 1614 1956 1672 trabi

306 1670 442 1717 ⁰³⁸¹⁰¹¹⁰
466 1656 657 1733 hfflu⁸m⁰d¹
681 1673 748 1720 ¹¹⁰¹¹
775 1661 893 1768 ⁸¹ff¹³t¹⁸
921 1657 1009 1722 sacta
1037 1660 1101 1722 ⁸¹h¹
1190 1709 1249 1754 non
1268 1698 1380 1769 possint
1393 1710 1443 1770 per
1458 1699 1566 1758 litteras
1587 1702 1769 1774 apostolicas,
1783 1703 1838 1760 nlsi
1852 1702 1889 1760 de
1907 1717 1953 1760 or-

304 1754 413 1829 gralia
435 1753 638 1823 defraudari,
662 1756 922 1818 contradictores
941 1771 1001 1834 per
1022 1773 1102 1818 cen·
1190 1781 1258 1842 dine
1269 1785 1616 1862 Clunimnmpfflalem
1631 1788 1751 1848 iecerint
1764 1791 1952 1850 mendenen.

303 1864 418 1960 suram
437 1851 697 1912 ⁰⁰⁰¹⁰⁸ia⁸t³⁰³m
718 1852 941 1960 ³PP9¹¹³⁰⁰¹¹⁰
961 1843 1100 1932 ²⁰⁵²1'0‘
1195 1913 1362 1974 sonorius
1400 1915 1462 1976 ete.
1502 1915 1631 1978 tiresus
1665 1917 1744 1979 ultis
1778 1917 1891 1980 ainau
1919 1919 1955 1980 et

303 1949 368 2009 sua
382 1947 633 2023 compescendo.
650 1949 742 2020 Quod
761 1965 790 2010 sr
805 1965 873 2010 non
887 1965 1014 2022 omnes,
1036 1952 1098 2014 etc.
1155 2009 1334 2072 conventui
1349 1957 1540 2073 C’lunia’oem

302 2045 423 2204 aaz?
447 2046 615 2118 1⁴³²0ffl¹²¹¹
653 2047 697 2107 ΠΙ
723 2045 980 2124 musjanuaffl'
1004 2061 1100 2110 ’ωηο
1195 2107 1314 2168 Vestra
1327 2107 1423 2169 nobis
1436 2107 1815 2187 discretiosnpplicavil,
1829 2113 1953 2174 uicum

1176 1229 1228 1288 Ad
1238 1220 1394 1292 abbatem
1409 1229 1443 1292 et
1456 1233 1666 1294 concentum
1678 1235 1932 1299 cluniacenses.

1155 2203 1307 2266 nonnulli
1332 2205 1524 2284 frequenter
1551 2207 1586 2268 in
1621 2223 1757 2270 causam
1783 2209 1955 2272 malitiose

1155 2314 1214 2363 vos
1227 2301 1364 2364 trabant
1377 2317 1437 2380 per
1455 2303 1582 2366 litteras
1596 2305 1783 2381 generales,
1805 2305 1842 2368 ut
1861 2307 1912 2369 sic
1932 2323 1954 2370 a

584 2391 821 2481 LXXXVIII
883 2425 887 2432 ·
1153 2397 1248 2460 robis
1266 2413 1380 2460 eorum
1400 2401 1594 2463 vexationes
1613 2402 1865 2477 redimentibus,
1887 2405 1955 2465 ali·

305 2543 356 2604 Aa
375 2543 557 2618 officialem
576 2523 788 2618 Stephanum
806 2523 847 2606 de
861 2547 949 2605 Bria
968 2545 1002 2607 et
1018 2559 1099 2607 ma-
1154 2493 1233 2571 quid
1251 2496 1385 2560 valcant
1407 2499 1616 2575 extorquere,
1639 2499 1788 2574 ipsorum
1810 2500 1955 2564 malitiae

1154 2592 1290 2654 obviare
1318 2595 1515 2671 competenti
1547 2596 1695 2657 remedio
1722 2597 1952 2674 dignaremur.

330 2641 483 2718 mmm
496 2641 660 2702 lambam
674 2643 1068 2704 ⁰a⁷³⁰m⁰⁰⁸mudun⁶n‘
1155 2691 1223 2751 Nos
1242 2690 1346 2765 igitur
1364 2692 1467 2768 quieti
1488 2693 1607 2755 vestrae
1627 2695 1765 2769 paterna
1785 2694 1956 2758 sollicitu-

572 2771 741 2846 rajanuaru
757 2769 836 2830 ¹²²²·
1154 2787 1232 2848 dine
1258 2787 1432 2865 providere
1450 2789 1610 2862 volentes,
1631 2791 1831 2854 auctoritate
1855 2792 1954 2855 vobis

330 2896 449 2962 [aeaut.
462 2896 508 2948 lm.
519 2895 564 2958 vl,
573 2895 649 2962 epist.
662 2896 714 2947 tot.
726 2896 783 2946 uss.
797 2895 834 2948 ts
845 2897 921 2948 rorte
934 2895 969 2948 uu
980 2895 1074 2962 suut]
1154 2883 1367 2961 praesentium
1382 2885 1604 2962 indulgemus,
1621 2903 1665 2950 ne
1678 2903 1750 2961 vos,
1762 2889 1816 2951 vel
1830 2889 1954 2952 iratres

305 3021 422 3084 blandai
447 3022 489 3079 ela
520 3029 660 3094 quatenus
683 3020 818 3079 inducant
845 3020 978 3078 abbatem
1004 3021 1100 3079 Sancti
1153 2982 1256 3092 mm
1283 2981 1421 3094 “bifspet
1455 2987 1710 3094 ⁰⁰¹¹Jm⁰ra¹¹²⁶⁸³
1743 2987 1793 3095 5¹¹,
1814 3002 1954 3100 ⁰³⁰⁵?ss

310 3140 314 3148 .
339 3108 467 3168 pedm
484 3116 513 3166 et
529 3109 600 3166 allos
617 3109 749 3180 pfaepagos
768 3107 803 3164 „d
821 3107 1022 3180 proferendum
1040 3109 1096 3180 pfl,
1153 3078 1242 3140 trabi
1261 3081 1396 3154 possitis
1418 3096 1477 3157 per
1498 3081 1627 3144 ltlteras
1647 3083 1866 3159 Apostolrcas,
1885 3101 1954 3146 urst

336 3198 444 3270 vilegia
457 3196 559 3270 quibus
578 3209 595 3254 a
611 3195 810 3270 jurisdictione
826 3196 952 3268 episcopi
967 3195 1096 3254 Sum.
1154 3175 1194 3237 de
1216 3177 1331 3238 ordine
1346 3178 1556 3240 cluniacensi
1574 3178 1712 3241 fecerint
1735 3181 1951 3243 mentionem.

338 3285 436 3346 nensis
450 3301 482 3344 se
496 3293 644 3357 exemptos
659 3291 800 3342 asserunt.
1154 3274 1246 3334 Nulli
1260 3289 1351 3350 ergo,
1367 3275 1442 3348 etc,
1457 3277 1579 3338 uostrae
1591 3278 1818 3340 concessionis
1834 3279 1955 3341 inirin-

344 3411 524 3482 uonouus,
542 3411 617 3483 stc,
635 3409 765 3472 directis
780 3409 858 3469 run
874 3408 1009 3470 officiali
1025 3411 1101 3472 ste
1153 3385 1243 3480 3⁰¹1&
1265 3371 1388 3485 Siquis
1404 3375 1526 3482 antem,
1549 3374 1611 3483 ⁰²·
1637 3374 1755 3435 natum
1777 3375 1951 3486 Laterani,

1154 3469 1183 3527 ll
1208 3467 1282 3528 ulus
1300 3483 1462 3546 januarii,
1490 3469 1701 3548 pontificatus
1727 3473 1834 3534 nostri
1858 3487 1952 3536 nuno

303 3511 414 3590 pbano
428 3509 468 3571 de
480 3507 558 3570 Bria
570 3509 604 3570 et
618 3507 777 3582 magistro
792 3505 915 3569 Jacobo
928 3506 1099 3568 canonicis
1153 3565 1259 3626 sexto·

304 3609 500 3672 Laudunen.

343 3703 554 3768 Venerabilis
594 3701 698 3763 frater
734 3701 847 3763 noster
883 3700 1096 3763 suessionen.

301 3803 476 3881 episcopus
494 3799 591 3863 nobis
607 3814 774 3876 exponere
794 3799 996 3876 procuravit,
1012 3799 1098 3878 quod
1303 3799 1307 3806 '
1516 3833 1581 3922 XC

301 3900 405 3962 abbas
425 3897 538 3960 Sancti
559 3895 720 3968 Medendi,
744 3897 776 3957 et
797 3895 857 3957 alii
880 3897 1098 3958 ecclesiarum
1823 3955 1831 3970 ,

300 3995 433 4075 praelati
457 4011 525 4056 suae
550 3992 715 4066 dioecesis,
741 3993 798 4071 qui
823 3993 1097 4070 ajurisdictione
1152 3988 1204 4048 ad
1226 3989 1376 4048 Dercelt.
1395 3986 1601 4048 monasterti
1624 3987 1659 4048 el
1679 3991 1765 4050 Belli
1785 3991 1868 4050 Loci
1889 3993 1956 4052 olr-

301 4094 410 4171 ipsius
425 4092 580 4154 asserunt
597 4107 633 4152 se
645 4092 815 4167 exemptos
833 4092 1009 4152 occasione
1023 4091 1096 4168 pri·
1192 4084 1296 4156 botes,
1323 4083 1359 4144 et
1375 4085 1531 4156 pliorem
1554 4086 1705 4146 Derven-
1727 4087 1951 4161 mortuslem'i,
2066 4109 2068 4189 χ’

300 4191 512 4267 vilegiorum,
524 4203 597 4265 quae
617 4203 652 4248 se
668 4185 709 4248 ab
727 4187 917 4264 Apostolice
938 4187 1022 4250 Sede
1036 4189 1098 4250 ba·
1192 4181 1435 4244 cathalaunen.
1450 4181 1482 4241 et
1497 4183 1622 4242 tilbert.
1638 4183 1836 4245 dtoecesum.

300 4290 381 4351 bere
389 4288 588 4366 proponunt,
599 4280 713 4346 contra
722 4285 832 4362 ipsum
839 4286 872 4347 et
882 4287 1095 4348 suessionen.
1413 4310 1446 4366 lt
1459 4309 1583 4382 januarii
1598 4311 1678 4368 liii.

300 4387 477 4449 ecclesiam
495 4383 642 4460 graviter
654 4381 859 4444 insolescunt
876 4381 910 4445 et
923 4385 1097 4446 assumunt

299 4480 676 4563 frequenteraudaciam
690 4479 906 4556 malignandi,
921 4481 1096 4558 privilegia
1173 4436 1293 4500 [R⁰⁸⁹⁵‘''
1304 4433 1349 4484 ¹¹¹³·
1364 4433 1406 4491 w'
1422 4437 1496 4498 ΨΜ·
1509 4433 1561 4484 ¹⁵²
1573 4435 1630 4484 ⁸¹³³·
1647 4435 1683 4486 ¹⁴²
1698 4435 1776 4486 ²⁰²⁰
1786 4435 1820 4486 ‘¹¹¹
1831 4437 1929 4502 theu]

298 4585 374 4662 ipsa
400 4579 549 4643 nolentes
577 4577 613 4638 in
637 4576 781 4639 medium
805 4576 976 4640 exhihere,
1003 4579 1097 4641 Unde
1150 4558 1266 4619 blandat
1279 4565 1310 4616 ut
1325 4557 1430 4616 iaciant
1441 4557 1514 4614 solvi
1533 4557 1668 4630 episcopo
1682 4559 1807 4617 Tullensl
1823 4559 1860 4619 ad
1874 4563 1951 4621 rele-
2061 4539 2062 4570 ¹

1186 4648 1330 4708 vallonem
1344 4645 1473 4719 eiusdem
1486 4645 1626 4718 ecclesia,
1638 4648 1714 4704 mille
1728 4656 1757 4706 et
1772 4651 1953 4724 quingentas

298 4680 397 4744 nobis
411 4677 583 4740 humiliter
602 4675 812 4752 supplicavit,
834 4677 880 4748 ut,
902 4691 944 4737 ne
963 4677 1034 4754 ipse
1056 4678 1096 4740 de
1185 4735 1386 4809 mascusium
1401 4733 1476 4808 quod
1488 4741 1624 4794 statutum
1636 4733 1739 4795 suerat·

297 4775 533 4856 praedictorum
548 4771 761 4849 praelatorum
776 4773 985 4848 exemptione
999 4772 1097 4834 dubi-

297 4879 372 4937 tare
387 4871 526 4947 cogatur
540 4873 572 4930 el
590 4869 748 4930 intereos
766 4869 886 4930 exinde
905 4869 1094 4931 discordia·
1191 4869 1370 4940 Honorius,
1385 4867 1460 4939 etc„
1477 4867 1608 4928 dilectis
1622 4867 1702 4930 liliis
1717 4873 1862 4934 Derven.
1877 4889 1955 4936 mo-

298 4989 374 5035 rum
396 4968 551 5031 scintillae
571 4967 784 5036 suscitentur,
804 4965 979 5044 providere
996 4983 1096 5045 super
1150 4967 1289 5028 austerii
1313 4968 1346 5027 et
1365 4963 1449 5026 Belli
1473 4965 1553 5026 Loci
1580 4965 1755 5030 abbatibus
1782 4973 1817 5031 et
1842 4972 1952 5047 priori

298 5070 362 5132 boc
377 5067 417 5130 de
433 5064 638 5143 benignitate
654 5065 749 5126 Sedis
763 5065 961 5141 spostolicae
976 5065 1096 5140 digna·
1149 5069 1289 5126 Derven.
1299 5062 1504 5133 monasterii,
1514 5062 1754 5126 cathalaunen.
1769 5067 1804 5129 et
1815 5068 1950 5130 Tullen.
2053 5153 2054 5168 χ

297 5181 423 5230 remur.
438 5163 581 5240 Ideoque
591 5160 785 5223 discretioni
797 5162 915 5223 vestrm
926 5161 985 5239 per
994 5165 1096 5237 Apes·
1149 5162 1339 5223 dioecesum.

297 5265 399 5327 tolica
409 5263 534 5338 scripta
544 5258 751 5331 mandamus,
763 5261 926 5334 quatenus
940 5258 1094 5335 praelatos
1188 5261 1269 5319 Cum
1295 5257 1374 5319 olim
1400 5255 1497 5317 nobis
1522 5258 1610 5319 esset
1634 5257 1834 5334 intimatum,
1861 5265 1952 5340 quod
2051 5308 2052 5334 ,

298 5362 401 5440 ipsos,
424 5360 461 5422 ut
482 5357 669 5436 privilegia,
689 5355 808 5434 quibus
829 5373 866 5418 se
889 5373 910 5418 a
930 5355 1093 5434 jurisdic·
1148 5355 1277 5416 Tullen.
1311 5352 1452 5416 ecclesia
1494 5352 1699 5415 intolerabili
1735 5358 1954 5433 premebatur
2050 5369 2051 5412 l

295 5459 388 5522 tione
401 5455 573 5518 memorati
588 5453 735 5532 episcopi
750 5455 921 5530 exemptos
936 5468 1009 5513 esse
1022 5467 1096 5528 pro·
1148 5467 1250 5514 onere
1275 5451 1469 5521 debitorum,
1493 5463 1554 5511 nos
1577 5452 1786 5515 attendentes
1808 5455 1950 5532 dignum

296 5555 434 5636 ponunt,
462 5554 573 5616 cor‘nm
595 5551 689 5612 vobis
714 5551 901 5620 ostendant,
930 5550 1093 5610 moneatis
1148 5565 1222 5611 esse
1232 5551 1267 5610 ul
1277 5549 1312 5609 in
1323 5547 1532 5610 necessitatis
1542 5549 1685 5610 articulo
1696 5551 1845 5614 membra
1858 5571 1951 5618 com·
2047 5527 2049 5600 ,¹

297 5653 468 5724 attentius
499 5655 531 5713 et
557 5651 715 5710 inducere
743 5647 939 5725 procuretis,
966 5662 1024 5707 eos
1051 5646 1092 5706 ad
1148 5643 1431 5722 patianturcapitl
1452 5643 1602 5720 patienti,
1623 5645 1719 5706 vobis
1739 5647 1893 5711 dedimus
1913 5653 1950 5715 in

296 5750 341 5825 id,
359 5751 388 5813 si
404 5764 540 5812 necesse
560 5747 671 5818 luerit,
695 5745 903 5808 districtione
926 5759 991 5821 qua
1012 5759 1094 5806 con·
1147 5743 1323 5814 mandatis,
1345 5745 1381 5804 ut
1401 5741 1526 5802 clerum
1551 5741 1708 5814 civitatis,
1734 5745 1768 5806 et
1791 5745 1950 5812 dioecesis

296 5848 388 5912 venit
405 5844 643 5925 compellendo.
659 5843 750 5918 Quod
765 5843 793 5904 si
807 5857 874 5904 non
885 5855 1012 5912 omnes,
1029 5841 1091 5902 etc.
1147 5839 1275 5902 l'ullen.
1301 5839 1342 5900 ad
1365 5835 1639 5900 contribuendum
1668 5840 1761 5902 mille
1782 5843 1816 5905 et
1839 5847 1948 5921 quin·
2043 5919 2044 5946 ἢ
