4102 6322
303 397 344 462 ar
926 389 1103 478 aenean
1125 389 1170 452 ιιι
1191 389 1339 454 orrea.
1920 382 1976 444 ιι
2040 337 2041 340 ¹

304 551 508 625 subdiacono
535 547 719 617 memorato
755 545 814 630 (l).
845 547 960 628 Nuper
988 549 1100 622 autem
1153 561 1277 612 remur.
1306 545 1389 620 Quia
1415 559 1495 610 rere
1524 541 1593 630 [in]
1625 543 1811 609 intentione
1836 543 1973 606 nostra

303 650 421 719 eadem
458 651 502 714 M.
540 646 663 718 nobilis
702 637 885 719 humiliter.
900 645 1102 722 supplicavit
1156 643 1248 725 [aon]
1265 644 1386 716 extidt,
1408 645 1446 706 ut
1463 659 1523 722 per
1542 643 1791 708 innovationem
1811 642 1976 720 praedic·-

304 749 352 820 ut,
377 763 451 810 cum
478 761 497 810 a
520 748 557 808 Β.
577 743 768 822 supradicto
790 742 991 814 discesserit,
1012 745 1045 804 et
1059 742 1100 804 ad
1155 745 1221 808 tam
1246 743 1464 818 derogaretur
1483 742 1554 820 juri
1574 741 1726 804 ecclesiae
1746 742 1969 810 memoratae,

306 827 383 908 eum
393 859 561 921 nunquam
577 829 699 907 babeat
710 841 915 919 propositum
926 839 1098 912 redeundi,
1156 855 1256 918 quum
1280 839 1452 902 innovatio
1477 842 1615 918 noejus
1641 855 1767 901 novum
1790 837 1970 900 conterat.
2042 919 2043 930 ἵ

303 941 412 1022 ipsam
426 958 446 1007 a
461 941 601 1020 praefata
625 939 790 1004 sententia
815 954 913 1016 quam
928 953 964 1000 se
983 937 1101 999 incur·
1156 953 1217 1011 nec
1237 938 1338 1000 etiam
1361 937 1458 1002 tollat
1475 937 1583 1010 vetus,
1604 938 1639 1000 te
1657 937 1693 999 in
1711 951 1751 999 eo
1770 936 1860 998 statu
1879 950 1971 996 esse

304 1039 391 1102 risse
411 1039 578 1111 formidat,
595 1037 780 1100 faceremus
796 1035 935 1100 absolvi.
959 1036 1101 1112 Ideoque
1156 1033 1321 1108 volumus,
1334 1036 1369 1096 in
1388 1051 1465 1112 quo,
1482 1036 1631 1113 tempore
1649 1034 1838 1114 impetratae
1856 1035 1974 1094 inuo-

303 1138 502 1202 discretioni
525 1137 645 1202 vestrae
669 1152 730 1213 per
757 1133 949 1212 apostolica
977 1134 1102 1212 scripta
1155 1134 1301 1196 vationis
1342 1133 1549 1210 dignosceris
1585 1133 1749 1195 extitisse.
1791 1132 1970 1194 caeterum

303 1236 517 1314 mandamus,
556 1236 719 1312 quatenus
747 1233 855 1312 ipsam
886 1248 906 1299 a
938 1231 1102 1295 sententia
1156 1231 1652 1310 nullumperbocintendimus
1663 1229 1970 1308 jurialiaseidem

301 1333 496 1412 hujusmodi
510 1331 702 1403 absolvatis,
724 1328 1103 1408 injunctoeiquodvide·
1156 1331 1359 1402 monasterio
1384 1329 1584 1407 competenti
1605 1328 1837 1408 praejudicium
1852 1343 1970 1404 gene-

302 1431 379 1494 ritis
392 1429 644 1509 injungendum.
662 1427 754 1501 Quod
768 1428 798 1490 si
813 1443 880 1490 non
896 1441 1022 1496 omnes,
1036 1427 1100 1488 etc.
1156 1430 1239 1492 rari.
1260 1429 1378 1492 Datum
1399 1429 1569 1500 Laterani,
1589 1430 1649 1490 XV
1665 1427 1800 1489 kalend.
1823 1425 1971 1488 decem-

305 1529 426 1603 Datum
441 1527 609 1606 Laterani,
630 1527 706 1604 XXI¹
720 1525 788 1597 kal.
807 1523 992 1601 decembris
1013 1538 1103 1588 anuo
1135 1543 1136 1546 ¹
1156 1525 1238 1600 bris,
1254 1525 1466 1611 pontificatus
1480 1525 1588 1588 nostri
1603 1540 1691 1587 anno
1707 1525 1813 1586 sexto.

303 1625 416 1706 sexto,
1197 1660 1374 1733 Scriptum
1390 1661 1442 1722 cst
1460 1675 1568 1734 super
1581 1665 1644 1723 boc
1662 1662 1792 1722 eisdem
1806 1661 1845 1720 te
1859 1671 1967 1719 euna-

1158 1761 1237 1820 dem
1257 1761 1332 1834 scre
1350 1761 1490 1820 modam
1514 1759 1669 1836 utsupra
1690 1771 1798 1832 usque
1818 1756 1967 1832 dignos-

643 1835 770 1924 ΧΧΧΙ
1159 1857 1255 1928 citur,
1283 1857 1447 1918 extitisse.
1473 1859 1520 1917 Ea
1554 1856 1690 1933 propter
1717 1855 1872 1917 volumus
1897 1868 1968 1931 per

445 1979 498 2041 Aa
512 1981 736 2054 Bajooemem
751 1981 959 2054 epmopum·
1159 1953 1335 2030 praedictas
1351 1953 1480 2015 litteras
1495 1953 1536 2014 ad
1553 1970 1613 2016 vos
1628 1953 1671 2014 ab
1690 1952 1810 2015 abbate
1825 1967 1865 2014 ac
1880 1967 1964 2012 mo-

1159 2051 1276 2116 nacbis
1302 2051 1497 2129 impetratas
1521 2052 1665 2129 aliquem
1681 2051 1721 2112 de
1747 2053 1869 2113 caetero
1895 2049 1966 2110 ba-

567 2111 599 2168 ¹⁷
614 2110 748 2167 ¹¹⁰v⁰¹¹¹b‘
767 2109 844 2168 ¹²²¹·
1159 2148 1231 2210 beri
1244 2163 1448 2226 processum,
1463 2151 1497 2212 et
1509 2149 1635 2226 siquod
1649 2165 1765 2210 eorum
1778 2149 1964 2210 occasione

331 2235 454 2302 [Etim-¹
467 2233 512 2286 ω’·
525 2233 569 2296 Vl·
585 2233 658 2298 epist.
669 2233 710 2284 ⁶⁹·
724 2235 781 2284 ³¹⁸⁸·
797 2234 835 2284 ¹¹²
848 2233 924 2282 ¹³⁰f²⁰
938 2232 972 2284 ‘¹³
987 2229 1081 2298 root]
1160 2246 1282 2308 lactum
1291 2248 1383 2309 estin
1394 2248 1541 2324 ejusdem
1552 2247 1699 2324 episcopi
1711 2247 1960 2323 praeiudicium,

343 2359 495 2418 innovatio
508 2372 563 2415 neo
576 2357 624 2432 jos
638 2371 744 2414 novum
757 2356 895 2428 conterat,
911 2371 966 2415 nec
980 2357 1067 2416 etiam
1160 2345 1201 2406 ad
1221 2345 1343 2406 statum
1363 2345 1543 2422 pristinum
1564 2359 1771 2406 revocamus.
1794 2345 1962 2405 ceterum

616 2447 803 2505 tollatvetus.
1160 2443 1287 2504 nullum
1314 2459 1373 2521 per
1402 2443 1475 2516 boc,
1501 2445 1563 2505 etc.
1596 2444 1898 2519 resupinusque
1923 2445 1964 2502 in

329 2564 528 2634 'Honorius
544 2565 620 2636 ete,
638 2563 824 2626 venerabili
839 2563 935 2626 fratri
950 2563 1104 2641 episcopo
1159 2543 1276 2614 finem·

308 2662 497 2740 Bajocensi.

350 2759 620 2838 supplicantum
642 2757 738 2820 nouis
763 2759 842 2820 onm
871 2759 1002 2822 aruceus
1028 2758 1105 2820 nilis
1484 2734 1630 2828 XXXII

306 2857 429 2920 abbate
448 2871 487 2918 ac
502 2858 668 2919 conventu
687 2857 881 2919 monasterii
898 2857 1011 2918 Sancti
1027 2858 1106 2918 Ste-
1161 2889 1962 2964 Adffwdemmssomammimperatorem·

310 2955 415 3034 phani
431 2955 629 3026 (indumen,
646 2955 809 3032 quoddam
823 2955 982 3032 scriptum
1000 2955 1035 3016 in
1049 2971 1106 3017 re·

307 3055 404 3129 gesto
419 3053 514 3115 bonae
527 3053 695 3114 memoriae
710 3052 893 3114 Alexandri
908 3069 1002 3130 papae
1014 3053 1105 3115 tertii
1419 3021 1453 3079 ¹⁰
1465 3021 1598 3080 memb·
1616 3022 1696 3080 ¹²²¹·

310 3150 567 3228 praedecessol'is
580 3151 685 3210 nostri
701 3152 868 3226 repertum
883 3150 1038 3210 duximus
1053 3151 1107 3210 in.
1163 3147 1444 3212 [llnillerd-Brdbolles,
1457 3146 1521 3196 llist.
1537 3147 1612 3211 dipl,
1625 3147 1657 3202 ll,
1673 3147 1734 3207 mm
1750 3146 1878 3216 Raynald,
1892 3147 1963 3197 Ano.

310 3246 513 3318 novandum,
543 3245 728 3308 venerabili
756 3244 852 3308 fratri
883 3247 996 3307 nostro
1018 3248 1108 3322 epis·
1430 3227 1517 3278 Μ’·
1532 3227 1686 3291 ¹²²¹·⁵¹⁸·]

310 3357 406 3421 copo,
419 3344 452 3404 et
461 3342 591 3405 dilectis
602 3343 681 3404 dliis
692 3342 818 3405 decano
829 3344 1022 3415 lexovien„
1035 3344 1105 3405 et...
1163 3341 1313 3400 l'rederlco
1326 3344 1490 3416 imperatori
1501 3341 1643 3401 infelicem
1657 3343 1799 3401 exereitus
1808 3341 1965 3400 christiani

312 3440 418 3519 priori
441 3441 570 3502 Sanctae
598 3439 755 3502 Barbarae
781 3439 997 3502 Lexoviensis
1022 3441 1107 3502 dioe-
1195 3445 1295 3488 fliium
1306 3431 1467 3505 eillmbl'ib
1480 3447 1564 3505 (luem
1578 3432 1617 3489 illi
1631 3431 1712 3489 multi
1724 3433 1874 3502 imbutam·
1885 3433 1963 3488 1¹⁰¹·-

312 3539 399 3600 cesis
413 3538 536 3600 nostris
553 3537 672 3599 dantes
690 3537 811 3599 litteris
827 3538 862 3598 in
879 3537 1055 3610 mandatis,
1071 3539 1108 3601 nt
1164 3573 1168 3578 =
1198 3526 1349 3623 muitum
1365 3519 1487 3622 tibine
1498 3521 1738 3594 vituperationem
1750 3521 1918 3578 ⁰⁰l⁸fflD⁰⁰
1934 3527 1965 3577 ⁰¹

310 3635 445 3698 eosdem
458 3634 610 3697 abbatem
625 3635 658 3697 et
675 3639 873 3696 conventum
890 3651 956 3696 non
971 3635 1109 3712 permit·
1197 3608 1361 3668 ¹¹⁰¹¹¹¹¹¹¹b¹¹⁸
1375 3609 1549 3666 mmmm·

313 3734 424 3796 terent
444 3733 560 3796 contra
577 3732 725 3812 ejusdem
747 3732 863 3809 scripti
883 3733 1032 3795 tenorem
1054 3735 1107 3795 te·
1202 3735 1370 3798 Honorius
1379 3737 1566 3815 episcopus,
1577 3751 1694 3798 servus
1704 3751 1877 3800 servorum
1887 3735 1961 3804 liei,

312 3848 404 3894 mere
425 3831 607 3903 molestari,
626 3830 856 3892 molestatores
872 3830 1036 3893 indebitos
1050 3846 1109 3908 per
1163 3834 1282 3896 dilecto
1304 3834 1373 3896 illio
1399 3834 1588 3907 Frederico,
1608 3832 1801 3902 salutemet
1822 3834 1961 3912 aposto-

312 3944 489 3990 censuram
503 3929 764 3991 ecclesiasticam
779 3928 1002 4007 appellatione
1015 3931 1108 4008 post·
1164 3932 1263 3994 licam
1275 3930 1552 3994 benedictionem.

313 4025 422 4104 posita
435 4027 692 4102 compescentes.
715 4030 802 4087 Sane
821 4028 868 4098 tu,
885 4028 1021 4103 propter
1034 4027 1107 4094 boc,
1203 4031 1346 4090 Moerore
1361 4027 1477 4107 plenas
1492 4028 1553 4090 tibi
1573 4029 1724 4106 cogimur
1739 4029 1868 4092 litteras
1886 4027 1965 4089 des-

310 4124 355 4186 ad
374 4123 598 4202 Apostolicam
619 4125 736 4186 Sedem
755 4123 917 4185 accedens
937 4123 973 4185 in
995 4124 1109 4186 nostra
1164 4127 1283 4198 tiuare,
1296 4127 1374 4204 quia
1386 4127 1533 4188 nostram
1547 4126 1693 4188 animam
1709 4125 1823 4188 acerbi
1836 4125 1964 4188 doloris

311 4221 545 4299 conquerendo
565 4221 769 4299 proposuisti
787 4221 966 4298 praesentia
986 4221 1106 4284 consti·
1164 4223 1294 4299 gladius
1314 4223 1542 4299 pertransivit,
1568 4225 1601 4286 et
1620 4224 1729 4288 adbuc
1753 4224 1964 4286 incessanter

311 4319 415 4392 tutus,
434 4318 521 4396 quod
538 4319 625 4379 idem
645 4317 759 4390 abbas,
781 4318 814 4379 et
833 4318 1015 4378 conventus
1034 4318 1110 4379 nul·
1165 4319 1372 4382 concidimur
1381 4320 1519 4382 vulnere
1528 4337 1629 4398 super
1637 4321 1768 4385 vulnus.
1780 4323 1859 4382 Cum
1869 4321 1961 4381 enim

312 4415 382 4478 lum
402 4416 615 4496 privilegium
634 4415 798 4476 libertatis
818 4415 871 4476 vel
890 4415 1110 4492 exemptionis
1165 4416 1573 4480 debiliscasnsexercitus
1585 4419 1761 4480 christiani
1773 4434 1833 4479 nos
1846 4418 1962 4479 dolore

312 4512 490 4590 habebant,
519 4515 585 4588 cui,
616 4514 647 4574 si
677 4513 777 4574 etiam
801 4511 1007 4584 habuissent,
1036 4529 1110 4574 cum
1164 4515 1368 4576 intolerabili
1398 4515 1617 4591 sauciaverit,
1653 4516 1865 4592 deplorantes
1893 4531 1962 4576 non

313 4611 389 4686 boc,
411 4614 446 4674 ut
467 4611 611 4684 dicebas,
629 4609 850 4690 quadraginta
868 4610 966 4670 annis
988 4611 1021 4672 et
1039 4626 1110 4670 am·
1164 4615 1232 4676 tam
1247 4612 1379 4674 labores
1392 4614 1425 4675 et
1440 4616 1591 4690 sumptus
1606 4629 1688 4691 quos
1700 4617 1770 4689 jam
1787 4629 1847 4690 per
1861 4611 1963 4691 quin-

314 4708 403 4786 plius
422 4709 476 4769 usi
495 4726 562 4772 non
584 4709 718 4782 suerint,
731 4708 889 4770 extiterat
903 4707 1109 4782 derogatum,
1166 4725 1228 4788 que
1259 4725 1364 4771 annos
1385 4710 1614 4772 indesinenter
1634 4711 1832 4788 pertulimus
1854 4725 1961 4788 quos-

315 4797 373 4867 sed
393 4805 457 4883 ipsi
478 4807 653 4868 occasione
673 4805 899 4868 innovationis
921 4803 1110 4880 hujusmodi
1166 4825 1229 4886 que
1245 4808 1449 4870 christianus
1474 4809 1626 4886 populus,
1651 4809 1686 4869 in
1707 4808 1808 4870 rebus
1830 4809 1864 4869 et
1883 4823 1963 4884 per-

315 4902 350 4964 in
374 4902 569 4981 quibusdam
599 4919 635 4964 se
661 4904 702 4964 ab
729 4901 910 4981 episcopali
931 4904 1009 4980 jure
1032 4901 1111 4962 sub-
1166 4907 1258 4969 sonis
1285 4906 1397 4978 subiit,
1423 4921 1497 4968 esse
1521 4921 1658 4983 prorsus
1682 4907 1836 4974 amissos,
1862 4919 1961 4983 quam

313 4995 449 5063 trabere
464 5000 665 5075 nitebantur,
682 5015 722 5062 ac
737 5001 786 5061 eis
804 4999 1000 5079 quibusdam
1016 4999 1111 5080 quasi
1167 5003 1393 5066 contusionem
1417 5003 1592 5065 christiani
1613 5004 1769 5076 nominis,
1796 5004 1830 5065 et
1854 5003 1960 5081 ipsius

314 5099 559 5180 possessionem
575 5098 662 5175 juris
680 5097 786 5174 ipsius
805 5097 951 5160 indebite
973 5100 1110 5176 portur·
1166 5103 1327 5179 injuriam
1346 5104 1426 5163 Jesu
1444 5101 1568 5162 Christi
1587 5102 1655 5178 qui,
1669 5103 1816 5179 peccatis
1837 5101 1960 5163 nostris

315 5197 449 5260 babent.
467 5196 560 5258 Unde
579 5195 727 5274 petebas,
745 5196 781 5259 ut
799 5210 841 5256 ne
861 5195 946 5258 torte
965 5197 1005 5257 de
1025 5195 1111 5258 lacte
1167 5199 1390 5276 exigentibus,
1404 5198 1664 5276 blasphematur,
1680 5215 1758 5262 ecce
1777 5200 1854 5261 novi
1867 5199 1961 5260 dolo-

317 5297 403 5376 quod
417 5295 458 5358 ad
472 5295 661 5374 opinionem
678 5292 849 5354 bominum
863 5292 939 5354 laedi
955 5295 1110 5370 Bajocen.
1166 5297 1365 5378 ris,vulnere
1376 5296 1577 5370 sauciamur,
1592 5296 1757 5358 clamante
1772 5298 1888 5359 contra
1901 5311 1960 5356 nos

316 5394 467 5456 ecclesiae
478 5393 609 5472 justitia
624 5391 805 5464 videretur,
822 5389 998 5470 providere
1013 5407 1112 5468 super
1168 5395 1323 5456 universo
1335 5394 1457 5472 populo
1468 5394 1664 5468 christiano,
1678 5395 1713 5456 et
1724 5393 1819 5456 nobis
1830 5394 1960 5454 ruinam

316 5492 380 5554 boc
394 5492 435 5553 de
456 5491 598 5570 quadam
613 5488 752 5552 cautelae
770 5487 974 5550 abundantia
993 5487 1113 5564 digna·
1168 5491 1298 5570 praesati
1313 5491 1481 5566 exercitus
1494 5491 1678 5568 imputante
1693 5507 1733 5554 ac
1748 5489 1891 5568 publicis
1905 5491 1960 5550 im-

352 5641 395 5717 (l)
420 5643 488 5701 liolc
511 5641 593 5700 ende
621 5647 687 5698 sunt
712 5639 831 5698 llonorii
854 5639 954 5697 littere
975 5636 1114 5696 advorsus
1167 5647 1243 5707 telae,
1259 5640 1307 5697 lib.
1325 5639 1469 5713 lll,rpist.
1487 5639 1553 5707 ccl,
1573 5637 1628 5696 col.
1644 5637 1862 5698 illudendum
1883 5639 1958 5706 lilii,

318 5713 471 5772 burchardi
484 5655 520 5772 ἕο
537 5713 659 5772 avesnis
669 5710 882 5770 matrimonium
897 5710 1028 5782 superios
1038 5711 1111 5764 reci·
1167 5712 1203 5769 at
1220 5713 1325 5782 aprilis.
