4036 6330
742 399 1153 460 immmmAE.mnrm
1196 435 1201 446 -

404 563 620 653 LXXXVII
1264 567 1458 656 LXXXIX

216 717 267 776 Ad
281 717 477 790 episcopum
487 717 808 780 cathalaunensem.
1064 713 1423 784 dearchiepiscopare
1443 715 1657 775 Rementem·

371 845 407 903 25
426 845 558 904 februarii
575 849 652 906 itit.
1223 841 1257 898 25
1272 841 1405 899 februarii
1425 843 1500 901 late.

148 969 462 1036 [auscultantes.
474 969 596 1020 raauss.
608 971 877 1038 carucatarum]
988 955 1107 1019 itemst-2
1121 953 1166 1005 nu.
1179 955 1222 1014 lx,
1232 956 1307 1020 epist.
1320 957 1373 1007 ¹9²·
1384 957 1442 1008 uss.
1454 961 1491 1010 na
1503 959 1577 1009 rona
1590 958 1625 1010 du
1639 959 1732 1026 mun]

117 1096 152 1152 Ut
163 1095 317 1152 canonicos
330 1097 442 1156 sanem
457 1097 554 1154 Mfflae
568 1095 604 1154 de
619 1097 744 1155 piniaco
762 1097 797 1154 ad
812 1111 910 1156 mm
963 1071 1083 1128 Litteras
1103 1071 1292 1144 Apostolicas,
1308 1073 1410 1145 quibus
1426 1075 1650 1133 nominationem
1663 1075 1699 1133 ad
1713 1091 1758 1133 ar·

306 1182 421 1242 ordines
436 1182 720 1258 recipiendomgat·
998 1157 1199 1217 chidiaoonum
1228 1161 1485 1219 Catbalaunensem
1518 1163 1574 1234 ipsi
1604 1163 1758 1235 detulerat,

597 1311 629 1322 „
744 1309 750 1322 ,
998 1255 1122 1317 revocat,
1138 1263 1202 1305 eum
1216 1249 1263 1321 jus
1278 1249 1445 1306 nominandi
1468 1249 1503 1307 ad
1519 1251 1685 1324 episcopum
1703 1254 1757 1312 Ca-

157 1309 334 1382 Honorius,
357 1312 432 1382 etc..
449 1309 632 1372 venerabili
657 1309 752 1371 fratrr
764 1353 824 1381 .....
841 1312 907 1370 Ga·
996 1333 1217 1394 thapflunensem
1232 1345 1349 1410 spectet.

116 1407 329 1468 thalauneusi
353 1408 524 1484 epIscopo,
551 1407 691 1469 salutern
715 1408 748 1468 et
766 1409 909 1484 Aposto-

115 1503 214 1564 licam
229 1503 504 1568 benedictionem.
835 1499 839 1506 “

154 1601 273 1664 Dilecti
295 1603 356 1662 filii
373 1604 554 1679 capitulum
577 1605 706 1664 Sanctae
728 1602 844 1664 Marias
868 1601 908 1664 do

115 1698 262 1760 vitriaco
286 1699 380 1760 nobis
405 1700 576 1762 humiliter
604 1700 843 1777 supplicarunt,
872 1702 908 1762 nt

115 1811 188 1856 cum
202 1796 399 1873 quibusdam
422 1798 463 1858 de
482 1799 555 1874 ipso
580 1799 726 1875 capitulo
747 1813 908 1858 recusan-

114 1892 200 1954 tibus
223 1894 265 1954 ad
288 1911 401 1956 sacros
425 1895 559 1956 ordines
574 1896 774 1973 promoveri,
792 1911 906 1957 eorum

114 1991 256 2052 ecclesia
286 2007 346 2069 per
368 1993 431 2054 hoc
455 1991 645 2070 frequenter
666 1992 786 2054 debitis
810 1993 908 2056 ohse-

114 2088 200 2164 quiis
225 2088 449 2161 defraudetur,
464 2105 564 2167 super
590 2091 652 2152 hoc
676 2091 814 2167 paterna
830 2091 906 2168 dig-

114 2201 272 2246 naremur
286 2187 511 2250 sollicitudine
531 2189 716 2265 providere.
733 2190 814 2250 Cum
826 2205 905 2266 ergo

113 2283 176 2344 loci
203 2284 413 2346 dioecesanus
439 2286 585 2358 existas,
613 2287 814 2349 fraternitati
840 2286 905 2348 tuae

113 2381 727 2459 perAp⁰⁵t⁰li⁰³scriptamandamus’
743 2386 905 2461 ‘luamus
959 2430 1148 2507 Apostolioa
1173 2429 1296 2506 scripta
1320 2429 1515 2490 mandamns
1551 2431 1713 2507 quatenus
1729 2431 1758 2490 si

112 2479 219 2555 ipsius
234 2480 298 2541 loci
314 2483 505 2553 canonicos
521 2482 557 2542 ut
571 2482 706 2542 ordines
723 2481 788 2542 sibi
810 2499 904 2544 com·
960 2525 975 2586 s
1525 2474 1533 2502 '

344 2578 384 2592 ..
603 2579 662 2594 ..
799 2581 805 2594 .
877 2582 883 2593 .
973 2527 1755 2604 ortenonduminexecutionemandatiApos-

111 2579 261 2652 petentes
283 2580 458 2656 recipiant,
481 2581 580 2655 prout
601 2597 665 2656 rpsr
687 2580 838 2644 ecclesiae
852 2598 906 2642 vr-

112 2673 244 2735 debitur
258 2675 428 2752 expedire,
442 2677 625 2737 monitione
644 2678 828 2753 praemtssa,
846 2693 906 2754 per

112 2771 901 2851 subtractionembeneficiorumipsiusecclesiae,

111 2869 240 2932 sublato
255 2870 487 2949 appellationis
501 2872 747 2949 impedimento,
763 2873 905 2949 compel-

110 2966 171 3027 las.
205 2968 325 3028 Datum
351 2969 518 3041 Laterani,
541 2971 570 3030 V
594 2967 754 3029 kalendas
778 2969 900 3042 martii,

110 3079 198 3126 anno
214 3081 314 3127 nono.

1002 1454 1178 1532 Honorius,
1195 1455 1271 1525 eto,
1291 1452 1475 1517 venerabili
1489 1455 1627 1517 fratri...
1653 1456 1760 1519 archi-

962 1549 1117 1627 episcopo
1141 1552 1309 1624 Remensi,
1327 1551 1479 1624 salutem,
1500 1555 1563 1613 etc.

1003 1649 1083 1707 (lum
1099 1648 1186 1710 sicut
1197 1649 1381 1710 venerabili
1395 1647 1498 1711 fratre
1513 1652 1678 1711 nostro...
1696 1650 1760 1713 Ca-

961 1743 1175 1806 thalaunensi
1200 1745 1356 1823 episcopo
1380 1745 1569 1822 accepimus
1584 1747 1759 1809 intimante

962 1939 1076 2000 nensis
1101 1940 1141 2000 ad
1164 1942 1197 2001 te
1212 1939 1343 2003 nostras
1358 1940 1486 2002 litteras
1503 1941 1704 2018 impetravit,
1721 1943 1758 2004 ut

961 2036 1002 2098 ad
1022 2037 1161 2098 liberam
1177 2038 1437 2116 resignationem
1461 2020 1566 2116 ip'sIus
1591 2040 1761 2102 archidia-

961 2138 1115 2197 conatum
1129 2153 1237 2207 suum,
1255 2140 1351 2213 cujus
1365 2136 1498 2198 collatio
1513 2137 1554 2197 ad
1566 2139 1758 2214 episcopum

960 2234 1083 2296 dictum
1105 2234 1255 2296 noscitur
1269 2233 1447 2310 pertinere,
1460 2249 1612 2310 personae
1627 2235 1757 2297 idoneae

958 2623 1051 2684 tolici
1073 2623 1284 2700 processisti,
1315 2621 1454 2684 ulterius
1483 2638 1550 2683 non
1577 2623 1755 2700 procedas,

958 2721 1142 2797 praesertim
1158 2736 1232 2781 oum
1253 2719 1360 2782 dictus
1375 2719 1550 2797 episcopus
1573 2719 1605 2780 id
1626 2721 1755 2782 asserat

958 2817 993 2877 iu
1021 2831 1116 2878 sunm
1143 2817 1373 2894 praejudicium
1398 2817 1597 2888 redundare,
1624 2833 1663 2877 ac
1690 2833 1752 2878 nos
1797 2836 1801 2844 ·

958 2915 1058 2975 etiam
1083 2931 1151 2974 non
1172 2914 1345 2975 credamus
1369 2913 1557 2991 hujusmodi
1584 2914 1755 2976 litterasa

959 3011 1042 3072 Sede
1052 3009 1242 3087 Apostolioa
1253 3025 1439 3088 emanasse.
1452 3012 1571 3075 Datum
1583 3012 1752 3084 Laterani,

957 3109 1156 3170 Vltalendas
1171 3108 1294 3180 martii,
1309 3123 1397 3169 anno
1412 3122 1513 3170 nono.

389 3235 623 3323 LXXXVIII

111 3387 160 3446 Ad
180 3386 423 3462 strffraacneos
443 3388 726 3465 Rotbomaqensts
741 3392 859 3452 coctast
892 3433 899 3450 .

362 3518 398 3575 25
416 3516 549 3576 februarii
571 3520 648 3578 1225.

139 3639 261 3704 [negem
271 3639 306 3690 lib
316 3641 361 3702 tx,
374 3641 448 3706 epist.
460 3643 515 3691 lttl.
525 3643 583 3692 ltss.
596 3644 632 3694 La
643 3645 718 3694 Porta
728 3643 762 3694 dn
776 3645 869 3710 rhem]

1203 3701 1239 3758 25
1253 3699 1385 3757 februarii
1400 3699 1479 3756 litt.

109 3755 552 3918 Αξῇῗὲῗ“ῗζξ3ἶεῇξέξὲ“ᾞυέἓὶ
570 3757 900 3922 ὃζῗέιπθρὲξίῗξὲρὲᾞ
971 3815 1090 3880 magar..
1112 3815 1157 3866 nn.
1169 3815 1214 3878 rx,
1225 3815 1299 3879 epist.
1317 3813 1370 3864 rra.
1391 3815 1447 3863 uss.
1462 3813 1498 3864 na
1514 3815 1591 3864 rore
1604 3813 1638 3863 ru
1655 3813 1749 3880 rnatu]

141 3931 341 4006 thomageusis
359 3934 388 3990 in
408 3933 580 3992 monasterr'a
597 3935 666 4007 ipsis
680 3935 807 4008 subjecta
823 3937 899 3996 ordi·
1114 3933 1148 3988 Ei
1162 3929 1310 3988 facultates
1325 3930 1435 4004 aliquas
1449 3929 1589 3988 concedit.

142 4021 673 4118 ΝΜιθῧῆἰωθωθῧῧθᾱθθιπθῑ·
996 4057 1174 4126 Honorius,
1196 4058 1272 4127 etc,
1299 4039 1427 4117 ¹dilecto
1452 4055 1520 4116 iilic
1552 4057 1604 4126 tt,
1637 4054 1750 4117 sancti

145 4148 325 4218 Honorius,
356 4150 431 4221 etc,
459 4149 705 4213 venerabilibus
741 4152 899 4214 fratribus
954 4155 1073 4230 Angeli
1090 4154 1230 4215 diacono
1244 4152 1418 4224 cardinali,
1434 4151 1635 4229 Apostolicae
1656 4151 1750 4214 Sedis

108 4244 330 4321 suffraganeis
343 4247 617 4323 Rothomagensis
632 4249 791 4322 ecclesIae,
809 4251 901 4312 salu·
954 4251 1080 4326 legato,
1098 4251 1250 4321 salntem,
1268 4251 1329 4313 etc.

106 4343 171 4404 tem
184 4343 450 4419 etApostolicam
465 4343 738 4408 benedictionem.
996 4351 1038 4410 Ut
1058 4349 1091 4410 et
1112 4350 1201 4410 tuam
1228 4349 1430 4408 honoremus
1450 4359 1626 4422 personam
1641 4345 1673 4405 et
1690 4359 1750 4421 per

144 4441 286 4502 Valente
308 4433 494 4503 venerabili
515 4441 617 4504 fratre
639 4445 752 4505 nostro
769 4446 898 4508 Rotho-
954 4445 1139 4508 exhibitum
1162 4445 1223 4507 tibi
1250 4445 1409 4506 honorem
1431 4442 1507 4503 aliis
1523 4441 1748 4510 consulamus,

107 4537 255 4612 megensi
268 4538 518 4617 archiepiscopo
539 4541 737 4617 compellere
751 4542 899 4604 subditos
954 4544 1146 4606 absolvendi
1158 4544 1255 4620 juxta
1267 4541 1407 4603 formam
1420 4539 1578 4600 Ecclesiae
1592 4539 1680 4612 illos,
1693 4539 1750 4616 qui

106 4633 198 4694 vobis
212 4634 347 4697 abbates
358 4637 520 4698 Interesse
532 4633 732 4714 provinciali
743 4641 896 4713 concilio,
954 4659 1012 4720 pro
1039 4641 1184 4703 violenta
1199 4639 1379 4718 injectione
1399 4653 1577 4708 manuum,
1605 4653 1665 4698 seu
1688 4652 1747 4714 pro

106 4731 138 4792 et
152 4731 238 4808 quod
255 4732 479 4808 inquisitores,
496 4735 552 4812 qui
567 4751 627 4812 per
642 4736 819 4799 concilium
832 4755 898 4800 non
953 4739 1139 4802 commissis
1153 4736 1316 4800 incendiis
1330 4737 1367 4795 in
1383 4750 1545 4796 canonem
1560 4734 1750 4796 inciderunt

106 4827 229 4891 fuerint
245 4830 400 4903 ordinati,
415 4831 450 4891 in
474 4833 615 4893 concilio
631 4833 829 4910 provinciali
844 4851 899 4898 re·
953 4840 987 4901 et
1012 4835 1226 4914 dispensandi
1246 4849 1321 4895 cum
1341 4833 1421 4904 illis,
1446 4833 1503 4909 qui
1521 4832 1751 4893 excommuni-

107 4924 231 4989 ferrent
244 4943 318 5004 quae
333 4927 531 4991 invenerant
551 4930 585 4990 in
600 4932 772 5007 provincia
787 4934 896 4996 corri-
953 4936 1029 5007 cati,
1051 4935 1105 4995 vel
1129 4932 1297 4995 interdicti
1319 4930 1519 5007 receperunt
1532 4929 1678 4998 ordines,
1696 4929 1750 4990 vel

106 5023 223 5098 ganda,
240 5041 311 5099 vos,
331 5041 391 5104 pro
405 5026 500 5088 vobis
514 5029 546 5089 et
565 5028 689 5090 eisdem
711 5029 895 5104 abbatibus,
953 5033 1066 5094 diuina
1081 5031 1190 5093 officia
1202 5028 1421 5099 celebrarunt,
1435 5042 1565 5088 necnon
1576 5042 1651 5086 cum
1664 5025 1746 5100 illis,

107 5121 146 5180 ad
171 5123 289 5184 Sedem
310 5124 534 5199 Apostolicam
563 5127 764 5203 appellastis.
790 5131 898 5202 Quare
953 5132 1009 5209 qui
1025 5131 1140 5192 contra
1158 5126 1415 5206 prohibitionem
1437 5123 1660 5202 Apostolicam
1684 5137 1750 5184 see-

1323 3321 1389 3410 XC

956 3477 1008 3535 Ad
1025 3476 1060 3535 S.
1083 3476 1204 3549 Ancett
1217 3475 1399 3534 diaconum
1413 3476 1638 3544 cardinalem,
1656 3476 1695 3534 Α.
1712 3476 1748 3535 S.

1275 3571 1436 3646 leuatum.

108 5221 277 5293 noveritis,
301 5221 386 5298 quod
409 5237 471 5283 nos
503 5222 625 5284 auditis
649 5240 667 5285 a
697 5228 896 5300 procurato·
953 5229 1117 5290 cularium
1141 5227 1252 5301 legum
1272 5223 1381 5287 studio
1398 5221 1613 5291 vacaverunt,
1630 5219 1710 5280 conf
1728 5249 1747 5264 -

107 5317 197 5378 ribus
229 5321 374 5396 partium
402 5335 475 5397 quae
505 5337 605 5397 super
633 5323 684 5382 tris
715 5323 897 5386 hincinde
951 5327 1047 5388 rendi
1074 5325 1174 5387 etiarn
1201 5323 1399 5399 dignitates,
1424 5320 1457 5381 et
1484 5316 1646 5379 beneficia
1675 5333 1749 5396 quae

108 5413 198 5477 fuere
219 5418 386 5493 proposita
408 5432 519 5480 coram
544 5420 650 5491 nobie,
670 5422 801 5497 justititr
824 5424 899 5484 exi·
951 5427 1043 5488 tanto
1059 5421 1262 5485 vacaverunt
1275 5423 1434 5495 ternpore,
1451 5416 1537 5492 quod
1562 5415 1602 5475 ad
1620 5430 1680 5475 nos
1698 5414 1749 5477 est

106 5513 213 5586 gente,
236 5515 443 5578 decrevimus
469 5531 570 5593 super
593 5519 732 5595 utroque
756 5519 897 5583 articulo
952 5537 1067 5583 eorum
1088 5521 1224 5595 donatio
1251 5516 1417 5587 devoluta,
1448 5513 1507 5575 tibi
1536 5512 1749 5590 presentium

107 5607 209 5672 fuisse
231 5613 379 5689 legitime
410 5613 623 5690 appellatum.
654 5617 771 5679 Datum
797 5619 836 5678 ut
861 5622 897 5680 to
952 5620 1149 5681 auctoritate
1164 5613 1525 5679 concedImusliheram
1540 5611 1746 5688 potestatem.

106 5711 183 5769 nita.
952 5719 1068 5779 ilatum
1079 5717 1115 5777 ut
1130 5731 1249 5790 Sttprtt.

961 1841 1101 1904 dilectus
1122 1843 1211 1904 filins
1233 1845 1262 1905 J.
1295 1842 1551 1904 archidiaconus
1576 1844 1758 1906 cathalau-
1836 1871 1847 1876 ·

960 2329 1123 2403 conferas,
1141 2333 1174 2392 et
1199 2333 1364 2406 assignes,
1390 2329 1594 2394 fraternitati
1607 2331 1674 2393 tuas
1699 2347 1759 2410 per
1838 2375 1842 2384 .
