4002 6326
98 358 150 420 365
678 357 907 423 EPISTOLAE.

389 524 542 610 cxhhi

94 673 318 738 ioculatorem
343 675 376 737 ct
400 677 589 754 accpisti-oe
605 678 812 750 cotafridum
830 678 864 738 ct

152 775 340 845 Girdr'dum,
357 777 539 835 carcorrieos
554 777 785 836 Parisicases.

358 904 394 962 io
408 904 477 962 mali
491 904 569 964 litt.

231 1025 341 1092 [Marici.
354 1026 418 1078 llist.
429 1027 463 1078 da
471 1027 565 1087 heims,
579 1027 624 1088 lll,
636 1025 703 1092 tal]

124 1194 127 1199 ⁴
143 1148 267 1209 mandata
282 1150 330 1210 dat
344 1151 381 1209 de
392 1153 475 1226 gravi
490 1154 646 1225 questione
666 1151 863 1212 laudunensis
897 1149 900 1160 '

395 1242 533 1319 episcopi.

154 1357 860 1436 ueriusepiscopus,servusservorumDei,
898 1439 900 1446 y

90 1453 105 1514 d
176 1455 201 1515 's
218 1453 295 1518 liliis
316 1457 443 1518 cantori
465 1457 497 1519 et
516 1456 685 1532 magistris
705 1455 862 1519 Gauirido

18 1621 19 1624 Ἴ
89 1551 115 1614 et
186 1551 264 1615 ardo
287 1553 460 1616 canonicis
486 1553 743 1624 Parisiensibus,
766 1547 900 1640 salu-{

89 1651 152 1721 tem,
197 1667 224 1711 c.
897 1643 899 1716 J

120 1749 175 1808 lle
227 1747 319 1809 milis
353 1747 458 1810 frater
488 1749 603 1810 noster
633 1747 862 1810 Laudunensis

86 1844 214 1923 episcop
298 1845 859 1926 vemnohisobtulitquaestionem,

86 1942 229 2032 quodquu
250 1986 254 1995 .
337 1944 635 2021 neusecapitulum
653 1960 759 2022 nuper
776 1959 861 2022 pos·
897 1955 899 1962 ·

85 2039 205 2103 iulasset
227 2041 268 2102 ab
383 2044 396 2104 t
419 2057 478 2119 pro
508 2043 696 2120 reparanda
719 2042 861 2106 ecclesia

84 2138 232 2210 Remeusi,
258 2138 308 2200 eis
338 2162 361 2193 ·.
440 2139 666 2201 audunensem
691 2139 861 2202 dioecesim

84 2233 194 2298 litteras
204 2236 392 2312 praedicati
465 2237 672 2310 concederet,
689 2253 791 2300 unum
804 2253 861 2298 an·

85 2333 410 2411 numindulgentiaru
484 2335 671 2397 optinentes
690 2350 859 2412 expresse,
896 2345 898 2350 ’

82 2445 114 2490 ao
126 2445 230 2492 eorum
247 2432 357 2494 nuntii
376 2447 437 2510 per
504 2449 552 2492 .m
567 2433 675 2510 ipsam
691 2433 860 2494 direcesim

82 2543 143 2587 cum
154 2529 364 2605 processione
380 2531 466 2591 reci
521 2554 531 2591 ·,
556 2533 610 2592 tur
622 2547 641 2592 a
655 2531 745 2592 clero
758 2533 791 2593 et
801 2547 863 2608 po-

82 2625 157 2701 pulo,
173 2627 204 2688 et
218 2627 290 2688 dies
310 2627 471 2690 adventus
555 2645 608 2689 um
624 2631 781 2706 tanquam
797 2628 861 2689 do-

19 2726 26 2740 ·
82 2723 206 2784 minicus
240 2723 431 2798 haberetur,
463 2728 495 2788 et
574 2743 605 2786 m
637 2726 791 2790 venirent
818 2725 860 2787 ad

20 2874 21 2877 ,
83 2818 177 2884 locum
195 2822 372 2884 interdicto
391 2839 513 2900 suppos
584 2848 610 2896 a,
630 2823 743 2886 diviua
757 2823 861 2886 libere

82 2917 514 2998 celebrarenturibidemqna
588 2921 862 2995 uesseut,etsta·

81 3015 214 3080 tueretur
229 3033 292 3096 pro
310 3017 415 3093 ipsius
430 3018 530 3080 eccle
600 3015 778 3091 contraria,
796 3019 858 3081 etc.
896 3053 899 3062 .

79 3113 182 3176 batum
207 3113 375 3189 Laterani,
401 3116 534 3194 pontiti
600 3131 616 3177 s
640 3115 747 3182 nostri
772 3131 860 3178 anno

79 3210 212 3289 septimo.

393 3493 527 3583 cxlv

142 3668 145 3675 ¹
166 3645 367 3711 abbatemet
387 3660 533 3708 miraeo
611 3645 817 3708 monasterti

370 3892 371 3895 ,
510 3914 513 3925 y
525 3886 555 3930 4

387 4034 389 4039 .
416 4022 426 4041 u
436 4003 495 4046 onte
504 3995 619 4056 cossino,
632 3995 665 4056 Il,
676 3994 744 4058 tob]

76 4120 236 4182 mamutium
258 4124 334 4181 iuter
347 4124 379 4182 L.
396 4123 521 4196 priorem
541 4121 670 4180 ecclesie
683 4121 711 4178 S.
729 4119 858 4194 Gregorii

104 4211 135 4268 de
148 4213 294 4284 Spaczauo
306 4218 336 4269 et
356 4211 487 4269 abbatem
503 4210 539 4268 de
566 4211 655 4269 Scuza
669 4209 704 4268 ab
722 4210 858 4284 episcopo

104 4300 129 4358 S·
148 4302 232 4360 llarci
251 4303 341 4360 letam
360 4299 534 4358 corroborat.

108 4428 269 4490 Honorius
280 4427 469 4506 episcopus,
480 4439 595 4492 servus
605 4439 776 4488 servorum
784 4424 855 4496 Dei,

75 4521 190 4588 dilectis
205 4526 285 4587 tiliis
300 4524 414 4586 abbati
428 4525 461 4586 et
479 4523 657 4586 conventui
673 4521 855 4594 casinensi,

76 4619 201 4683 salutem
216 4622 250 4684 et
261 4621 486 4698 apostolicam
500 4617 776 4680 benedictionem.

107 4719 148 4780 Ea
160 4718 368 4797 quaejudicio
379 4717 433 4780 vel
443 4716 621 4779 concordia
634 4716 857 4777 terminantur

74 4812 157 4877 iirma
170 4816 336 4880 debentet
349 4815 480 4878 illibata
497 4814 685 4892 persistere,
711 4813 745 4874 et
763 4829 805 4874 ue
822 4813 858 4874 in

930 361 1010 422 hle.
1033 363 1102 424 vlt
1654 365 1716 428 306

896 562 901 575 .
918 535 1017 598 super
1032 522 1167 600 eoquod
1183 523 1271 586 idem
1286 527 1379 602 prlo'r
1393 526 1483 589 soah
1504 527 1577 604 ipso
1595 527 1711 591 eadem

917 619 1059 680 ecelesia
1085 624 1201 684 contra
1215 623 1382 699 justitiam
1405 625 1582 701 spoliatum
1607 625 1711 687 luisse

918 714 1057 788 dicebat,
1075 719 1260 781 venerabili
1279 720 1375 782 tratri
1390 724 1539 784 nostro...
1555 723 1711 800 episcopo

919 814 1033 876 Sancti
1048 817 1153 877 Marci
1166 817 1385 880 commisisset
1395 819 1460 880 line
1470 819 1580 882 debito
1595 821 1712 882 termi-

917 912 1076 988 nandam
1109 913 1197 976 idem
1232 916 1407 993 episcopus
1445 918 1557 980 Sancti
1591 918 1708 986 Marci,

898 1009 1059 1105 {cognitis
1085 1026 1196 1074 causae
1232 1014 1371 1086 meritis,
1400 1030 1460 1091 pro
1488 1015 1575 1079 dicto
1599 1016 1711 1092 priore

917 1109 1110 1170 monasterii
1123 1110 1313 1172 casinensis
1328 1115 1443 1174 contra
1456 1113 1629 1189 praeiatum
1645 1113 1708 1174 ah-

917 1202 1026 1266 batam
1040 1219 1140 1283 super
1150 1208 1301 1278 eamdem
1314 1209 1501 1282 ecclesiam,
1517 1211 1625 1288 quoad
1639 1227 1710 1288 pos·

897 1298 1098 1363 'sessorium
1143 1303 1354 1368 diffinitivam
1390 1307 1588 1370 sententiam
1627 1323 1708 1385 pro-

917 1399 1089 1474 mulgarit
1124 1401 1194 1463 Nos
1225 1402 1339 1480 itaque
1385 1404 1506 1466 vestris
1537 1405 1708 1482 supplica-

916 1495 1063 1558 tionibus
1088 1495 1253 1572 inclinati‚
1271 1501 1468 1564 sententiam
1490 1501 1608 1578 ipsam,
1625 1503 1710 1564 sicut

917 1593 968 1655 est
981 1596 1084 1671 justa,
1117 1611 1179 1658 uec
1203 1597 1355 1673 legitima
1377 1599 1611 1674 provocatione
1635 1615 1711 1661 sus-

916 1706 1031 1768 pensa,
1054 1693 1088 1754 et
1106 1694 1141 1754 iu
1170 1694 1276 1771 ipsius
1295 1695 1417 1758 litteris
1444 1697 1575 1774 plenius
1601 1698 1710 1760 conti-

915 1791 1024 1858 netur,
1040 1791 1237 1853 auotoritate
1255 1794 1443 1870 Apostolioa
1462 1795 1707 1867 confirmamus,

916 1889 949 1948 et
973 1888 1148 1964 praesentis
1172 1890 1288 1968 scripti
1315 1891 1500 1967 patrocinio
1525 1893 1711 1954 communi-

916 1999 1000 2045 mus.
1026 1985 1118 2047 Nulli
1144 2001 1223 2062 ergo
1245 1987 1380 2049 omuino
1407 1989 1577 2050 hominum
1612 1989 1714 2050 liceat

916 2079 1002 2144 hano
1016 2083 1174 2160 paginam
1187 2087 1309 2146 nostrae
1319 2085 1580 2148 confirmationis
1595 2087 1710 2148 inirin-

915 2193 1005 2254 gere,
1034 2180 1086 2242 vel
1112 2181 1143 2242 ei
1166 2197 1252 2244 ausu
1271 2183 1449 2245 temerario
1469 2184 1647 2246 contraire.
1675 2184 1714 2244 si

916 2277 990 2353 quis
1018 2279 1128 2339 autem
1161 2278 1224 2340 hoc
1257 2282 1421 2342 attentare
1449 2280 1707 2358 praesumpserit,

915 2374 1177 2450 indignationem
1199 2377 1435 2455 omnipotentis
1457 2381 1517 2440 Dei
1536 2381 1569 2442 et
1590 2380 1708 2443 beato-

915 2487 989 2534 rum
1000 2474 1091 2535 Petri
1111 2477 1143 2541 et
1157 2475 1255 2535 Pauli
1269 2477 1495 2552 apostolorum
1510 2480 1581 2555 ejus
1596 2495 1633 2540 se
1649 2495 1711 2541 no-

915 2571 1002 2633 verit
1024 2571 1249 2634 incursurum.
1272 2575 1390 2636 Datum
1413 2575 1548 2651 Signiae,
1570 2577 1710 2654 septimo

915 2669 1098 2748 idusjuuii,
1112 2671 1325 2748 pontificatus
1341 2673 1445 2735 nostri
1456 2689 1545 2736 anuo
1556 2675 1707 2752 septimo.

1234 3011 1388 3103 CXLVI

913 3161 966 3223 Ad
979 3161 1136 3226 abbatem
1150 3165 1366 3237 Aremocca,
1385 3167 1523 3228 wacca.
1539 3165 1707 3240 dioeccsts,

896 3341 898 3348 y
953 3260 988 3320 ct
1007 3263 1302 3332 archidiaconum,
1315 3263 1386 3324 et...
1400 3265 1567 3326 decanam
1582 3265 1616 3328 S.
1628 3265 1707 3326 Ste-

950 3360 1059 3431 pacat
1075 3361 1213 3421 trecen.

1212 3480 1313 3556 tiuuli
1325 3483 1404 3541 lasa

944 3603 1064 3668 magnei,
1077 3603 1188 3682 libili,
1202 3619 1242 3670 ep.
1258 3603 1312 3658 lit.
1326 3607 1383 3656 llss.
1397 3605 1433 3658 La
1444 3607 1520 3658 Porto
1532 3607 1566 3658 du
1579 3607 1673 3672 Theti]

912 3727 1029 3792 Mandat
1055 3735 1228 3800 uteausam,
1251 3731 1324 3788 iuter
1343 3729 1474 3790 abbatem
1497 3732 1525 3790 S.
1548 3733 1624 3790 Petri
1641 3731 1708 3792 Viri

948 3817 1144 3878 senonensem
1159 3825 1187 3878 et
1199 3817 1430 3878 archidiaconum
1440 3820 1637 3880 Seuoueusem
1653 3835 1704 3880 au·

947 3903 1035 3964 diunt.

951 4031 1129 4106 Honorius,
1158 4034 1235 4106 eta,
1262 4032 1393 4097 dilectis
1419 4033 1498 4096 tiliis
1501 4078 1561 4096 .....
1593 4035 1705 4099 abbati

911 4132 1106 4192 hremaoen.
1131 4133 1269 4193 Treceu.
1286 4131 1382 4196 dioec.
1399 4135 1433 4195 et
1445 4132 1586 4206 archid,
1607 4133 1703 4196 eim.

912 4227 1037 4290 decano
1051 4231 1085 4290 S.
1101 4227 1261 4306 Stephani
1272 4233 1421 4303 Trecen,
1435 4231 1585 4305 salutem,
1600 4231 1663 4294 etc.

951 4326 1078 4389 Dilecto
1090 4326 1196 4389 ulio...
1214 4327 1334 4390 abbate
1352 4329 1594 4391 monasteriis.
1614 4329 1704 4390 Petri

911 4423 987 4486 Vivi
1024 4427 1188 4486 senonen.
1221 4425 1302 4488 olim
1334 4442 1429 4487 suam
1461 4427 1503 4488 ad
1532 4441 1592 4487 uos
1617 4441 1702 4504 que-

912 4522 1089 4598 rimoniam
1100 4522 1298 4599 perferente,
1315 4523 1401 4601 quod
1416 4523 1556 4586 dilectus
1573 4523 1701 4587 filius...

912 4619 1169 4682 archidiaconus
1194 4622 1359 4682 Sauonen.
1384 4621 1421 4682 in
1440 4637 1515 4682 eum
1534 4621 1702 4684 insolitam

907 4717 1174 4794 jurisdictionem
1191 4733 1368 4795 usurpans,
1385 4733 1483 4796 quam
1505 4719 1558 4782 sui
1574 4719 1705 4796 praede-

912 4831 1061 4886 sessores
1086 4815 1122 4876 in
1144 4831 1231 4887 erim,
1247 4815 1302 4878 vel
1322 4818 1394 4893 ejus
1412 4818 1612 4880 conventum
1635 4833 1702 4880 uon

74 4913 216 4976 recidivae
231 4913 489 4990 contemptionis
502 4911 692 4987 scrupulum
703 4909 854 4972 relaban·
912 4914 1155 4982 consueverant
1162 4926 1331 4985 exercere,
1339 4929 1399 4976 uos
1407 4915 1701 4992 ejusdemabbatis,

73 5009 129 5081 tur,
144 5012 334 5090 Apostolico
359 5011 514 5078 convenit
529 5009 684 5086 praesidio
706 5025 857 5070 commu·
911 5007 965 5068 vol
977 5009 1158 5070 conventus
1173 5009 1226 5068 sui
1240 5023 1419 5084 gravamen
1431 5011 1612 5073 indebitum
1628 5026 1704 5072 sus·
1776 5005 1779 5009 ’

74 5106 141 5170 uiri.
156 5112 204 5174 htx
221 5109 316 5186 parte
331 5107 494 5186 siquidem
513 5109 625 5174 vestra
640 5106 703 5169 tuit
721 5107 858 5183 exposi-
911 5105 1019 5167 tinere
1038 5106 1200 5178 nolentes,
1227 5106 1335 5170 eidem
1352 5108 1588 5172 archidiacono
1607 5107 1703 5170 dedi-

73 5203 133 5267 tum
160 5223 273 5272 coram
296 5206 393 5270 nobis
421 5205 507 5282 quod
533 5221 633 5282 quum
656 5203 857 5266 venerabilis
911 5219 985 5264 mus
1000 5203 1223 5273 inmanitatis,
1240 5205 1323 5266 utin
1341 5205 1432 5282 ipsos
1446 5206 1487 5268 de
1501 5205 1622 5268 cetero
1635 5221 1702 5268 nou

72 5299 164 5366 irater
178 5309 328 5370 noster...
345 5303 553 5366 Tusculanus
567 5302 754 5379 episcopus,
778 5302 857 5363 tuuc
912 5301 1048 5378 usurpet
1084 5301 1230 5378 aliquam
1269 5303 1538 5380 jurisdictionem
1578 5303 1700 5365 insoli-

72 5399 259 5476 dpostolioae
275 5401 369 5463 Sedis
382 5401 522 5476 legatus,
539 5415 757 5476 causamque
770 5399 858 5460 inter
912 5400 993 5470 tam,
1015 5397 1069 5460 vel
1093 5401 1287 5474 excerceat;
1309 5401 1366 5462 sed
1398 5400 1451 5460 his
1474 5399 1702 5462 tantummodo

72 5497 103 5557 h.
131 5501 274 5578 priorem
303 5498 455 5561 ecclesiae
489 5497 602 5560 Sancti
631 5496 783 5572 Gregorii
817 5496 857 5558 de
912 5497 1085 5558 contentus
1107 5497 1266 5570 existens,
1297 5496 1415 5574 quibus
1439 5498 1703 5575 praedecessores

74 5595 232 5670 Spaczauo
247 5597 287 5658 ad
312 5597 494 5660 casinense
514 5595 754 5658 monasterium
780 5610 859 5672 per·
912 5593 965 5654 sui
989 5594 1136 5656 contenti
1159 5593 1303 5666 luerunt,
1322 5611 1388 5656 uon
1413 5595 1526 5672 exigat
1543 5593 1633 5658 aliud
1658 5595 1699 5656 ab

74 5691 211 5769 liuentis,
227 5698 296 5760 et...
316 5693 467 5758 abbatem
481 5693 521 5756 de
533 5695 635 5756 Scuza
651 5691 853 5764 vertebatur,
912 5691 1037 5754 eisdem
1051 5707 1149 5770 quam
1162 5707 1182 5756 a
1197 5692 1294 5756 dietis
1319 5692 1619 5770 praedecessoribus
1632 5694 1704 5756 suis
1806 5770 1813 5784 1
