4018 6320
75 339 137 398 809

73 496 106 556 31
122 511 209 558 3333
220 496 399 559 temerario
412 497 589 560 contraire.
613 498 648 560 Si
666 499 740 575 quis
757 498 867 560 autom

73 593 138 655 boc
150 594 315 655 attentare
330 595 590 672 praesumpserit,
603 595 868 672 indignationem

72 691 309 767 omnipotentis
325 692 384 753 Dei
400 693 432 754 et
443 692 614 755 beatorum
627 695 758 756 Potrici
773 693 868 754 Pauli

69 789 307 864 Apostolorum
336 792 409 866 eJus
432 805 468 850 se
488 791 618 853 noverit
643 791 866 860 incursurum.

70 887 193 946 Datum
211 887 379 958 Laterani,
397 903 501 949 nonas
517 889 639 960 martii,
657 887 868 965 pontificatus

72 982 182 1044 nostri
194 998 281 1044 3333
296 1000 395 1046 3333.

438 1208 503 1294 CX

62 1363 65 1368 “
102 1363 156 1422 Ad
165 1361 404 1435 prepositum,
418 1362 599 1434 officialem
614 1363 648 1422 et
660 1363 834 1436 poeniten·

263 1458 408 1520 tioriarm
422 1461 677 1520 ambianenses.

358 1589 374 1646 7
393 1587 582 1646 1333111115.

101 1711 226 1774 mosset,
236 1709 281 1786 lib,
295 1711 339 1770 lli,
349 1711 421 1775 episi.
433 1711 488 1761 226.
502 1713 560 1762 llss.
569 1711 604 1761 La
611 1713 686 1762 Porta
696 1711 731 1762 du
741 1711 835 1777 thail]

69 1835 228 1893 Mandatui
242 1834 479 1894 consuetudinem
492 1852 547 1908 qua
559 1837 680 1895 usurarii
690 1839 866 1895 Peronouses

104 1923 194 1996 positi
213 1925 242 1980 13
265 1925 399 1981 extremis
423 1939 480 1982 333
509 1925 562 1982 3131
582 1926 694 1982 tertiam
715 1940 865 1983 usurarum

104 2019 219 2084 partem
235 2011 430 2082 restituebant,
446 2012 594 2086 abrogent.

107 2139 280 2199 Honorius
289 2139 475 2218 episcopus,
488 2155 603 2202 servus
612 2155 784 2202 servorum
792 2141 864 2213 Dei,

67 2234 204 2296 dilectis
228 2237 342 2296 liliis...
378 2239 593 2315 praeposito...
620 2237 766 2309 officiali,
796 2239 863 2300 31...

67 2331 321 2409 poenitentiario
348 2334 637 2407 Ambianeusibus,
666 2335 806 2397 salutem
835 2336 867 2397 et

66 2430 585 2506 apostolicambenedictionem.
640 2469 642 2472 -

106 2527 259 2590 Dilectus
268 2528 392 2589 iilius...
406 2529 550 2590 decanus
560 2531 759 2591 Peronensis
771 2530 866 2591 nobis

67 2622 245 2684 insinuare
258 2625 397 2694 curavit,
410 2625 495 2701 quod
505 2627 650 2686 usurarii
662 2629 866 2688 Peronenses

66 2717 173 2798 positi
187 2721 223 2780 in
239 2721 396 2782 extremis
412 2738 478 2783 non
494 2724 559 2784 nisi
583 2723 714 2784 tertiam
739 2725 865 2800 partem

68 2819 255 2880 restituunt
282 2835 469 2891 usurarum,
493 2821 691 2882 excusantes
716 2837 751 2882 se
780 2837 867 2898 prae-

67 2917 166 2978 textu
181 2917 431 2978 consuetudinis
442 2935 522 2990 suae,
536 2935 608 2995 quae
619 2921 807 2996 corruptela
817 2919 867 2982 est

67 3015 193 3090 potius,
219 3029 318 3091 quam
336 3016 539 3077 consuetudo
554 3016 703 3076 dicenda.
725 3017 866 3094 Ideoque

66 3112 279 3184 mandamus,
297 3116 460 3188 quatenus
483 3113 670 3190 hujusmodi
682 3116 865 3186 consuetu-

67 3207 185 3272 dinem
194 3209 352 3286 tanquam
366 3210 478 3272 divino
493 3211 525 3272 et
547 3210 692 3272 humano
701 3213 772 3290 juri
786 3228 868 3273 cou-

64 3304 222 3376 trariam,
250 3305 451 3368 denuntietis
474 3306 605 3382 penitus
629 3307 755 3368 nullam
781 3323 864 3370 esse.

66 3403 210 3474 Quodsi
236 3418 303 3464 non
319 3419 445 3477 omnes,
472 3406 533 3466 eto.
551 3407 669 3467 Datum
697 3408 864 3480 Laterani,

66 3501 167 3562 nouis
178 3501 302 3586 martii,
320 3517 407 3562 anno
421 3515 521 3564 nono.

427 3752 511 3840 CXI

130 3906 187 3966 Ad
210 3905 420 3981 magristrum
443 3906 478 3966 et
497 3907 630 3980 fratres
654 3907 785 3966 ordinis

320 4004 610 4064 pretectorem.

359 4133 481 4191 lmartii
497 4133 575 4192 liat.

178 4255 296 4321 [Ripolli
309 4257 406 4308 Butler.
425 4257 568 4317 Praedicat,
579 4257 599 4316 i,
614 4257 651 4316 ld,
665 4272 690 4307 3.
705 4255 758 4323 32]

64 4382 252 4456 indulgeam
270 4383 489 4441 commissiones
505 4397 519 4440 3
541 4381 613 4441 Sede
637 4382 803 4455 apostolice
820 4383 865 4440 vel
897 4375 898 4378 ’

97 4471 245 4543 delegatis
269 4471 330 4543 ejus
353 4477 400 4529 aut
420 4470 591 4543 quibuslibet
611 4471 673 4528 aliis
688 4472 757 4544 ipsis
776 4470 865 4530 lactas

98 4561 223 4618 minime
239 4565 390 4622 tencantur
404 4562 543 4634 reotpere.

103 4687 278 4748 Honorius
289 4687 475 4764 episcopua,
485 4703 601 4748 servus
612 4685 862 4759 servorumDei,

63 4783 199 4846 dilectis
219 4783 298 4846 filiis
320 4785 479 4860 magistro
503 4786 536 4846 ei
554 4784 713 4850 iratribus
727 4785 864 4847 ordinis

62 4881 342 4954 PraedIoatorum,
360 4883 512 4955 salutem,
534 4883 596 4945 etc.

104 4979 218 5052 Quieti
242 4983 361 5042 vestrae
388 4980 564 5057 providere
595 4980 756 5053 volentes,
780 4997 863 5042 auc-

62 5077 203 5139 toritate
227 5077 321 5140 vobis
347 5079 559 5154 praesentium
583 5078 804 5154 indulgemus,
828 5081 865 5141 ut

63 5174 321 5237 commissiones
341 5191 360 5236 3
384 5175 468 5238 Sede
483 5176 683 5258 apostoliea,
700 5176 751 5236 vel
767 5176 862 5237 dele·

64 5272 154 5348 gaiis
172 5275 262 5350 ejus,
272 5287 332 5333 seu
345 5272 547 5350 quibuslibet
559 5273 634 5334 aliis
649 5272 743 5335 vobis
759 5271 863 5335 iactas

63 5387 133 5432 non
148 5371 334 5434 teneamini
349 5371 463 5433 contra
477 5373 622 5433 vestram
635 5371 784 5448 recipere
799 5387 862 5434 vo·

64 5467 242 5534 13313133.
257 5468 350 5533 Nulli
361 5484 439 5545 ergo
453 5469 587 5532 omnino
599 5469 783 5541 bominum,
799 5470 860 5531 313.

64 5567 188 5628 Datum
204 5566 371 5640 Laterani,
393 5567 490 5630 nonis
512 5567 636 5640 martii,
652 5567 863 5645 pontificatus

65 5663 173 5726 nostri
190 5679 279 5728 anno
295 5679 393 5727 nono.

694 337 922 402 EPISTOLAE.
947 337 1025 396 LIB.
1050 335 1104 394 IX.

1270 500 1376 588 CXII

1036 648 1088 706 Ad
1109 648 1305 719 episcopum
1327 646 1602 705 ambianensem.

1211 769 1226 824 7
1244 766 1338 823 martii
1354 765 1432 823 liii.

954 881 1021 948 [1133.
1033 875 1119 940 latins,
1133 881 1230 931 collect.
1247 881 1357 938 blorcau,
1370 885 1388 928 t.
1402 877 1581 938 llCLXXIllll,
1594 894 1620 943 p.
1632 877 1687 936 lit,

1174 961 1296 1012 Bibliotb.
1311 959 1467 1024 Nationale.]

903 1101 904 1106 κ
923 1067 1083 1126 Iohannem
1098 1067 1133 1125 de
1149 1068 1233 1136 Lens,
1249 1067 1384 1124 clericum
1399 1065 1504 1122 dictum
1521 1065 1623 1123 nudati
1639 1065 1717 1122 Atre

957 1157 1085 1214 batensis
1099 1156 1230 1214 dioecesis
1245 1155 1299 1229 ipsi
1311 1153 1504 1222 commendat,
1517 1161 1548 1210 ui
1562 1168 1628 1210 cum
1642 1168 1713 1226 prea-

957 1245 1071 1303 bendali
1086 1245 1226 1302 benetioio
1242 1244 1405 1300 1333313313
1422 1257 1472 1299 333
1489 1241 1644 1315 provideat.

962 1371 1141 1442 Honorius,
1164 1371 1239 1442 etc,
1265 1367 1449 1430 venerabili
1474 1367 1606 1430 fratri...
1628 1367 1719 1442 epis·

922 1484 1004 1547 copo
1026 1465 1253 1538 ambianensi,
1276 1466 1415 1527 salutem
1438 1466 1470 1528 et
1494 1464 1716 1541 Apostolicam

921 1564 1195 1628 benedictionem.
1273 1583 1276 1588 ·

961 1663 1030 1725 Etsi
1040 1663 1082 1724 ad
1095 1662 1320 1739 provisionem
1336 1663 1527 1724 cunctorum
1545 1661 1601 1737 qui
1617 1661 1717 1720 cleri-

922 1761 986 1822 cali
1006 1761 1134 1822 militiae
1157 1760 1233 1821 3331
1252 1760 1410 1836 adscripti
1426 1775 1468 1820 er
1488 1759 1588 1820 oflicii
1609 1758 1716 1821 nostri

921 1858 1031 1920 debito
1045 1859 1218 1921 intendere
1236 1858 1424 1929 debeamus
1443 1857 1509 1916 illis
1521 1857 1636 1917 tamen
1654 1872 1715 1916 cu-

921 1973 992 2018 ram
1016 1973 1077 2018 nos
1104 1956 1199 2018 decet
1222 1956 1414 2032 impendere
1443 1954 1634 2031 speclalom,
1659 1954 1715 2030 qui

921 2053 1105 2130 potioribus
1116 2053 1243 2115 meritis
1252 2053 1463 2129 adjuvantur.
1477 2052 1561 2112 Hinc
1570 2050 1713 2127 estquod

921 2151 1161 2214 fraternitatem
1177 2153 1267 2213 tuam
1285 2151 1409 2212 attente
1424 2150 1605 2225 rogandam
1620 2149 1716 2210 doxis

921 2247 1716 2324 musethomandamparapostolieatimscripta

921 2347 1144 2425 praecipiendo
1170 2346 1379 2417 mandantes,
1405 2346 1569 2422 quatenus
1595 2344 1717 2404 dilecto

921 2445 989 2505 tilio
1011 2445 1157 2506 Jobanni
1173 2445 1213 2505 de
1236 2447 1334 2516 Lens,
1350 2443 1472 2504 clerico
1494 2442 1581 2503 dicto
1597 2440 1718 2502 Audati

923 2541 1149 2603 atrebatensis
1171 2540 1336 2610 dioecesis,
1366 2541 1419 2600 oui
1444 2538 1484 2599 de
1507 2537 1654 2599 moribus
1684 2538 1717 2598 et

921 2636 1061 2698 33133113
1077 2637 1305 2698 testimonium
1320 2634 1488 2696 laudabile
1511 2633 1717 2710 perhibetur,

921 2750 995 2795 cum
1012 2733 1098 2796 siout
1112 2733 1233 2794 asserit
1248 2733 1375 2793 nullum
1394 2733 1438 2795 sit
1454 2732 1717 2794 ecclesiasticum

921 2831 1117 2893 beneficium
1138 2833 1320 2904 assecutus,
1338 2831 1373 2890 in
1394 2831 1451 2892 tua
1472 2829 1613 2890 ecclesia
1635 2845 1716 2906 pro-

921 2928 1036 2990 videas
1064 2928 1099 2990 in
1126 2927 1288 2990 beneficio
1317 2927 1536 3004 praebendali,
1563 2927 1590 2988 si
1621 2925 1718 2987 vacat

922 3024 1045 3087 ibidem
1060 3027 1101 3086 ad
1117 3041 1272 3103 praesens
1290 3025 1461 3101 :alioquin
1474 3041 1548 3085 cum
1558 3023 1718 3085 obtulerit

922 3140 957 3186 se
980 3123 1133 3196 facultas,
1151 3123 1396 3194 nonobstante,
1416 3123 1444 3182 si
1462 3121 1547 3184 sorta
1562 3121 1604 3183 ad
1622 3137 1718 3182 man-

922 3222 1034 3284 datum
1051 3225 1201 3283 nostrum
1216 3221 1277 3282 alii
1291 3219 1477 3296 providisti,
1494 3236 1568 3280 cum
1586 3218 1633 3282 nil
1653 3218 1717 3279 de-

922 3323 1036 3396 pereat
1058 3319 1168 3396 ipsius
1194 3319 1355 3390 ecclesiae,
1380 3318 1409 3378 si
1432 3318 1485 3380 vir
1515 3317 1654 3400 idoneus
1680 3315 1716 3376 in

922 3417 1037 3480 eadem
1053 3416 1155 3479 luerit
1169 3417 1351 3478 institutus.
1370 3416 1496 3476 Taliter
1513 3415 1623 3476 autem
1638 3431 1721 3476 nos-

921 3518 1010 3578 trum
1043 3531 1140 3576 cures
1176 3514 1358 3591 adimplere
1387 3513 1594 3584 mandatum,
1630 3509 1719 3588 quod

922 3615 1009 3675 idem
1022 3611 1179 3681 clericus,
1196 3613 1251 3688 qui
1267 3612 1413 3672 nostram
1432 3610 1574 3685 gratiam
1594 3624 1717 3685 expec-

921 3710 1021 3773 tando
1041 3711 1161 3772 multos
1184 3709 1327 3780 labores,
1350 3712 1385 3769 ui
1407 3707 1572 3780 novimus,
1589 3705 1716 3766 substi-

921 3807 994 3869 nuit
1017 3809 1050 3870 et
1070 3821 1248 3884 expensas,
1279 3803 1412 3867 tandem
1438 3805 1569 3880 gratum
1591 3820 1635 3865 ex
1655 3819 1716 3864 suo

922 3905 1037 3966 labore
1052 3904 1194 3966 fructum
1218 3919 1254 3964 se
1267 3902 1435 3979 recepisse
1450 3901 1582 3963 laetetur
1601 3902 1634 3962 31
1655 3917 1716 3962 333

922 4003 1096 4068 caritatem
1115 4004 1206 4064 tuam
1224 4001 1402 4062 debeamus
1418 3999 1452 4060 in
1467 3999 1606 4060 Domino
1622 4014 1716 4060 oom-

922 4101 1091 4162 mendare.
1121 4101 1240 4161 Datum
1271 4098 1439 4170 Laterani,
1466 4098 1563 4160 nonis
1592 4097 1737 4170 martii,

921 4197 1134 4284 pontificatus
1149 4198 1256 4260 nostri
1268 4212 1356 4259 anno
1371 4211 1470 4266 nono.

1253 4411 1379 4501 CXIII

985 4569 1037 4628 Ad
1057 4570 1224 4628 33333333
1245 4565 1279 4626 et
1299 4564 1652 4639 3331133333333133113
1669 4613 1670 4618 ,

1084 4667 1119 4726 S.
1138 4664 1311 4726 thtebodi
1332 4664 1545 4722 Bremensis.

1202 4796 1218 4852 1
1235 4791 1329 4850 martii
1350 4791 1427 4849 liat.

1028 4909 1128 4974 [1133313
1146 4909 1285 4960 Bremiscb.
1303 4907 1377 4966 Uria,
1393 4908 1412 4966 l,
1431 4907 1485 4965 116,
1499 4921 1526 4956 3.
1542 4905 1609 4972 lat]

946 5037 1003 5094 Eos
1015 5035 1067 5092 sub
1078 5034 1155 5092 beati
1170 5034 1246 5092 Petri
1259 5041 1287 5091 et
1302 5047 1352 5092 sua
1367 5032 1543 5106 protectione
1557 5031 1685 5104 suscipit.

958 5171 1127 5233 Honorius
1140 5169 1326 5246 episcopus,
1337 5183 1453 5230 servus
1464 5181 1635 5230 servorum
1643 5166 1713 5238 Dei,

918 5268 1049 5332 dilectis
1079 5269 1158 5328 tiliis
1189 5267 1315 5328 decano
1338 5268 1371 5328 et
1390 5264 1535 5342 capitulo
1561 5263 1714 5325 ecclesiae

920 5366 1034 5430 Sancti
1056 5365 1249 5438 willebadi,
1267 5365 1408 5426 salutem
1432 5364 1464 5423 31
1488 5360 1712 5439 apostolicam

918 5465 1194 5530 benedictionem.

957 5563 1062 5626 Justis
1085 5563 1267 5640 petentium
1289 5558 1464 5622 desideriis
1487 5559 1623 5635 dignum
1650 5558 1711 5624 331,

921 5678 982 5723 333
1009 5660 1140 5722 facilem
1177 5659 1325 5738 praebere
1351 5673 1549 5722 consensum
1578 5657 1610 5718 et
1624 5654 1718 5727 vota,
