4080 6328
79 423 142 482 029

78 581 302 658 praesentetis,
318 583 368 644 illi
387 585 497 644 umen
512 583 710 644 eavolentes
726 583 874 658 recipere

78 680 134 740 vel
159 681 258 741 etiam
283 695 348 740 non
376 680 523 741 valentes
546 696 605 756 pro
620 696 670 752 eo,
688 681 773 756 quod
789 681 874 742 alios

78 776 234 838 obtinent
249 778 455 853 personatus
469 778 644 854 pensiones
659 777 873 838 nihilominus

78 875 224 949 exigunt
237 875 435 951 importune,
455 891 557 952 quare
576 892 674 951 snper
688 876 740 935 his
751 877 873 936 nostrae

77 971 302 1047 providentiae
325 973 507 1032 remedium
534 971 724 1048 flagitastis3
741 987 783 1032 ne
805 972 873 1048 igi-

76 1069 136 1128 tur
156 1069 268 1130 vestra
290 1069 384 1129 vobis
397 1067 580 1130 liberalitas
596 1070 639 1130 sit
658 1070 827 1138 damnosa,
846 1070 874 1130 si

78 1166 305 1227 conditionem
339 1167 476 1243 implere
514 1167 621 1243 parati
649 1167 821 1243 nequeatis
855 1183 874 1226 a

77 1263 299 1325 conditionali
315 1264 423 1325 debito
439 1264 586 1336 liberari,
611 1266 731 1327 vestris
747 1266 876 1341 suppli-

77 1361 269 1422 cationibus
282 1364 465 1423 annuentes
474 1362 670 1423 auctoritate
683 1363 873 1439 vobisprae-

76 1459 226 1520 sentium
252 1459 473 1534 indulgemus,
498 1461 534 1520 ut
555 1459 677 1520 talibus
694 1477 759 1521 non
774 1477 876 1535 coga-

76 1555 165 1615 mini
182 1556 310 1616 solvere
325 1558 513 1632 pensiones,
528 1558 607 1632 quia
622 1573 640 1618 a
657 1557 749 1618 vobis
765 1557 875 1618 oblata

77 1668 230 1728 congrua
256 1652 416 1714 beneficia
440 1655 557 1715 nolunt
578 1655 726 1730 recipere
740 1654 794 1715 vel
809 1669 875 1715 non

76 1752 207 1812 valent.
224 1751 315 1811 Nulli
337 1767 416 1826 ergo
438 1752 571 1812 omnino
591 1752 761 1812 hominum
777 1753 877 1813 liceat

77 1847 170 1908 hanc
189 1849 345 1924 paginam
367 1849 490 1910 nostrae
510 1847 736 1909 concessionis
751 1848 874 1908 inirin-

77 1959 173 2020 gere‚
202 1944 254 2004 vel
278 1947 418 2006 clausu
446 1946 623 2007 temerario
643 1946 820 2006 contraire.
841 1947 875 2006 Si

77 2042 158 2118 quis
187 2042 298 2103 autem
330 2042 394 2104 hoc
423 2044 586 2104 attentare
615 2044 874 2119 praesumpserit,

77 2139 347 2213 indignationem
372 2141 607 2216 omnipotentis
632 2142 691 2201 Dei
711 2142 744 2201 et
761 2141 877 2202 beato-

76 2251 157 2296 rum
173 2237 264 2297 Petri
276 2238 309 2298 et
321 2238 416 2298 Pauli
430 2239 654 2314 apostolorum
670 2242 741 2314 ejus
760 2255 796 2300 se
815 2255 878 2300 no-

76 2333 171 2393 verit
194 2333 416 2394 incursurum.
448 2337 564 2395 Datum
590 2337 703 2406 Reate,
722 2339 795 2396 XlV
811 2337 876 2395 lta-

78 2429 200 2490 lendas
228 2431 387 2503 octobris,
416 2431 626 2508 pontificatus
655 2433 761 2493 nostri
788 2447 877 2493 anno

78 2525 224 2588 decimo.

414 2691 553 2776 XXXV

189 2833 241 2893 Ad
255 2833 562 2903 Bartholomaeus,
580 2836 774 2907 episcopum

357 2933 605 2990 Portstenscm.

341 3063 374 3118 18
386 3061 524 3135 septemb.
541 3063 618 3119 titt.

196 3184 332 3248 [senates
341 3175 445 3236 'Bellon
459 3186 577 3244 francisc,
593 3187 612 3244 l,
625 3187 663 3243 ΙΙ,
676 3199 702 3238 n.
718 3185 770 3250 ht]

270 3313 311 3369 De
323 3310 514 3368 celebratione
530 3311 692 3367 missarum.

122 3437 224 3514 (Vide
249 3439 409 3503 Otttutum
433 3437 724 3510 compilationem,
741 3435 798 3495 lib.
822 3437 877 3510 ΙΙΙ,

79 3537 103 3596 t.
121 3537 175 3607 24,
194 3549 222 3595 c.
238 3537 268 3606 t,
285 3535 348 3606 tl,
365 3533 427 3595 col.
444 3532 612 3612 aas-325.)

402 3774 564 3861 XXXVI

210 3929 259 3986 Ad
279 3929 509 3994 wictericum,
525 3927 761 3984 Romanorum

355 4023 614 4097 imperatorem.

336 4156 371 4212 25
389 4154 528 4226 septemb.
551 4153 628 4210 luth.

281 4269 398 4334 [Ugholli
410 4269 484 4320 ltalia
495 4283 575 4331 sacra,
588 4270 607 4326 1,
620 4268 687 4332 tau]

83 4391 158 4446 Eum
181 4385 309 4443 hortetur
327 4395 358 4442 ut
381 4399 471 4441 novos
488 4385 619 4456 praelatos
643 4384 765 4456 accipiat
783 4391 811 4440 et
828 4383 879 4440 ho·

120 4484 206 4534 noret
224 4475 344 4550 juraque
364 4475 406 4531 eis
425 4481 575 4530 conservet
592 4473 713 4544 integre,
728 4482 756 4529 et
769 4472 878 4529 archio-

121 4567 272 4639 piscopum
297 4562 520 4630 salernitanum,
546 4560 733 4618 exhibitorem
758 4575 880 4633 presen-

121 4657 207 4724 tium,
223 4652 302 4710 vultu
316 4666 418 4710 sereno
434 4652 561 4723 recipiat.

126 4780 296 4841 Honorius
308 4780 619 4855 episcopusservus
629 4793 800 4837 servorum
810 4777 879 4847 Dei,

85 4877 279 4949 FredericO,
295 4877 418 4936 illustri
435 4879 657 4936 Romanorum
676 4873 880 4950 imperatori.

127 4979 261 5039 Certum
280 4971 375 5034 nobis
391 4971 545 5032 fiduciam
561 4971 676 5033 tribuit
694 4972 806 5031 innata
823 4971 881 5032 tibi

85 5072 290 5147 benignitas,
301 5073 336 5132 ut
347 5071 432 5130 lacta
448 5069 502 5144 pio
516 5069 648 5138 intuitu,
662 5070 695 5130 et
707 5071 784 5139 Deo,
798 5069 884 5128 sicut

86 5169 267 5240 credimus,
286 5169 417 5245 placita,
438 5168 502 5228 tuae
519 5181 648 5244 quoque
664 5167 728 5226 sint
747 5165 885 5226 celsitu-

86 5267 161 5327 dini
182 5251 356 5342 placitura.
382 5267 468 5324 Sane
483 5264 632 5324 videntes
652 5263 738 5338 qtrod
755 5263 885 5323 diutina

88 5367 268 5441 capuanae,
295 5363 526 5432 salernitanae,
549 5361 780 5430 Brundusinae,
798 5361 885 5420 (lon-

709 423 933 484 EPIS'I'OLAE.
958 423 1035 482 LIB.
1059 423 1098 482 X.

928 582 969 643 ab
994 582 1204 653 liominibuS,
1230 599 1269 642 ac
1296 598 1338 644 ne
1369 583 1589 658 imputaretur
1612 598 1630 642 a
1656 585 1723 644 Deo

929 681 1028 741 anxie
1040 682 1232 750 metuentes
1247 681 1329 756 ipsis
1342 680 1505 752 ecclesiis,
1519 681 1551 741 el
1563 681 1668 750 lamae,
1684 696 1725 741 ao

929 777 1027 838 saluti
1058 779 1195 849 nostrae,
1232 781 1363 854 tuaeque
1399 777 1498 837 simul
1534 779 1723 838 curavimus

929 875 1103 952 providere
1118 875 1207 950 ipsas
1220 875 1380 935 ecclesias
1392 874 1544 950 respectu
1560 875 1600 934 ad
1616 874 1723 934 solum

930 975 1032 1032 Deum
1048 972 1160 1032 habito
1177 973 1216 1032 de
1230 973 1382 1048 personis
1399 972 1460 1033 tibi
1475 973 1593 1032 merito
1606 987 1725 1048 accep-

929 1069 1050 1140 tandis,
1067 1071 1178 1146 utpote
1201 1071 1354 1140 scientia,
1369 1069 1449 1140 vita,
1466 1071 1499 1130 at
1514 1071 1599 1129 tama
1621 1085 1722 1130 cons-

929 1167 1036 1244 picuis
1052 1166 1201 1227 oriundis
1217 1168 1257 1227 de
1273 1183 1386 1242 regno.
1401 1169 1434 1226 et
1446 1169 1511 1228 tuae
1528 1167 1724 1227 sublimitati

930 1265 1056 1332 devotis
1079 1281 1117 1326 ac
1142 1265 1306 1334 fidelibus,
1324 1265 1509 1324 ordinando
1532 1266 1724 1340 Capuanum

930 1363 1153 1423 venerabilem
1165 1363 1300 1423 fratrem
1314 1365 1462 1422 nostrum
1476 1365 1499 1420 Ι.
1513 1365 1720 1432 Pactonsem,

930 1461 963 1520 et
984 1461 1229 1520 Salernitanum
1246 1459 1471 1520 venerabilem
1488 1459 1624 1520 tratrem
1640 1475 1722 1519 nos-

931 1557 1016 1618 trum
1032 1559 1065 1616 G.
1083 1559 1362 1632 Ramagustanum
1378 1557 1562 1633 episcopos,
1575 1556 1725 1616 Brundu-

931 1653 1039 1715 sinum
1050 1670 1129 1715 vero
1143 1655 1301 1716 dilectum
1312 1655 1417 1714 lilium
1431 1653 1583 1726 abbatem
1596 1655 1628 1714 S.
1641 1654 1725 1714 Vin-

931 1753 1030 1813 centii
1046 1753 1085 1812 de
1101 1753 1276 1824 vulturnu,
1293 1755 1481 1814 Consanum
1497 1751 1724 1813 venerabilem

931 1849 1723 1928 tratremnostrum,qinondamprioremSMariae

931 1951 1032 2009 Novae
1054 1948 1094 2010 de
1114 1949 1212 2020 Urbe,
1224 1965 1263 2009 ac
1275 1954 1479 2009 aversanum
1499 1946 1724 2008 venerabilem

932 2045 1066 2106 fratrem
1091 2047 1239 2107 nostrum
1267 2046 1433 2123 quondam
1456 2045 1725 2120 amalphitanum

928 2143 1218 2219 archidiaconum,
1236 2144 1308 2203 sine
1330 2146 1387 2204 tuo
1405 2141 1597 2218 praejudicio
1613 2141 1727 2216 provi-

932 2239 1046 2300 dentes
1074 2241 1114 2301 de
1138 2241 1277 2302 fratrum
1309 2241 1498 2301 nostrorum
1525 2238 1665 2299 consilio
1690 2239 1725 2298 in

932 2340 1091 2415 pastores
1110 2339 1276 2412 Rogamus
1291 2337 1392 2412 igitur
1407 2337 1619 2396 serenitatem
1633 2338 1725 2396 tuam

932 2437 1100 2509 attentius,
1122 2438 1156 2497 et
1178 2437 1359 2506 hortamur,
1382 2437 1544 2512 quatenus
1566 2434 1726 2496 ecclesias

933 2535 1033 2610 ipsas,
1055 2535 1141 2596 sicut
1162 2533 1369 2610 imperialem
1392 2533 1600 2594 clementiam
1621 2532 1725 2604 decet,

933 2632 1059 2693 habens
1079 2649 1139 2709 pro
1160 2631 1350 2692 reverentia
1372 2632 1441 2701 Dei,
1463 2631 1497 2692 et
1518 2631 1638 2690 animm
1663 2631 1727 2690 tuae

934 2728 1727 2806 salutopropensiuscommendatos,eishonores

934 2843 1022 2899 suos,
1040 2843 1079 2887 ac
1093 2830 1171 2902 jura
1189 2827 1318 2900 integra
1335 2825 1574 2890 conservando,
1596 2838 1728 2900 praeno-

934 2925 1075 2985 minatos
1089 2923 1279 2984 earumdem
1293 2923 1453 2998 pastores,
1472 2922 1517 2982 ita
1533 2923 1647 2982 lavore
1659 2921 1726 2981 im-

934 3021 1070 3099 perialis
1094 3022 1211 3097 gratiae
1234 3021 1457 3097 prosequaris,
1475 3019 1560 3096 quod
1586 3019 1726 3080 celsitu-

934 3119 1021 3180 dinis
1034 3120 1099 3181 tuae
1115 3119 1277 3179 serenitas
1294 3119 1328 3177 in
1344 3117 1460 3178 merito
1474 3116 1592 3178 debeat
1611 3119 1678 3176 Deo
1694 3118 1727 3177 at

934 3217 1123 3278 bominibus
1148 3221 1365 3292 complacere,
1387 3218 1420 3275 et
1441 3214 1630 3291 specialiter
1653 3230 1724 3284 noS,

934 3331 973 3376 ac
999 3315 1119 3376 iratres
1147 3313 1251 3375 nostri
1281 3313 1488 3372 devotionem
1520 3311 1728 3372 excellentiae

933 3414 999 3474 tuae
1033 3413 1210 3474 debeamus
1246 3413 1280 3472 in
1315 3410 1455 3471 Domino
1483 3410 1727 3470 commendare.

934 3509 1166 3572 venerabilem
1189 3511 1299 3569 autem
1324 3507 1460 3568 tratrem
1495 3511 1643 3568 nostrum
1668 3521 1727 3566 ar-

935 3607 1181 3683 chiepiscopum
1219 3605 1466 3666 salernitanum
1507 3603 1729 3664 exhibitorem

935 3700 1729 3782 praesentiumnobis‚etsratribusnostriscarum

936 3803 1004 3862 suis
1024 3801 1234 3876 erigentibus
1259 3799 1387 3860 meritis
1405 3799 1437 3860 et
1459 3801 1640 3875 acceptum,
1653 3811 1656 3819 ¹
1671 3815 1729 3858 se-

935 3897 1307 3975 renitatituaepraesenti
1319 3897 1439 3973 pagina
1450 3897 1728 3966 commendamus,

935 3999 1101 4072 rogantes,
1115 3999 1150 4058 ut
1166 3999 1197 4056 et
1211 3996 1319 4072 ipsum
1332 3994 1426 4054 vultu
1439 4011 1558 4055 sereno
1573 3994 1730 4071 recipias,

936 4097 968 4157 et
983 4097 1012 4155 ei
1031 4095 1148 4171 gratiae
1167 4095 1233 4155 tuae
1256 4094 1416 4164 savorem,
1434 4093 1601 4169 inquibus
1621 4091 1732 4152 sibiet

936 4193 1085 4254 ecclesiae
1106 4209 1175 4252 suae
1196 4192 1320 4252 videris
1336 4191 1494 4268 expedire
1517 4189 1729 4260 favorabiles,

937 4294 969 4352 et
981 4291 1144 4366 benignos
1157 4289 1340 4366 impendas.
1357 4292 1474 4350 Datum
1487 4289 1602 4360 Reate,
1617 4289 1659 4346 Vl
1675 4287 1732 4346 ka·

937 4389 1051 4450 lendas
1064 4387 1220 4460 octobris
1235 4405 1322 4449 anno
1339 4387 1477 4448 decimo.

1241 4611 1425 4696 XXXVH

1017 4766 1068 4824 Ad
1081 4763 1210 4824 cletum
1223 4765 1429 4836 hortensem
1444 4763 1649 4835 episcopum.

1189 4890 1382 4964 ausemano.
1405 4891 1483 4947 tttt.

1024 5016 1113 5079 [Fejer.
1132 5015 1191 5066 coo.
1211 5015 1317 5080 diplom.
1334 5015 1477 5079 Hungariae,
1493 5015 1537 5073 ΙΙΙ,
1552 5029 1581 5072 ιι,
1598 5011 1650 5076 lib]

940 5141 982 5200 Ad
1002 5157 1102 5214 preces
1124 5143 1204 5210 cleti,
1227 5141 1377 5214 agriensis
1401 5141 1543 5213 episcopi,
1566 5139 1601 5196 de
1623 5137 1734 5194 meliori

1010 5231 1215 5287 canonicorum
1228 5245 1343 5287 suorum
1358 5229 1520 5302 provisione
1534 5227 1662 5286 contulit.

982 5357 1162 5426 Honorius
1181 5358 1243 5417 etc.

1665 423 1726 482 mo
1795 419 1828 508 p‘

88 5476 194 5532 sanae,
212 5475 251 5520 ac
271 5463 449 5520 aversanae
470 5457 687 5518 ecclesiarum
705 5457 834 5518 vacatio
850 5457 883 5516 in
983 5453 1185 5529 Significasti
1200 5453 1308 5524 nobis,
1325 5452 1410 5529 quod
1427 5451 1577 5513 ecclesiae
1592 5452 1657 5512 tuae
1673 5465 1734 5512 ca-

88 5573 276 5634 gravenon
297 5555 618 5627 sulumrerum,sed
640 5554 878 5614 etiamanima·
942 5552 1066 5623 nunici,
1096 5551 1259 5612 diminuta
1294 5545 1441 5627 ipsoium
1476 5549 1679 5626 provisione,
1717 5563 1737 5607 a

89 5669 164 5716 rum
182 5655 365 5731 periculum
381 5653 597 5720 redundabat,
614 5655 646 5712 et
666 5651 883 5721 attendentes
943 5652 1090 5725 tempore
1099 5648 1239 5710 concilii
1247 5648 1425 5724 generalis,
1435 5663 1534 5724 quum
1545 5647 1594 5708 eis
1605 5661 1648 5706 ex
1658 5647 1737 5706 tunc

91 5753 178 5829 quod
194 5753 228 5813 id
245 5751 355 5822 nobie,
378 5753 410 5812 et
428 5751 487 5811 tibi
508 5749 734 5826 imputabatur
756 5747 885 5825 publice
944 5763 1011 5808 non
1027 5746 1149 5808 luerint
1164 5746 1204 5806 ad
1221 5761 1335 5808 eorum
1359 5745 1631 5807 sustentationem
1652 5753 1736 5805 cott-

238 5924 352 5968 rnrnn.
367 5924 440 5966 roim
457 5909 504 5968 tv.
1524 5903 1559 5959 30
