4032 6326
78 353 152 414 137

433 521 551 612 CLXI

77 671 888 748 Admputmmctsratresllospltullssuuclae

263 772 390 832 Mance
401 771 718 843 Hierosolpmitcnl.

369 910 403 966 li
421 909 518 982 aprilis
538 910 617 966 taaa

186 1030 798 1096 [annueres.auresue.‚p.rss,n.rcr.]

81 1157 237 1216 Honorius
251 1157 402 1216 conilrnret
419 1157 516 1215 domui
533 1156 684 1228 hospitalis
699 1156 810 1213 Sanctae
825 1156 885 1212 lla·

122 1248 177 1304 riae
207 1246 449 1306 tuscanicorum
485 1245 621 1304 Frlderici
652 1247 678 1302 ll
708 1244 887 1315 imperatoris

123 1336 310 1408 privilegium
324 1335 361 1392 de
374 1334 529 1393 redditibus
541 1335 644 1394 annuis
659 1333 710 1394 CC.
723 1332 813 1390 unciis
826 1334 886 1390 auri

121 1423 280 1482 Brundusii
293 1421 492 1496 percipiendis.

127 1560 312 1632 Honorius,
333 1561 409 1632 etc,
425 1559 583 1636 magistro
594 1558 628 1620 et
639 1556 808 1629 iratribus,
822 1555 884 1618 eto.

125 1657 235 1718 Justis
257 1657 437 1734 petentium
464 1656 641 1720 desideriis
664 1655 800 1730 dignum
824 1653 884 1724 est,

80 1752 886 1832 nosiacilempraebereconsensumetvuta,quae

79 1865 105 1910 a
130 1850 279 1912 rationis
293 1852 427 1914 tramite
448 1867 514 1914 non
537 1849 737 1920 discordant,
767 1847 886 1910 ellectu

80 1951 313 2026 prosequente
339 1949 516 2025 complere.
543 1950 623 2010 Cum
651 1947 754 2022 igitur
776 1945 885 2006 caris-

82 2047 195 2106 simus
226 2048 261 2108 in
295 2046 424 2108 Christo
455 2046 543 2106 illius
566 2047 690 2111 noster,
717 2046 886 2106 Romano-

82 2159 165 2204 rum
191 2145 375 2220 imperator
405 2158 536 2220 semper
573 2143 732 2218 augustus
763 2143 797 2204 et
825 2155 886 2202 rea

83 2239 229 2312 Siciliae,
242 2241 279 2300 in
295 2239 428 2302 civitate
441 2238 619 2301 Brundusii
639 2239 679 2300 de
703 2235 885 2299 redditibus

83 2335 161 2396 suis
175 2336 248 2399 sive
267 2336 309 2398 de
327 2335 533 2413 bajulatione
555 2335 626 2402 sive
640 2333 681 2394 de
701 2332 795 2403 sicta,
810 2345 887 2407 spe-

83 2433 224 2496 cialiter
254 2449 314 2510 pro
340 2432 488 2496 emendis
523 2431 610 2494 albis
647 2429 814 2492 mantellis
844 2425 885 2490 ad

86 2547 188 2592 usum
200 2530 341 2592 fratrum
353 2530 540 2592 vestrorum
552 2527 886 2596 militum,annuatim

85 2631 149 2689 GC.
160 2629 279 2691 uncias
294 2628 368 2690 auri
383 2626 423 2688 ad
436 2627 564 2704 pondus
579 2626 693 2687 Baruli
708 2625 802 2688 vobis
817 2624 885 2686 irn-

85 2726 212 2804 perlali
235 2725 435 2788 liberalitate
457 2723 601 2796 donarit,
623 2725 692 2785 tam
715 2722 773 2782 diu
790 2721 885 2782 vobis

86 2825 190 2885 annis
217 2823 360 2900 singulis
388 2822 609 2885 exsolvendas
635 2821 676 2882 de
703 2818 885 2882 redditibus

87 2921 305 2998 supradictis,
321 2920 426 2982 donec
438 2921 473 2982 in
485 2921 585 2982 terris
600 2917 812 2980 laboratoriis
827 2931 886 2976 seu

87 3020 167 3080 aliis
182 3018 451 3096 possessionibus
466 3017 574 3094 regni,
588 3016 780 3092 competens
792 3013 885 3075 vobis

87 3115 302 3178 excambium
314 3115 498 3192 imperialis
513 3113 741 3176 munificentia
758 3111 886 3186 largia-

86 3217 154 3286 tur,
184 3215 273 3276 sicut
301 3214 335 3276 in
364 3215 436 3290 ejus
464 3211 640 3290 privilegio
665 3224 768 3272 aurea
795 3208 886 3270 bulla

87 3312 220 3374 munito
246 3311 475 3388 perspeximus
494 3308 680 3382 contineri;
694 3323 757 3369 nos
779 3307 885 3383 ipsius

88 3409 304 3487 imperatoris
316 3411 350 3470 et
363 3409 483 3470 vestris
496 3405 651 3485 precibus
666 3404 818 3466 inclinati
832 3403 887 3464 do·

86 3507 260 3569 nationem
275 3507 393 3583 ipsam,
415 3507 501 3569 sicut
520 3507 575 3582 pie
590 3519 629 3565 ac
644 3502 783 3581 provide
797 3501 886 3562 iacta

86 3606 139 3667 est
154 3605 189 3666 et
202 3605 240 3665 in
257 3604 330 3681 ipso
344 3603 519 3682 privilegio
534 3601 665 3680 plenius
685 3600 883 3670 continetur,

87 3703 290 3764 auctoritate
302 3701 490 3778 apostolica
503 3699 737 3762 confirmamus
752 3698 784 3758 et
798 3712 887 3772 prae-

87 3800 196 3862 sentis
209 3799 325 3876 scripti
336 3797 520 3875 patrocinio
531 3796 783 3858 communimus.
794 3793 885 3856 Nulli

87 3914 183 3974 ergo,
196 3897 260 3958 etc.
275 3897 309 3957 Si
325 3897 399 3973 quis
413 3901 534 3966 autem,
547 3898 610 3956 etc.
622 3894 740 3956 Datum
753 3890 885 3953 Verulis

87 3994 168 4054 Xlll
183 3991 345 4052 kalendas
360 3989 440 4052 maii
453 3989 663 4068 pontificatus
678 3985 784 4050 nostri
797 4000 885 4047 anno

88 4090 197 4152 sexto.

419 4355 556 4443 CLXII

123 4514 177 4573 Ad
195 4511 378 4584 Pelopiam
401 4509 628 4570 albanensem
649 4505 855 4578 episcopum,

241 4607 442 4680 Apostottcoe
461 4606 559 4667 Sedis
577 4603 739 4680 unctum.

367 4745 402 4806 25
421 4743 518 4818 aprilis
534 4743 613 4800 liii.

222 4878 369 4946 [negauit.
382 4877 478 4930 annal.
490 4877 597 4930 adanu.
612 4874 683 4933 lita,
695 4871 708 4938 t
719 4872 756 4937 1.]

91 5007 194 5066 Scribit
209 5021 241 5064 se
252 5004 289 5063 de
304 5002 388 5061 rebus
408 5005 502 5060 Terre
521 5001 632 5060 Sauctae
651 5013 716 5056 cum
731 4995 885 5063 Friderico,

125 5099 321 5156 Romanorum
357 5093 541 5164 imperatore,
571 5103 686 5146 novum
713 5085 886 5158 colloquium

126 5184 203 5259 apud
222 5186 366 5244 Veronam
391 5179 538 5248 indixisse,
569 5178 604 5236 ad
625 5175 702 5250 quod
724 5173 887 5232 invitandos

124 5274 288 5333 iohannem
304 5269 594 5344 llicmsclymitanum
614 5279 714 5340 regem
735 5265 887 5338 ipsumque

126 5362 276 5435 Pelagium
291 5359 440 5418 decernit..

130 5487 300 5550 Honorius
309 5484 495 5563 episcopus,
504 5496 620 5543 servus
631 5493 802 5541 serverum
814 5477 884 5550 Dei,

93 5587 229 5663 Pelagio
261 5582 442 5648 albanensi
477 5581 650 5657 episcopo,
666 5594 672 5605 ¹
687 5576 885 5654 apostolica

95 5685 185 5746 Sedis
194 5697 208 5756 ,⁵
221 5684 348 5760 legato,
366 5680 517 5750 salutem,
541 5679 606 5738 etc.

712 333 941 414 armanum.
965 351 1045 412 ure.
1067 351 1121 412 vr.

1678 343 1736 408 1³8

982 507 1133 572 coelestis
1168 507 1310 570 altitudo
1343 507 1476 572 consilii
1503 517 1547 570 ex
1566 505 1631 570 'his
1661 515 1735 583 qus

943 607 1031 669 mala
1055 607 1220 678 videntur,
1241 605 1328 668 bona
1352 605 1445 667 novit
1467 604 1589 666 elicere
1615 605 1649 666 et
1670 603 1734 664 all-‘-

941 720 1040 766 versa
1075 705 1218 766 feliciter
1255 704 1289 764 in
1325 717 1484 779 prospera
1518 701 1733 764 commutare.

942 801 1034 862 Licet
1061 802 1164 877 igitur
1188 816 1324 877 gravem
1355 802 1522 878 jacturam
1550 800 1584 861 et
1610 797 1735 874 grande

941 898 1155 974 opprobrium
1171 898 1206 960 in
1222 897 1370 975 partibus
1386 896 1619 958 transmarinis
1629 909 1736 971 nuper

942 1011 1060 1072 passus
1075 995 1176 1058 luerit
1190 995 1331 1072 populus
1341 995 1561 1065 Christianus
1575 991 1734 1054 etinimi-

942 1092 989 1154 cis
1013 1091 1091 1153 fldei
1114 1092 1268 1156 videatur
1296 1091 1393 1154 nimis
1418 1103 1576 1168 prospere
1601 1104 1736 1151 succes-

942 1189 1036 1260 sisse,
1052 1205 1224 1266 speramus
1238 1189 1401 1252 tamenin
1417 1205 1468 1260 eo,
1479 1189 1514 1249 in
1528 1191 1623 1264 ciuus
1634 1201 1737 1248 manu

942 1288 1060 1350 cuncta
1075 1287 1153 1350 suat
1167 1288 1275 1362 posita
1288 1288 1322 1350 et
1334 1290 1430 1362 cujus
1446 1300 1542 1347 nemo
1554 1284 1661 1362 potest
1675 1297 1733 1345 rc·

942 1385 1060 1446 sistere
1095 1384 1276 1455 voluntati,
1310 1383 1396 1461 quod
1430 1383 1581 1460 permisit
1614 1381 1734 1443 cadere

942 1497 1038 1542 suum
1063 1482 1248 1544 exereitum
1277 1483 1313 1542 ut
1344 1479 1534 1557 resurgeret
1559 1478 1677 1541 tortior
1701 1479 1735 1540 et

941 1593 1060 1655 passus
1075 1581 1125 1640 est
1143 1578 1295 1640 infideles
1310 1579 1395 1654 erigi
1410 1579 1447 1640 ut
1460 1578 1596 1654 gravius
1609 1574 1732 1638 allide-

940 1677 1067 1738 rentur.
1091 1677 1171 1736 Cum
1202 1677 1290 1738 enim
1321 1676 1514 1737 carissimus
1544 1674 1580 1736 in
1601 1673 1733 1734 Christo

941 1772 1031 1834 illins
1046 1774 1160 1836 noster
1176 1773 1372 1835 Fredericus
1388 1776 1612 1834 Romanorum
1627 1771 1734 1847 impe·

941 1871 1032 1932 rator
1057 1885 1188 1946 semper
1207 1871 1367 1946 augustus
1389 1872 1422 1932 et
1441 1883 1504 1930 ren
1527 1867 1651 1929 Siciliae
1671 1867 1734 1927 du-

941 1968 1018 2030 dum
1039 1969 1075 2029 in
1098 1969 1209 2030 animo
1224 1969 1356 2044 gereret
1379 1967 1420 2028 ad
1436 1965 1665 2028 liberationem
1679 1966 1735 2026 in-

940 2065 1078 2126 tendere
1089 2068 1200 2126 Terrae
1217 2065 1359 2136 Sanctae,
1373 2079 1461 2124 nunc
1475 2064 1610 2142 propter
1619 2077 1734 2124 casum

941 2163 997 2239 qui
1016 2163 1139 2226 accidit
1153 2161 1253 2237 digno
1273 2161 1387 2224 dolore
1411 2163 1589 2238 permotus,
1611 2161 1645 2222 et
1658 2159 1735 2220 ani·

941 2261 1049 2322 mntus
1057 2259 1216 2322 divinitus
1225 2259 1266 2321 ad
1278 2258 1637 2321 ulciscendamtantam
1648 2256 1734 2333 inju-

941 2357 1025 2418 riam
1041 2356 1163 2418 Christi
1177 2357 1210 2418 et
1224 2356 1337 2434 populi
1351 2354 1650 2427 christianitanis
1665 2353 1734 2416 ier·

940 2455 1073 2516 ventius
1085 2453 1172 2515 adid
1187 2469 1223 2514 se
1236 2453 1403 2530 praeparat
1412 2453 1445 2514 et
1453 2452 1599 2529 accingit
1609 2455 1732 2529 quanto

940 2550 1219 2628 ipsumpradtoti
1237 2565 1335 2612 casus
1354 2550 1538 2612 adversitas
1563 2553 1597 2610 et
1619 2549 1734 2626 indig-

941 2649 1033 2710 natio
1057 2647 1288 2710 vehementius
1307 2648 1478 2710 animavit.
1498 2648 1647 2724 Denique
1672 2661 1733 2709 nos

941 2747 974 2808 et
994 2747 1066 2824 ipse
1085 2747 1126 2806 ad
1143 2745 1177 2807 id
1193 2745 1395 2807 unanimiter
1416 2745 1625 2807 intendentes
1640 2744 1733 2806 cele-

940 2842 999 2904 bre
1013 2842 1215 2920 colloquium
1230 2857 1337 2919 nuper
1351 2841 1528 2902 habuimus
1543 2841 1734 2917 specialiter

941 2956 1000 3018 pro
1016 2941 1148 3017 nogotio
1161 2939 1359 3013 memorat0;
1374 2941 1407 3001 et
1420 2939 1495 3016 post
1508 2938 1630 3000 multos
1644 2939 1735 3000 trao-

940 3043 1029 3104 tatus
1054 3057 1154 3118 super
1175 3041 1238 3104 boc
1261 3041 1515 3117 diligentissime
1531 3039 1661 3102 habitos
1676 3038 1735 3102 dc-

941 3156 1030 3200 mum
1050 3139 1258 3202 concorditer
1278 3138 1501 3214 disposuimus
1523 3137 1612 3200 aliud
1628 3136 1734 3198 collo-

941 3239 1053 3315 quium
1080 3238 1115 3297 in
1142 3235 1340 3298 Lombardla
1361 3234 1397 3295 in
1421 3235 1556 3297 civitate
1582 3237 1733 3307 Verona,

941 3336 1030 3396 circa
1049 3334 1169 3395 festum
1186 3331 1274 3394 beati
1290 3331 1425 3394 Martini
1440 3332 1629 3408 proximum
1642 3328 1735 3392 cele-

940 3432 1050 3504 brare,
1067 3431 1103 3493 in
1118 3446 1183 3508 quo
1198 3445 1258 3491 nos
1279 3429 1312 3490 et
1334 3430 1406 3506 ipse
1425 3428 1605 3506 imperator
1619 3443 1736 3506 perso-

940 3529 1065 3590 naliter
1078 3541 1154 3590 esse
1166 3527 1386 3596 decrevimus,
1399 3527 1538 3588 Domino
1553 3526 1732 3599 annuente,

940 3631 973 3688 et
985 3626 1026 3687 ad
1042 3625 1124 3686 illud
1139 3623 1341 3686 christianos
1355 3623 1522 3700 principes
1539 3624 1606 3685 tam
1622 3621 1734 3684 eccle·
1787 3627 1792 3637 '

941 3723 1095 3786 siasticos
1117 3737 1216 3798 quam
1241 3721 1437 3792 mundanos,
1452 3735 1491 3781 ao
1512 3719 1627 3781 fideles
1648 3719 1734 3780 alios

941 3837 1023 3896 quos
1037 3819 1197 3895 expedire
1208 3817 1395 3880 videbimus
1408 3829 1602 3887 convocare,
1616 3815 1735 3892 utpro-

941 3916 1067 3978 secutio
1078 3915 1157 3977 dicti
1167 3914 1304 3990 negotii,
1315 3913 1401 3991 quod
1410 3913 1615 3975 Christianos
1627 3911 1737 3989 tangit

941 4013 1160 4076 communiter
1182 4011 1368 4084 universos,
1392 4027 1466 4072 cum
1496 4009 1735 4073 deliberatione

942 4113 976 4172 in
1002 4111 1094 4173 tanto
1120 4109 1254 4185 negotio
1278 4108 1468 4170 necessaria
1494 4107 1678 4179 ordinetur,
1702 4107 1738 4168 et

942 4208 1090 4272 universi
1114 4208 1147 4269 et
1169 4205 1294 4282 singuli
1314 4221 1354 4268 eo
1378 4206 1484 4281 magis
1499 4205 1668 4282 proprium
1683 4203 1737 4282 ip·

942 4323 1015 4368 sum
1026 4306 1195 4383 negotium
1206 4305 1411 4382 reputantes,
1423 4319 1487 4381 quo
1499 4317 1574 4364 oum
1587 4303 1736 4380 ipsorum
1810 4357 1815 4366 „

941 4405 1084 4469 consilio
1103 4405 1136 4466 et
1153 4402 1393 4466 deliberatione
1412 4401 1600 4463 ordinatum
1621 4398 1741 4472 tuerit,

942 4503 983 4564 ad
1003 4502 1087 4564 illud
1108 4499 1374 4579 prosequendum
1393 4497 1510 4561 lortius
1531 4497 1743 4558 animentur.

942 4600 1023 4660 Cum
1048 4599 1152 4674 igitur
1172 4596 1214 4658 ad
1239 4597 1347 4672 ipsum
1373 4593 1584 4670 colloquium,
1605 4591 1641 4658 iu
1669 4607 1746 4669 quo·

941 4698 1008 4758 tam
1019 4696 1059 4757 de
1072 4694 1177 4772 ipsius
1188 4691 1400 4770 imperatoris
1413 4690 1567 4768 passagio
1580 4688 1750 4768 quam-de«

942 4794 1019 4856 aliis
1042 4792 1211 4868 negotium
1237 4788 1505 4864 contingentibus
1526 4787 1737 4852 decrevimus

942 4891 1074 4968 plenius
1099 4888 1269 4960 ordinare,
1296 4886 1475 4950 invitemus
1501 4884 1749 4950 charissimum

942 4991 977 5050 in
990 4987 1122 5050 Christo
1133 4985 1239 5048 illium
1255 4987 1405 5048 nostrum
1419 4984 1606 5053 ,iohannem
1621 4997 1736 5061 regem

942 5082 1290 5162 Hierosolymitamum
1307 5081 1482 5152 illustrem,
1495 5081 1572 5144 etin
1584 5095 1624 5142 eo
1635 5095 1739 5157 prop·

940 5186 992 5246 ter
1006 5183 1118 5246 notam
1139 5179 1339 5244 industriam
1357 5178 1390 5242 et
1403 5177 1574 5256 probatam
1590 5178 1744 5254 pruden-

941 5275 1753 5354 tiamtuam,naceretuamquoquspresentiam

941 5377 1145 5447 affectemus,
1165 5375 1365 5438 fraternitati
1388 5376 1454 5438 tuae
1473 5388 1532 5450 per
1545 5373 1737 5449 apostoliea

941 5476 1065 5553 scripta
1082 5473 1277 5536 mandamus
1295 5473 1456 5550 quatenus
1474 5486 1577 5548 snper-
1592 5471 1655 5534 hoc
1674 5471 1738 5533 ha-

940 5569 1737 5648 bensconsiliumcumipsoregeetpatriarchaet

930 5671 1028 5744 aliis,
1042 5685 1124 5748 quos
1142 5667 1184 5731 ad
1200 5669 1262 5732 boo
1277 5669 1401 5733 videris
1417 5669 1631 5748 opportunos,
1648 5667 1737 5746 quod
