3948 6328
36 270 97 332 333
651 277 881 340 33333333.
905 279 984 340 uin.
1008 280 1078 340 vn.
1204 247 1206 257 ’
1623 278 1684 338 331

37 429 165 492 siturus
186 427 230 494 ad
250 432 384 498 Patrem
399 433 571 512 discipulis
589 434 625 500 in
639 435 837 500 testamento
887 439 966 515 jura
981 436 1095 499 divino
1116 436 1240 498 1313133
1258 428 1686 514 11113313333333333331-

37 527 188 606 reliquit,
204 531 278 607 post
301 531 466 608 31333113
490 533 658 594 curricula
674 535 838 597 aeternita·
892 551 1027 611 scopum
1041 550 1121 598 3333
1137 534 1173 597 31
1186 535 1346 612 quantum
1365 535 1438 596 sine
1459 533 1555 610 gravi
1576 533 1684 595 detri-

38 625 77 686 tis
92 627 194 701 pacis
215 629 353 705 praemia
377 629 570 706 largiturus.
583 631 742 694 attendas
767 632 836 708 igi·-
892 633 1004 694 mento
1015 632 1102 709 juris
1120 631 1341 694 ecelesiastici
1354 632 1485 708 poterit,
1503 631 1605 706 regiae
1620 631 1687 693 stu·

36 722 101 796 tur,
140 723 406 801 diligentissime
438 728 498 800 lili,
540 728 627 806 quod
667 729 724 806 qui
763 745 837 792 eum
892 729 970 791 3331
987 729 1190 792 solemnitati
1211 728 1550 798 3313333,333333333
1575 728 1686 790 datam

37 821 196 896 proximo
220 839 336 900 pacem
362 841 429 888 non
453 825 562 898 babet,
578 827 637 888 vix
663 829 722 888 331
746 843 839 888 num·
891 826 986 888 robis
1001 843 1022 888 3
1036 827 1175 888 Domino
1190 827 1412 904 prudentiam,
1429 826 1572 888 sollicite
1586 825 1688 887 indu-

38 933 136 994 quam
155 921 267 996 potest
281 923 402 985 mentis
414 923 688 1000 tranquillitatem
700 923 835 997 babere,
893 925 1004 986 centes
1020 925 1221 1002 questiones
1235 925 1326 1002 ipsas
1347 924 1459 1000 sopire
1474 939 1533 1000 per
1546 939 1685 1000 compo-

38 1015 109 1076 sine
120 1033 193 1092 qua
208 1034 307 1082 nemo
322 1021 455 1082 33133333
470 1021 563 1098 pacis
587 1022 724 1098 33333313
739 1023 836 1099 pote·
893 1020 1567 1095 311133333313331133,313333113.0333
1583 1020 1611 1082 si
1626 1035 1687 1098 per

36 1111 81 1174 rit
103 1116 292 1178 munerari.
310 1117 449 1180 Studeas
470 1118 624 1196 denique,
641 1119 764 1182 1313113
783 1135 840 1180 33-
894 1117 1040 1181 3133133
1074 1121 1222 1180 vestrum
1264 1119 1452 1196 3333133311
1490 1118 1685 1194 compositio

37 1209 235 1274 tributionis
257 1213 413 1288 ooelesds,
437 1216 597 1292 quantum
620 1215 836 1288 1333133311,
893 1216 1080 1291 provenire,
1098 1216 1286 1293 inquiratis·
1298 1217 1388 1278 31333
1408 1215 1548 1277 formam
1566 1215 1686 1292 iudicii

38 1321 158 1384 pacem
173 1308 300 1373 habere
322 1327 397 1374 cnm
417 1313 580 1390 proximo,
598 1314 634 1375 ut
652 1313 701 1374 sic
724 1329 839 1391 pacem
894 1328 996 1389 super
1008 1313 1163 1376 omnibus
1178 1313 1289 1377 333313
1304 1313 1686 1391 3133333133111333113-

38 1404 217 1470 babeasin
239 1407 371 1484 teipso,
393 1411 426 1472 et
451 1425 647 1487 supeream
673 1409 838 1472 inoffenso
893 1410 976 1470 31333
999 1411 1186 1484 333113133,
1212 1412 1341 1474 31333
1365 1410 1462 1472 331313
1491 1410 1685 1472 3331133133

38 1501 120 1578 pede
147 1505 328 1576 currendo,
357 1507 399 1568 33
424 1508 516 1584 pacis
545 1508 678 1570 aeternae
701 1507 839 1586 premia
892 1507 1063 1581 intimetis,
1087 1509 1124 1570 ut
1142 1525 1181 1570 ea
1200 1508 1332 1586 plenius
1354 1508 1534 1580 intellecta,
1551 1507 1685 1583 salpbre

39 1599 153 1666 331333
176 1603 366 1678 333333133.
382 1603 557 1674 Ceterum,
572 1621 671 1681 3333
691 1620 838 1667 venera·
893 1605 1069 1668 eonsilium
1098 1621 1267 1684 apponere
1280 1607 1463 1675 33133333,
1479 1607 1512 1668 31
1539 1606 1580 1667 33
1598 1607 1683 1682 jun-

38 1694 138 1758 bilem
162 1697 303 1762 1331333
323 1701 483 1770 nostrum,
501 1701 732 1780 Pendrdphum
751 1703 840 1764 Nor·
892 1703 1019 1778 gendos
1041 1719 1099 1766 eos
1118 1705 1421 1766 3133313333113113
1441 1705 1530 1766 3133
1552 1702 1684 1764 facilius
1803 1737 1807 1744 ·
1887 1700 1890 1711 '

40 1793 224 1856 nicensem
248 1795 452 1874 episcopum,
466 1813 575 1875 quem,
592 1813 662 1860 3333
683 1798 838 1875 probita-
892 1799 1683 1874 133331333311313133331,31113313333311.

40 1889 81 1950 113
95 1889 247 1965 obtentu,
264 1891 468 1958 sinceritatis
493 1893 640 1958 brachiis
666 1895 838 1973 amplexa·
893 1913 981 1962 anno
996 1899 1092 1960 sexto
1108 1895 1286 1978 [septimo].

41 2003 123 2060 mur,
159 1989 205 2050 33
233 1991 446 2066 presentiam
480 1993 571 2054 tuam
604 1994 739 2070 3333133
775 1993 839 2055 boc

41 2085 234 2160 specialiter
259 2087 480 2165 destinemus;
508 2091 721 2153 serenitatem
746 2091 838 2153 tuam

41 2180 163 2244 iterato
180 2198 349 2260 rogamus,
366 2187 528 2264 quatenus
553 2186 594 2248 ob
615 2186 838 2250 reverentiam
1228 2211 1349 2302 CXVI

43 2279 243 2354 apostolice
271 2281 366 2346 Sedis
389 2283 422 2345 et
442 2283 593 2346 nostram
612 2284 719 2347 eidem
739 2300 840 2362 super

44 2373 92 2436 bis
113 2374 298 2454 benignum
313 2381 452 2457 praestes
467 2381 628 2455 3331133,
645 2383 678 2445 31
703 2383 838 2444 3331113
892 2390 945 2450 Ad
961 2390 1148 2461 Simonem,
1173 2388 1686 2463 33331333333331313331333-

46 2471 83 2532 ab
116 2489 158 2536 eo
192 2477 296 2552 regie
324 2478 496 2540 serenitati
520 2494 564 2540 ex
598 2481 692 2556 perte
724 2481 838 2542 nostra
931 2489 1259 2559 3333113331333331
1286 2489 1483 2560 episcopum
1503 2486 1536 2548 et
1559 2487 1686 2546 313133-

46 2571 223 2646 3333331113
265 2574 470 2651 acquiesces.
511 2577 629 2638 Datum
668 2577 835 2650 Laterani,
931 2597 1013 2645 3333
1026 2586 1307 2647 archidiaconum
1325 2583 1558 2644 Lomovltent·

45 2666 115 2774 lllv
125 2667 196 2732 kal.
208 2671 300 2746 3311,
315 2671 528 2748 pontificatus
543 2672 649 2736 nostri
664 2688 753 2736 3333
768 2689 839 2752 sep
1159 2713 1193 2770 18
1217 2713 1315 2786 aprilis
1340 2712 1419 2770 1223.

48 2763 132 2826 um·
1048 2835 1179 2908 [11331333
1193 2835 1312 2888 thesaur.
1327 2833 1533 2898 33333.,1,907.]

893 2960 1067 3036 Quibusdam
1083 2962 1250 3018 auotoritate
1264 2959 1427 3032 Apostolico
1448 2959 1583 3032 permittit
1600 2959 1686 3018 3133

394 3075 494 3163 CXV
928 3049 1156 3111 dimonteneibus
1179 3048 1379 3122 possessiones
1392 3047 1499 3106 bebere
1518 3054 1597 3105 33133
1623 3061 1683 3106 me·
1703 3109 1706 3116 ¹

929 3147 983 3198 tes.

52 3249 98 3311 Aa
125 3252 306 3315 Hssl'vssum
334 3253 531 3327 &Pltssoiltlm
559 3254 776 3325 1333338333,
806 3254 840 3316 et
929 3264 1027 3324 Simon
1048 3262 1101 3322 bel
1117 3261 1210 3337 grette
1232 3261 1418 3322 bituricensis
1438 3259 1682 3334 archiepiscopus,

87 3348 350 3412 Cistercteasom
379 3350 413 3412 ct
443 3352 478 3414 S.
510 3351 636 3414 Marto
667 3352 840 3415 1113333313
894 3348 1685 3426 33313313331333,311133333333333333331133313·

86 3445 233 3512 abbates.
894 3457 994 3516 oopus,
1010 3455 1045 3510 33
1064 3441 1203 3514 magister
1220 3438 1311 3498 Guido
1340 3437 1559 3496 erobldieoonus
1583 3438 1686 3496 Lemo·

322 3542 357 3600 18
373 3541 470 3614 aprilis
486 3542 564 3602 litt.
894 3529 1029 3602 vicensis,
1045 3530 1188 3588 universis
1202 3535 1358 3604 presentes
1381 3528 1490 3586 litteras
1507 3524 1688 3604 inspecturis,
1714 3520 1716 3537 '

895 3619 1056 3681 3313133313
1072 3619 1202 3678 Domino.
1219 3615 1384 3676 1333333333
1397 3615 1506 3673 domini
1516 3616 1601 3700 Pspae
1611 3627 1688 3670 rece-

138 3680 289 3748 [llanrique,
302 3681 415 3734 3333133
423 3682 535 3744 cisterc,
552 3689 571 3734 t.
584 3683 628 3743 tv,
642 3699 668 3749 p.
679 3682 747 3750 m]
895 3707 990 3781 pimus
1004 3708 1033 3766 in
1048 3705 1125 3764 hunc
1139 3703 1255 3763 modum
1270 3721 1277 3762 :

70 3813 103 3871 ll
118 3815 250 3876 mam
264 3818 437 3892 ‘mmmm
454 3818 550 3920 VF¹J³⁸
566 3818 640 3876 ”¹¹⁹³
661 3815 824 3918 fflil'puffi
935 3843 1103 3904 Honorius
1114 3840 1300 3918 episcopus,
1310 3835 1687 3908 serrasserrorumDei,

87 3903 256 3962 &mmm
271 3919 372 3980 ”gem
384 3913 413 3964 et
422 3908 614 3974 P⁸s¹⁸¹⁰nse¹¹¹
628 3921 804 3980 ⁶⁹¹⁸⁰⁰p¹¹¹¹¹'
895 3939 1144 4002 venerabilibus
1157 3937 1316 3999 fratribus
1326 3935 1580 4014 archiepiscopo
1592 3934 1689 3996 Bitu-

90 4039 247 4117 Episcopo
273 4042 444 4113 Trecensi,
468 4041 501 4102 et
522 4040 738 4104 cisterciensi
752 4041 786 4103 et
805 4043 838 4102 S.
896 4037 1032 4110 3133331,
1057 4037 1214 4114 33133333
1237 4032 1480 4104 lemovicensi,
1505 4047 1545 4092 ac
1569 4031 1689 4093 dilecto

58 4133 164 4198 blariae
178 4137 346 4200 Blesensis
359 4137 546 4200 abbatibus.
897 4137 965 4200 tilio
978 4135 1137 4212 magistro
1153 4129 1548 4200 33133313331313133333
1566 4131 1693 4191 Lemo--

92 4233 315 4296 Intelleximus
325 4236 526 4312 questiones
539 4235 668 4308 333133,
681 4237 714 4298 31
728 4235 844 4298 33111-
896 4233 1039 4306 3133331,
1065 4231 1207 4301 salutem
1230 4229 1264 4292 et
1285 4227 1509 4306 apostolicam
1532 4225 1694 4288 benedic,

60 4431 199 4490 nostrum
220 4427 423 4507 Philippum,
441 4445 553 4506 regem
567 4433 772 4492 Francorum
795 4430 842 4492 il·
936 4428 1022 4489 Olim
1034 4424 1231 4505 quibusdam
1251 4423 1386 4486 clericis
1396 4422 1430 4483 et
1442 4418 1614 4482 conversis
1629 4433 1690 4482 or-

60 4520 196 4599 lustrem,
214 4528 248 4589 et
266 4527 495 4590 venerabilem
518 4527 657 4590 fratrem
676 4528 840 4599 nostrum,
896 4521 1412 4595 3131333333133333331333333
1425 4516 1622 4594 quibusdam
1635 4531 1691 4578 re-

61 4619 276 4685 Parisiensem
288 4625 482 4701 episcopum
495 4625 673 4686 emersisse
685 4645 693 4699 3
704 4624 744 4686 33
759 4639 842 4701 quas
897 4623 983 4698 gulae
999 4638 1067 4682 sum
1082 4619 1242 4698 capitulis·
1252 4618 1287 4680 in
1309 4619 1424 4678 333333
1450 4613 1691 4692 praesentiali-

62 4719 223 4794 sopiendas
238 4721 392 4782 3313333
405 4737 445 4782 33
459 4721 848 4798 33313133333333333
896 4718 1089 4796 ligantibus,
1106 4733 1166 4778 nos
1188 4713 1386 4793 quibusdam
1409 4710 1560 4788 ejusdem
1593 4710 1691 4788 capi·
1720 4770 1722 4774 .

62 4815 221 4894 utrumque
242 4817 419 4880 sinceriori
443 4819 585 4880 caritate
603 4817 787 4895 diligimus,
811 4817 844 4879 et
896 4817 976 4878 tulis
990 4831 1051 4894 per
1065 4812 1373 4890 interpretationem
1387 4824 1568 4885 congruam
1579 4808 1694 4871 decla-

62 4924 97 4972 33
109 4930 217 4977 33333
231 4915 414 4978 discordiis
434 4919 561 4994 majore
576 4916 721 4978 3131333
743 4931 842 4993 33333
897 4913 992 4986 33113,
1028 4927 1102 4974 333
1142 4910 1298 4972 conversi
1337 4910 1561 4985 proponerent
1605 4907 1694 4969 13133

66 5006 221 5087 dispendia
240 5015 274 5076 et
288 5013 448 5076 33333313
468 5013 658 5090 provenire.
682 5014 842 5074 (13333133
898 5011 1031 5081 caetera,
1044 5007 1131 5086 quod
1156 5008 1253 5070 extre
1267 5008 1361 5084 septa
1380 5021 1441 5067 sua
1463 5020 1529 5080 non
1552 5002 1695 5068 debeant

66 5102 153 5180 igitur
166 5109 206 5172 de
220 5111 409 5188 prudentia,
426 5110 490 5172 lide
505 5126 545 5173 33
560 5111 748 5172 3333133113
760 5125 843 5171 333·
898 5107 1022 5169 habere
1034 5107 1170 5170 mobilia
1185 5106 1239 5167 vel
1252 5104 1385 5166 stabilia
1398 5103 1581 5166 secundum
1596 5101 1692 5163 ordi-

66 5203 108 5265 133
130 5207 281 5270 fiduciam
307 5208 501 5286 specialem,
532 5223 592 5286 per
619 5207 843 5286 apostolicam
898 5206 951 5267 nis
966 5205 1183 5266 331133111313
1198 5225 1205 5264 :
1223 5201 1349 5281 331313
1369 5201 1463 5263 13313
1479 5199 1611 5275 negotio
1624 5214 1692 5261 non

66 5301 148 5364 robis
166 5306 285 5368 sedem
303 5305 512 5374 mandamus,
537 5306 701 5383 quatenus
725 5321 844 5382 perso·
899 5303 1007 5365 subito
1022 5303 1198 5380 providere
1212 5316 1272 5378 333
1286 5300 1417 5362 11113333
1440 5298 1573 5358 3331333
1594 5296 1696 5372 3333-

66 5400 171 5463 311133
194 5404 391 5466 accedentes
416 5403 570 5476 Ρ3313113,
593 5403 646 5464 331
671 5403 711 5464 33
735 5403 845 5464 13333
898 5417 1023 5474 ramus,
1035 5399 1266 5461 3333331333
1282 5393 1587 5472 3333133133331331
1602 5393 1699 5470 3313-

68 5495 154 5560 311333
181 5501 418 5579 3333313333,
449 5502 483 5562 31
511 5501 619 5577 ipsum
647 5515 778 5576 regem,
810 5500 846 5561 ut
900 5499 991 5575 copis
1006 5498 1041 5560 in
1060 5513 1164 5575 regno
1184 5494 1336 5558 Franciae
1347 5491 1546 5563 constitutis,
1570 5493 1607 5552 31
1621 5507 1702 5554 oms

70 5597 170 5670 spretis
189 5599 304 5677 333313
324 5597 593 5676 suggestionibus
615 5597 843 5660 ecclesiastica
901 5597 968 5669 313,
999 5597 1067 5658 tam
1094 5593 1243 5666 mobilia,
1269 5608 1368 5671 quam
1396 5587 1601 5660 immobilia„
1620 5605 1693 5668 qum
