4080 6328
293 281 353 340 ets

292 439 412 500 ditioni
429 437 605 514 subjectos,
629 437 685 514 qui
706 452 764 512 per
787 437 944 511 generale
961 437 1091 511 capitu-

293 537 374 606 lum,
391 535 442 596 vel
458 533 646 594 visitatores
664 534 770 610 ipsius
786 532 879 592 vobis
895 533 1090 593 nuntiantur

295 633 474 708 aliquando
504 631 689 700 amonendi,
712 630 764 690 vel
786 629 972 690 volentibus
997 630 1088 689 cele-

294 730 392 790 brare
408 730 601 806 capitulum,
613 731 670 788 aut
683 744 841 788 excessus
854 727 1022 800 corrigere
1035 743 1090 786 re-

296 828 432 897 sistatis,
446 827 531 887 sicut
543 827 576 885 iu
595 825 718 886 eisdem
732 825 852 885 litteris
870 822 1000 898 plenius
1014 839 1090 884 con-

294 925 521 994 tinetur‚tales
535 941 594 984 vos
607 923 807 984 exhibuistis
823 921 856 982 in
873 921 959 980 lacto
972 922 1090 997 hujus-

294 1023 394 1092 modi,
413 1037 476 1098 quo
499 1039 564 1082 non
587 1020 653 1080 alia
679 1020 742 1079 nisi
769 1036 841 1094 qnae
868 1019 944 1078 sunt
966 1017 1089 1078 Christi

295 1122 499 1196 quaeruntur,
527 1120 642 1178 utnon
663 1119 886 1192 augmentum,
914 1115 970 1176 sed
986 1115 1090 1175 detri-

294 1219 440 1278 mentum
453 1215 591 1284 ordinis,
607 1219 639 1276 et
654 1230 719 1275 non
731 1215 918 1274 animarum
934 1213 1086 1284 salutem,

296 1315 353 1374 sed
395 1313 578 1390 periculum
603 1312 782 1372 videamini
810 1311 979 1370 affectare.
1006 1310 1088 1380 Quia

270 1487 279 1498 ⁰
295 1429 375 1472 vero
391 1413 537 1486 graviter
552 1412 585 1474 in
601 1411 665 1471 hor.
680 1409 882 1485 delinquitis,
899 1410 932 1468 et
954 1408 1089 1482 sanguis

296 1509 557 1586 delinquentium
584 1508 680 1568 debet
706 1508 745 1566 de
768 1523 868 1568 manu
893 1507 1002 1566 vestra
1031 1519 1088 1565 re-

296 1607 395 1683 quiri,
414 1606 484 1666 sive
506 1605 694 1680 impediatis
716 1607 844 1665 tantum
868 1603 1001 1673 bonum,
1019 1603 1089 1662 sive

297 1704 487 1764 detractetis
508 1719 608 1778 super
633 1702 694 1762 hoc
710 1701 820 1761 lacere
844 1700 929 1778 quod
950 1700 1086 1770 debetis,

296 1801 497 1862 fraternitati
511 1803 631 1860 vestrae
647 1815 818 1860 monemus
830 1816 888 1874 per
902 1799 1089 1874 Apostolica

295 1899 390 1959 vobis
413 1899 537 1974 scripta
557 1899 642 1958 sicut
668 1899 785 1958 iterum
811 1898 859 1957 sic
880 1896 1039 1957 attentius
1055 1895 1089 1954 in

294 1997 418 2058 virtute
444 1996 640 2056 obedientiae
677 1995 827 2055 districte
866 1993 1089 2069 precipiendo

296 2095 502 2164 mandantes,
521 2095 682 2168 quatenus
699 2081 733 2151 iri
751 2092 927 2151 iteratione
943 2090 1089 2150 mandati

298 2192 426 2267 plenius
455 2191 678 2264 intelligentes
706 2189 911 2249 mandatoris
934 2189 1090 2249 allectum

295 2290 332 2350 in
347 2289 438 2348 nullo
454 2305 511 2348 vos
527 2288 701 2364 opponatis
718 2287 902 2347 volentibus
920 2285 1090 2346 celebrare

296 2386 488 2462 capitulum,
504 2388 536 2446 et
558 2385 726 2458 corrigere
747 2383 987 2458 delinquentes.
1006 2381 1091 2442 Sub-

292 2487 401 2561 jectos
417 2484 517 2545 titiam
533 2483 651 2546 ditioni
667 2483 785 2544 vestrae
800 2480 946 2552 abbates
962 2481 1015 2556 qui
1033 2496 1092 2556 per

297 2581 478 2658 capitulum
503 2580 554 2641 vel
581 2580 770 2640 visitatores
799 2578 892 2639 vobis
917 2577 1089 2638 amovendi

296 2679 420 2740 fuerint
437 2679 591 2748 nuntiati,
609 2677 731 2738 curetis
758 2676 881 2751 absque
897 2691 998 2735 morae
1022 2675 1092 2736 dis-

298 2777 418 2855 pendio
432 2791 598 2841 amovere,
610 2776 656 2835 ita
672 2775 756 2850 quod
773 2774 925 2834 videatur
939 2772 1030 2832 vohis
1044 2773 1092 2832 si-

298 2878 354 2936 cut
371 2890 444 2934 esse
460 2873 556 2934 debet
572 2874 752 2949 acceptum,
771 2871 855 2947 quod
869 2872 903 2931 in
919 2870 1090 2947 provincia

297 2977 409 3035 vestra
424 2973 531 3032 cultus
553 2971 725 3046 religionis
748 2986 807 3046 per
821 2968 1090 3030 reformationem

298 3069 425 3131 ordinis
444 3071 477 3130 et
500 3067 685 3128 animarum
704 3067 869 3143 proiectus
887 3081 945 3142 per
960 3079 1092 3124 correc-

297 3169 422 3228 tionem
463 3183 660 3227 excessuum
703 3165 909 3239 procuratur.
936 3162 1091 3237 Alioquin

300 3283 374 3325 cum
399 3265 527 3324 tantum
549 3262 783 3322 inobedientiae
810 3261 926 3322 vitium
954 3260 1093 3335 palpan-

299 3363 376 3422 dum
393 3362 432 3420 de
454 3363 575 3421 caetero
600 3377 666 3418 non
691 3359 823 3428 existat,
842 3356 873 3418 et
888 3357 1023 3430 dignum
1037 3357 1090 3426 sit,

299 3462 331 3521 et
346 3457 559 3526 conveniens
575 3458 610 3518 ut
626 3457 659 3516 in
685 3471 748 3532 quo
764 3455 837 3530 quis
858 3454 1017 3530 probatur
1030 3453 1091 3513 de-

299 3559 450 3634 linquere
477 3556 645 3632 puniatur,
670 3553 849 3614 formidare
872 3552 1032 3628 poteritis,
1051 3566 1092 3611 ne

295 3653 576 3733 jurisdictionem,
609 3669 707 3729 quam
742 3652 776 3711 iu
801 3649 974 3711 abhatibus
1000 3647 1092 3708 vobis

299 3753 456 3829 subjectis
479 3751 620 3821 habetis,
638 3749 787 3825 generali
804 3765 917 3808 eorum
934 3747 1090 3822 capitale,

299 3854 331 3912 et
342 3849 571 3910 visitatoribus
586 3847 815 3916 concedamus,
831 3861 929 3922 quum
941 3844 1016 3903 aliis
1032 3845 1093 3902 ho-

298 3963 412 4008 norem
428 3949 572 4007 restrum
589 3946 667 4004 dare
683 3945 794 4020 potius
808 3943 981 4004 volueritis
995 3956 1092 4017 quam

296 4045 391 4105 nohis
407 4045 438 4104 in
464 4045 527 4104 hac
549 4045 642 4118 parte
669 4043 840 4102 humiliter
862 4039 1007 4100 obedire.
1029 4041 1094 4099 Da-

298 4144 368 4201 tum
389 4141 502 4210 Reate,
517 4140 560 4197 lll
576 4153 681 4197 nonas
701 4136 900 4206 novembris
923 4151 1011 4196 antro
1035 4135 1094 4195 de-

298 4253 396 4299 cuno.

635 4366 758 4456 XLIX

298 4517 350 4576 Ad
373 4513 526 4574 abbatom
543 4515 577 4573 S.
594 4515 762 4584 Dtoizpstt,
779 4513 946 4570 decanum
961 4507 993 4568 et
1014 4521 1092 4566 rito-

331 4612 482 4686 pistrum
498 4614 607 4680 Gerra..
625 4613 829 4670 curionicum
842 4611 1058 4668 Italicensem.

568 4741 585 4796 6
600 4740 731 4796 novemb.
749 4739 829 4795 laad.

331 4855 451 4919 [liegest.,
464 4853 508 4902 lih.
521 4853 552 4908 X,
564 4853 638 4916 epist.
653 4853 705 4901 loa.
718 4853 775 4902 llss.
789 4853 824 4901 La
837 4853 911 4900 Porta
923 4851 957 4899 du
968 4848 1061 4913 Thali]

300 4975 354 5030 Dat
366 4971 408 5026 cis
424 4969 599 5042 provinciam
613 4967 793 5024 exantiuandi
810 4981 926 5022 causam
943 4981 1005 5037 quse
1022 4964 1094 5020 iuter

335 5059 512 5132 episcopum,
540 5055 679 5111 decanum
709 5057 921 5126 capitulumque
942 5055 1091 5110 llelvncen.

336 5149 371 5204 ab
386 5161 453 5215 una,
468 5153 496 5202 et
512 5147 536 5202 J.
557 5145 809 5210 Silvanectousuu
833 5143 1092 5212 llothomagousem

336 5235 517 5303 canonicum,
541 5235 577 5290 ab
603 5234 690 5289 altera
715 5241 794 5303 parte
819 5232 990 5296 vertebatur,
1010 5245 1095 5300 super

336 5323 486 5397 praebenda
500 5337 585 5396 quam
602 5323 726 5393 ipsorum
742 5319 862 5376 ecclesie
873 5321 952 5392 juxta
967 5325 1094 5375 tenorem

338 5415 493 5470 litterarum
507 5412 734 5484 Apostolicorum
747 5410 783 5466 de
797 5409 852 5465 hoc
867 5408 996 5465 datarum
1012 5422 1093 5479 repe·

337 5503 424 5562 tebet.

342 5619 520 5690 Honorius,
540 5619 613 5688 ete,
629 5617 757 5678 dilectis
771 5616 848 5675 liliis
861 5613 970 5676 abbati
983 5615 1093 5675 Sancti

915 278 1090 338 HONORII
1113 279 1157 338 ΙΙΙ
1179 278 1326 339 OPERA.

1873 277 1924 336 etl

1145 437 1332 514 Dionysii...
1345 435 1482 508 decano,
1498 438 1531 498 et
1545 436 1704 511 magistro
1717 438 1925 506 11101111-

1146 535 1265 594 nonico
1293 533 1459 604 Remensi,
1490 533 1684 595 salutemet
1712 535 1925 610 Apostolicam

1144 631 1418 692 benedictionem.

1185 727 1925 802 significaruntnobisvenerabilisfraternos·

1145 826 1231 885 ter...
1252 825 1437 901 episcopus,
1453 827 1485 885 et
1499 826 1608 886 dilecti
1629 825 1727 884 tilii...
1745 825 1886 884 decanus
1897 827 1925 886 et

1145 922 1324 998 capitulum
1347 923 1565 983 Belvacenses
1582 923 1755 998 quodcum
1778 923 1926 996 magister

1144 1023 1172 1080 J.
1201 1020 1472 1091 silvanectensis
1498 1020 1773 1094 Rothomagensis
1798 1022 1927 1080 canoni-

1144 1134 1213 1188 cus
1231 1117 1308 1178 olim
1326 1134 1384 1194 pro
1410 1117 1615 1194 assequenda
1636 1117 1672 1176 in
1697 1117 1839 1176 ecclesia
1859 1117 1928 1177 Bel-

1144 1216 1278 1275 vacensi
1293 1215 1468 1290 praebenda
1489 1217 1619 1276 nostras
1635 1213 1675 1274 ad
1691 1213 1786 1274 bonae
1806 1230 1926 1274 memo-

1145 1313 1203 1372 riae
1219 1312 1408 1388 episcopum
1433 1313 1667 1382 parisiensem,
1683 1312 1715 1372 et
1737 1313 1809 1386 ejus
1828 1310 1926 1371 colle-

1144 1426 1203 1484 gas
1230 1409 1357 1470 litteras
1381 1409 1590 1469 executorias
1620 1409 1842 1484 impetrasset,
1861 1425 1928 1483 sup

1145 1522 1271 1582 presso,
1290 1505 1373 1581 quod
1396 1505 1606 1581 praehendam
1622 1505 1656 1564 in
1676 1503 1928 1579 Rothomagensi

1145 1603 1285 1664 ecclesia
1301 1603 1474 1672 obtineret,
1490 1602 1627 1678 praefato
1643 1601 1838 1662 Belvacensi
1854 1602 1929 1677 epis·

1145 1717 1226 1777 copo
1258 1701 1353 1760 nobis
1380 1701 1582 1770 insinuante,
1607 1701 1692 1776 quod
1713 1699 1832 1760 litterae
1855 1701 1928 1776 ipsae

1145 1815 1210 1858 non
1231 1799 1396 1858 iaciebant
1418 1799 1457 1858 de
1480 1797 1655 1874 praebenda
1678 1797 1928 1872 Rothomagensi

1145 1897 1289 1974 aliquam
1305 1897 1516 1966 mentionem,
1530 1911 1568 1956 ac
1580 1893 1777 1972 postulante,
1792 1897 1828 1954 ut
1839 1910 1930 1971 super

1145 1995 1208 2056 hoc
1228 1995 1268 2054 ab
1287 1995 1491 2072 impetitione
1507 1994 1636 2070 praerau
1652 1993 1802 2068 magistri
1826 1993 1930 2052 absol·
2009 1981 2010 1984 '

1145 2109 1297 2153 voremus
1326 2093 1492 2164 eumdem,
1520 2091 1666 2168 praelatis
1703 2091 1930 2152 executoribus

1145 2191 1295 2251 dedimus
1320 2191 1353 2250 in
1374 2190 1549 2261 mandatis,
1575 2191 1610 2250 ut
1634 2190 1662 2249 si
1684 2206 1738 2250 res
1763 2189 1876 2252 taliter
1900 2205 1930 2248 se

1146 2288 1293 2359 haberet,
1306 2288 1338 2347 in
1348 2288 1480 2363 negotio
1501 2303 1567 2350 non
1580 2288 1796 2364 procederent
1810 2302 1931 2347 memo·

1145 2388 1229 2447 rato.
1244 2389 1388 2462 Cumque
1413 2385 1512 2446 iidem
1542 2388 1737 2446 executores
1759 2385 1930 2446 terminum
2014 2373 2015 2398 ¹

1146 2483 1295 2560 partibus
1323 2485 1551 2558 assignassent
1580 2484 1620 2544 ad
1648 2483 1931 2560 interloquendum
2015 2467 2016 2492 ¹

1146 2585 1255 2642 utrum
1272 2582 1459 2644 mandatum
1481 2582 1670 2659 hujusmodi
1685 2581 1818 2642 obstare
1840 2579 1932 2640 debe-

1145 2682 1197 2740 ret
1222 2680 1390 2756 processui
1411 2680 1611 2750 eorumdem,
1627 2681 1659 2741 et
1683 2679 1723 2740 ad
1744 2680 1930 2756 petitionem
2018 2750 2019 2756 ἵ

1146 2777 1273 2853 praeiati
1303 2777 1454 2852 magistri
1487 2777 1646 2839 citassent
1677 2777 1863 2836 Guidonem
1895 2775 1931 2834 de
2019 2844 2020 2854 .

1146 2877 1303 2950 PugiaoO,
1321 2876 1375 2950 qui
1397 2874 1567 2935 obtinebat
1591 2875 1814 2950 praebendam,
1841 2891 1931 2952 quam
2020 2938 2021 2956 χ

1146 2973 1232 3033 idem
1246 2972 1403 3048 magister
1418 2972 1459 3033 ad
1475 2989 1509 3032 se
1523 2973 1688 3048 pertinere
1703 2971 1845 3044 dicebat,
1865 2973 1930 3048 ipso

1146 3071 1303 3146 magistro
1324 3086 1389 3130 non
1411 3073 1622 3146 comparente
1639 3070 1673 3132 in
1694 3070 1837 3131 termino
1856 3071 1929 3130 assi·

1146 3169 1256 3243 gnato,
1278 3171 1311 3228 et
1334 3168 1522 3234 cavillante,
1545 3169 1631 3244 quod
1659 3184 1726 3228 non
1750 3168 1870 3243 agebat
1894 3168 1929 3228 de

1147 3264 1324 3325 obtinenda
1341 3264 1528 3340 praebenda,
1542 3263 1599 3324 sed
1615 3265 1723 3342 potius
1736 3263 1777 3324 de
1792 3263 1931 3332 obtenta,

1146 3361 1289 3423 tamdem
1322 3362 1495 3423 intimante
1527 3361 1623 3423 nohis
1646 3363 1718 3438 ipso
1742 3361 1932 3424 Belvacensi

1147 3461 1312 3536 episcopo,
1330 3459 1415 3536 quod
1445 3461 1544 3520 iidem
1568 3462 1764 3521 executores
1787 3463 1860 3536 ejus
1882 3475 1933 3521 ca-

1148 3557 1374 3618 villationibus
1390 3557 1463 3633 plus
1482 3557 1591 3618 debito
1605 3558 1815 3633 indulgentes
1831 3574 1934 3634 apro-

1148 3672 1244 3716 cessu
1256 3656 1378 3730 negotii
1395 3670 1460 3714 non
1477 3655 1650 3717 cessabant
1665 3671 1855 3733 quanquam
1870 3673 1932 3716 sae·

1149 3753 1297 3830 pedictus
1313 3753 1470 3828 magister
1485 3769 1653 3830 nunquam
1675 3753 1850 3816 habuisset
1866 3769 1934 3814 cor-

1149 3851 1295 3927 poralem
1324 3851 1565 3926 possessionem
1585 3851 1772 3926 saepedictae
1788 3851 1933 3927 praeben-

1148 3948 1208 4018 dae,
1234 3949 1417 4010 venerabili
1442 3947 1539 4009 tratri
1561 3951 1725 4009 nostro...
1756 3949 1933 4014 Parisiensi

1148 4047 1302 4122 episcopo
1318 4048 1350 4106 et
1368 4045 1444 4105 aliis
1460 4046 1539 4106 dicti
1559 4045 1684 4122 negotii
1708 4047 1934 4108 executoribus
1996 4063 2003 4082 ·

1148 4143 1296 4204 dedimus
1308 4143 1342 4203 in
1356 4143 1531 4214 mandatis,
1544 4148 1579 4204 nt
1592 4144 1621 4204 si
1634 4145 1802 4205 constaret
1816 4144 1932 4204 eisdem

1148 4241 1360 4316 saepedictum
1377 4241 1570 4316 magistrum
1586 4241 1735 4302 obtinere
1748 4242 1783 4302 in
1799 4241 1934 4302 ecclesia

1149 4339 1407 4414 Rothomagensi
1430 4339 1763 4416 praehendam,idque
1784 4355 1934 4417 suppres-

1149 4437 1233 4497 sisse
1258 4438 1292 4497 in
1314 4436 1447 4507 litteris,
1473 4451 1556 4512 quas
1579 4453 1598 4497 a
1626 4437 1721 4497 nohis
1746 4437 1934 4514 impetrarat

1148 4535 1189 4594 ad
1207 4535 1297 4610 ipsos
1324 4549 1382 4610 pro
1401 4532 1577 4610 praehenda
1594 4534 1743 4594 ecclesiae
1759 4535 1936 4596 Belvacen·

1149 4633 1206 4702 sis,
1223 4633 1412 4692 nullalenus
1435 4632 1632 4692 auctoritate
1653 4632 1870 4707 procederent
1887 4647 1935 4692 ea·

1148 4731 1308 4801 rumdem,
1327 4729 1391 4790 nisi
1408 4729 1491 4790 sorte
1508 4729 1594 4789 idem
1614 4731 1772 4805 magister
1786 4729 1936 4792 ostende-

1148 4831 1198 4888 ret
1211 4844 1246 4887 se
1262 4827 1467 4902 corporalem
1482 4827 1515 4888 et
1534 4827 1706 4903 pacitlcam
1726 4827 1833 4904 ipsius
1854 4843 1935 4905 prae-

1148 4925 1263 4986 bendae
1297 4925 1539 5001 possessionem
1568 4924 1747 5002 aliquando
1772 4925 1933 4986 hahuisse.

1149 5025 1293 5098 Cumque
1309 5022 1406 5083 iidem
1424 5025 1534 5098 partes
1550 5023 1591 5082 ad
1614 5039 1707 5082 suam
1730 5023 1935 5098 praesentiam

1149 5121 1386 5181 convocassent
1410 5137 1486 5195 pars
1514 5120 1745 5195 praedictorum
1782 5119 1934 5196 episcopi,

1149 5221 1182 5279 et
1202 5219 1339 5294 capituli
1361 5220 1560 5277 recusarunt
1586 5218 1693 5292 ipsum
1716 5219 1935 5278 Parisiensem

1150 5316 1339 5392 episcopum
1356 5315 1391 5375 ut
1411 5316 1599 5390 suspectum
1616 5330 1675 5391 pro
1698 5331 1750 5385 eo,
1774 5315 1860 5391 quod
1876 5313 1934 5374 ad-

1150 5416 1302 5475 vocatum
1323 5413 1427 5489 partis
1452 5412 1591 5473 alterius
1606 5413 1774 5484 clericum,
1792 5415 1825 5474 et
1846 5428 1935 5474 com-

1150 5511 1332 5572 mensalem
1346 5527 1442 5571 suum
1456 5511 1571 5572 contra
1585 5526 1642 5571 eos
1655 5510 1690 5571 in
1706 5525 1808 5571 causa
1825 5510 1935 5572 eadem

1150 5612 1198 5672 eis
1212 5609 1470 5672 reclamantibus
1484 5608 1687 5680 admittebat,
1704 5625 1778 5667 cum
1803 5607 1936 5669 dixisset
