4032 6326
266 329 324 390 2⁷1
886 335 1061 398 uonoan
1085 309 1129 398 iii
1151 337 1298 400 orani.
1888 325 1944 388 aa

266 486 1058 571 uenerabilibusfratribusarcbiepiscopoSeno·
1113 495 1235 578 nentiis
1256 493 1339 566 siits,
1363 492 1397 557 et
1410 489 1497 557 alias
1517 486 1774 570 possessiones
1795 485 1941 562 uestras,

201 602 205 610 ·
267 585 365 647 nansi
381 586 647 662 etsuffraganeis
660 593 744 666 ejus,
761 591 902 653 salutem
913 593 947 654 et
958 595 1060 670 Apos-
1113 609 1187 654 cuin
1201 592 1317 670 pratis,
1329 591 1448 662 vineis,
1465 591 1579 658 terris.
1597 587 1835 658 nemoribus,
1848 601 1945 646 usua-

266 682 401 744 tolicam
415 683 690 747 benedictionem.
1113 690 1177 766 giis
1193 693 1227 752 et
1249 688 1382 766 pascuis
1407 688 1441 749 in
1463 687 1563 750 bosco
1583 692 1616 750 et
1634 688 1770 764 plano,
1789 684 1831 744 iii
1848 682 1943 759 aquis

307 781 382 840 Non
398 780 521 858 absque
534 782 648 845 dolore
663 786 772 846 cordis
783 787 816 848 et
830 787 973 864 plurima
988 785 1061 847 tur·
1114 789 1146 850 et
1172 786 1385 858 molendinis,
1413 785 1449 846 iii
1481 785 1546 846 uiis
1561 789 1594 848 et
1617 784 1782 854 semitis,
1812 783 1850 842 et
1875 797 1946 842 om·

266 875 402 938 batione
426 878 619 953 didicimus,
649 882 733 959 quod
758 883 804 946 ita
831 884 866 944 in
894 883 1060 960 plerisque
1115 884 1211 945 nibus
1243 884 1319 946 aliis
1349 883 1558 946 libertatibus
1585 885 1618 944 et
1641 877 1943 944 immunitatibus

267 973 417 1064 partibus
440 975 667 1040 ecclesiastica
690 994 831 1040 censura
855 980 1059 1051 dissolvitur,
1115 984 1195 1044 suis.
1211 985 1298 1044 Sane
1312 981 1462 1043 laborum
1476 982 1663 1043 uestrorum
1676 979 1730 1040 de
1746 977 1944 1054 possessio·

268 1075 345 1144 eto,
362 1073 449 1134 utin
463 1076 558 1136 bullis
572 1077 948 1149 superioribusbatum
959 1077 1060 1138 Late·
1114 1079 1213 1142 nibus
1234 1078 1357 1140 habitis
1378 1079 1456 1140 ante
1479 1077 1663 1139 Concilium
1686 1073 1889 1152 generale,
1906 1089 1942 1135 ac

267 1172 355 1240 rani,
380 1171 439 1231 XV
458 1170 619 1233 kalendas
643 1172 820 1247 februarii,
852 1174 1061 1252 pontificatus
1115 1178 1216 1240 ctiam
1237 1176 1418 1248 novalium,
1434 1190 1507 1253 quai
1521 1174 1665 1251 propriis
1683 1170 1873 1235 manibus
1888 1172 1943 1232 aut

268 1266 375 1338 110⁸tri.
392 1283 480 1330 anno
500 1269 651 1346 septimo.
1116 1273 1299 1350 sumptibus
1310 1273 1430 1345 colitis,
1447 1273 1517 1334 sive
1528 1271 1684 1334 deboitis
1702 1270 1746 1332 et
1760 1267 1940 1344 virgultis,

1116 1372 1149 1432 et
1175 1369 1414 1447 piscationibus
1437 1371 1570 1441 restris,
1592 1368 1646 1430 vel
1667 1367 1717 1430 de
1733 1366 1941 1428 vestrorum
1996 1391 1997 1426 i

1116 1468 1310 1530 animalium
1326 1467 1548 1538 nutrimentis,
1572 1466 1685 1528 nullus
1706 1478 1733 1526 a
1760 1461 1941 1526 vobisde-

621 1571 710 1660 LIV
1116 1565 1220 1626 cimas
1249 1563 1384 1642 exigere
1412 1563 1466 1626 vel
1494 1564 1694 1640 extorquere
1725 1561 1937 1638 praesumai.
1996 1543 1997 1594 ³

631 1663 633 1667 ’
856 1735 861 1748 ,
1116 1662 1231 1724 Liceat
1245 1661 1477 1740 quoquevobis
1490 1675 1649 1738 personas
1664 1659 1814 1720 liberas
1834 1654 1938 1718 etab-

268 1731 487 1801 Adabbatem
508 1733 676 1844 d⁶P⁰r²²f
698 1735 803 1810 Rem
823 1733 1062 1796 ‘mmm
1116 1758 1411 1822 solutasesaeculo
1425 1757 1590 1834 fugientes
1601 1757 1643 1818 ad
1657 1755 1937 1819 conversionem
1996 1787 1997 1790 =

596 1833 739 1892 muns·
1116 1858 1277 1933 recipere,
1303 1871 1343 1917 ac
1366 1871 1424 1918 eas
1446 1854 1570 1934 absque
1584 1853 1796 1916 conditione
1820 1851 1934 1928 aliqua

526 1970 560 2028 l8
576 1969 700 2043 januarii
723 1971 800 2029 1223,
1115 1955 1273 2016 retinere.
1299 1951 1519 2020 probibemus
1540 1952 1676 2028 iusuper
1696 1951 1739 2012 ut
1766 1949 1864 2010 nulli
1882 1963 1936 2008 so-

454 2057 718 2157 [debuccinemus
741 2093 785 2155 lv,
806 2091 876 2158 tia]
1117 2067 1229 2114 rorum
1255 2052 1462 2121 vestrarum,
1490 2049 1564 2126 post
1594 2047 1717 2110 factam
1742 2047 1787 2108 in
1820 2049 1932 2108 vestro

366 2215 371 2228 .
613 2217 619 2230 ,
643 2215 649 2230 ,
696 2217 701 2228 ,
931 2217 936 2230 ,
1117 2148 1318 2211 monasterio
1334 2146 1584 2226 professionem,
1599 2145 1648 2208 fas
1664 2146 1708 2208 sit
1724 2146 1813 2206 sine
1828 2142 1934 2204 abba·

269 2213 399 2284 Abbatia
413 2217 530 2274 tutelam
545 2225 663 2290 suscipit
677 2231 795 2291 ejusque
806 2231 908 2274 omues
919 2215 1063 2274 libertates
1116 2246 1208 2308 tissae
1222 2262 1291 2307 Μ
1305 2245 1441 2307 lieentia
1454 2245 1494 2306 de
1505 2244 1621 2306 eodem
1634 2243 1710 2304 1000
1719 2241 1928 2313 discedam

305 2310 334 2362 et
348 2304 543 2367 immunitates
555 2305 890 2378 aucto=·itatebpostotica
902 2303 1061 2362 confirmat.
1117 2343 1339 2405 discedentem
1362 2358 1442 2404 vem
1464 2342 1590 2419 absque
1610 2340 1857 2404 communium
1875 2337 1931 2399 111.

270 2453 274 2460 ’
309 2440 480 2503 Honorius
491 2441 676 2518 episcopus,
687 2439 1061 2512 seruasservorumDei,
1117 2441 1263 2502 terarum
1278 2441 1466 2501 vestrarum
1486 2439 1640 2502 cautione
1664 2438 1789 2500 nullus
1806 2434 1928 2498 audeat

271 2536 401 2601 dilectis
414 2537 729 2600 inchristoftliabus
740 2536 915 2598 abbatissae
929 2551 1065 2598 monas-
1117 2538 1274 2606 retinere,
1310 2537 1393 2598 illud
1420 2536 1602 2598 districtius
1635 2535 1870 2604 inhibenteS,
1889 2545 1928 2591 ne

270 2636 349 2698 terii
372 2636 414 2697 de
434 2637 536 2698 Portu
556 2635 656 2711 Regis
680 2633 908 2696 cisterciensis
923 2633 1061 2707 ordinis,
1118 2637 1224 2700 terras
1251 2650 1309 2696 seu
1336 2633 1504 2712 quodlibet
1528 2633 1727 2694 beneficium
1769 2628 1924 2694 ecclesia

271 2736 410 2811 ejusque
430 2732 612 2807 sororibus,
636 2733 705 2794 tam
720 2730 951 2809 'praesentibus
966 2747 1064 2817 quam
1117 2735 1237 2794 vestrae
1259 2731 1431 2804 collatum,
1448 2731 1548 2793 liceat
1568 2730 1671 2792 alicui
1690 2727 1927 2808 personaliter

271 2830 406 2900 ftituris,
422 2831 611 2907 regularem
622 2830 724 2892 uitam
739 2828 909 2908 professis.
1118 2831 1204 2904 dari,
1227 2831 1298 2891 sive
1317 2829 1384 2891 alio
1408 2829 1504 2890 modo
1520 2827 1663 2891 alienari
1684 2827 1821 2906 absque
1845 2839 1924 2886 oon-

312 2931 350 3000 ln
369 2928 499 2998 Christo
517 2928 709 3004 religiosam
737 2927 840 2990 vitam
863 2925 1065 3003 eligentibus
1119 2943 1219 2990 sensu
1242 2927 1346 2989 totius
1368 2926 1520 3003 capituli,
1544 2925 1599 2987 iel
1620 2925 1763 3003 majoris
1781 2925 1845 2986 aut
1866 2937 1922 2982 sa-

271 3025 498 3104 Apostolicum
526 3025 682 3088 convenit
708 3025 826 3086 adesse
850 3023 1063 3102 praesidium,
1119 3026 1223 3088 nioris
1239 3025 1342 3103 partis
1352 3025 1469 3101 ipsius.
1487 3023 1521 3084 Si
1537 3037 1611 3100 quae
1625 3039 1705 3084 vero
1716 3021 1920 3084 donationes

270 3137 314 3185 ne
342 3121 427 3184 forte
457 3122 634 3200 cujuslibet
665 3121 862 3184 teineritatis
896 3122 1063 3192 incursus,
1118 3124 1170 3186 rel
1206 3121 1425 3184 alienationes
1457 3120 1557 3182 aliter
1581 3135 1680 3198 quani
1705 3119 1841 3182 dictum
1873 3114 1921 3176 esi

271 3221 330 3282 aut
342 3235 429 3280 easa
444 3219 613 3295 proposito
628 3220 771 3289 revocet,
784 3219 841 3278 aut
852 3218 965 3286 robur,
979 3216 1065 3294 quod
1118 3220 1214 3284 tactis
1237 3219 1370 3290 fuerint,
1394 3233 1451 3279 aas
1481 3218 1595 3280 irritas
1624 3233 1697 3278 esse
1726 3229 1916 3279 censemus.

271 3315 369 3387 absit,
381 3330 486 3376 sacrae
494 3313 667 3390 religionis
681 3313 852 3389 infringat.
870 3314 1064 3390 Eapropter,
1120 3321 1258 3395 Insuper
1280 3317 1478 3378 auctoritate
1500 3315 1690 3393 Apostolioa
1712 3314 1918 3377 inhibemus,

272 3413 406 3474 dilectae
426 3411 462 3472 in
481 3411 611 3473 Christo
627 3409 716 3484 filia,
732 3411 852 3474 restris
863 3410 965 3486 Justis
983 3427 1065 3487 pos·
1120 3431 1162 3477 ne
1174 3413 1512 3490 uitusepiscopusvel
1524 3412 1755 3490 quaelibetalia
1775 3422 1917 3490 persona

270 3506 488 3571 inlationibus
515 3507 697 3568 clementer
719 3506 909 3578 annuimus,
927 3505 960 3568 et
975 3523 1064 3582 prae-
1119 3513 1161 3576 ad
1183 3511 1326 3590 synodos
1341 3510 1394 3573 vel
1410 3513 1592 3572 conventus
1611 3510 1765 3572 forenses
1782 3524 1845 3572 νοε
1858 3507 1915 3574 ire,

270 3605 376 3669 fatum
399 3605 636 3674 monasterium
666 3604 795 3669 Sanctae
816 3603 1066 3665 uciaenitiicts
1119 3610 1172 3672 vel
1183 3609 1310 3688 judicio
1325 3608 1480 3670 saeculari
1496 3608 1537 3670 de
1551 3609 1662 3670 vestra
1677 3607 1820 3685 propria
1835 3601 1913 3664 sub·

271 3704 307 3767 et
329 3703 477 3780 Virginis
498 3702 613 3763 Mariae
632 3701 672 3763 de
695 3703 797 3763 Portu
818 3701 929 3776 Regis,
951 3701 1066 3777 inquo
1120 3708 1242 3770 stantia
1257 3707 1309 3768 uel
1322 3705 1590 3783 possessionibus
1602 3705 1724 3767 vestris
1739 3705 1916 3782 subjacere

274 3802 388 3864 divino
403 3802 484 3863 estis
500 3800 658 3876 obsequio
674 3799 882 3876 mancipatae,
900 3797 960 3860 sub
974 3797 1067 3861 beati
1120 3806 1306 3882 compellat,
1329 3819 1391 3864 nec
1413 3802 1454 3864 ad
1470 3803 1584 3864 domos
1598 3803 1727 3863 vestras
1741 3816 1849 3863 causa
1863 3811 1914 3860 or-

272 3899 365 3961 Petri
387 3901 419 3960 et
442 3901 556 3960 nostra
575 3899 780 3974 protectione
806 3897 1016 3974 suscipimus,
1035 3899 1068 3959 et
1121 3901 1217 3962 dines
1237 3898 1439 3968 celebrandi,
1457 3914 1576 3960 causas
1589 3899 1766 3970 tractandi,
1786 3897 1842 3960 vel
1856 3892 1915 3956 ali-

273 3997 449 4074 praesentis
471 3996 585 4071 scripti
611 3995 787 4071 privilegio
813 3995 1066 4066 communimus,
1121 4013 1203 4073 quos
1218 3998 1400 4056 conventus
1419 3994 1567 4070 publicos
1580 3994 1788 4056 convocandi
1803 3991 1912 4054 venire

273 4093 311 4155 in
325 4093 443 4169 primis
459 4090 620 4167 siquidem
640 4091 835 4161 statuentes,
852 4092 889 4153 ut
903 4091 983 4152 ordo
997 4107 1069 4151 mo·
1122 4093 1310 4169 praesumat,
1325 4107 1387 4152 nec
1399 4091 1587 4167 regularem
1601 4091 1802 4152 electionem
1815 4089 1913 4152 abba·

267 4189 423 4251 'nasticiis
445 4186 501 4264 qui
525 4185 706 4247 secundum
731 4187 905 4247 Dominum
927 4186 960 4247 et
979 4185 1068 4246 beati
1120 4190 1212 4251 tissae
1228 4189 1346 4250 vestrae
1368 4187 1538 4264 impediat,
1566 4189 1624 4250 aut
1652 4188 1693 4249 de
1712 4183 1911 4252 instituenda

274 4285 445 4350 Benedicti
460 4284 611 4360 regulam
621 4284 724 4359 atque
738 4281 980 4344 institutionem
997 4281 1069 4341 Cis·
1122 4287 1174 4346 uel
1196 4283 1396 4345 removenda
1411 4299 1462 4356 ea,
1478 4301 1551 4361 quae
1566 4301 1626 4362 pro
1641 4285 1791 4361 ternpore
1805 4281 1909 4350 fuerit,

206 4401 214 4424 ¹
273 4382 491 4449 terciensium
518 4381 658 4442 fratrum
683 4381 718 4440 in
739 4378 853 4440 eodem
866 4378 1069 4438 monasterio
1123 4385 1238 4444 contra
1260 4381 1384 4442 statuta
1403 4381 1633 4443 Cisterciensis
1648 4381 1775 4444 ordinis
1797 4377 1908 4442 seali-

274 4483 446 4546 institutus
470 4494 544 4542 esse
568 4477 783 4554 dignoscitur,
808 4475 976 4551 perpetuis
1001 4474 1069 4535 ibi·
1123 4480 1285 4554 quatenus
1301 4478 1509 4540 intromittat.
1529 4483 1594 4540 Pro
1609 4476 1910 4541 consecrationibus

275 4582 350 4644 deni
376 4577 579 4656 temporibus
605 4573 844 4637 inviolabiliter
864 4571 1066 4633 observetur.
1123 4590 1202 4636 vero
1212 4574 1368 4636 altarium
1381 4575 1435 4636 uel
1447 4577 1678 4646 ecelesiarum,
1693 4577 1764 4638 sire
1772 4593 1833 4653 pro
1844 4573 1908 4635 oleo

276 4679 445 4741 Praeterea
471 4689 695 4752 quascumque
717 4669 956 4750 possessiones,
979 4684 1071 4745 quee—
1124 4674 1251 4742 sancto,
1266 4672 1319 4733 vel
1334 4671 1793 4748 quolibetalioecclesiastioo
1810 4683 1910 4734 sacra-

275 4790 417 4851 oumque
430 4772 616 4834 bonaidem
627 4769 866 4832 monasterium
879 4767 915 4827 in
928 4781 1071 4843 praesen·
1123 4771 1233 4830 mento
1249 4769 1395 4829 nullnsa
1416 4767 1510 4828 vobis
1533 4769 1593 4830 sub
1617 4769 1753 4832 obtentu
1774 4779 1908 4832 consue-

274 4873 397 4936 tiarum
418 4871 510 4950 juste
525 4885 564 4930 ac
589 4867 747 4929 canonice
772 4864 930 4943 possidet,
956 4863 1070 4926 autin
1123 4863 1267 4934 tudinis,
1294 4864 1346 4926 vel
1375 4864 1442 4925 alio
1470 4866 1566 4926 modo
1591 4867 1769 4943 quidquam
1795 4861 1910 4928 audeat

275 4971 423 5034 futurum
439 4965 655 5030 concessione
675 4965 878 5041 pontificum,
894 4962 1070 5037 largitione
1124 4961 1340 5036 extorquere,
1365 4961 1423 5020 sed
1453 4960 1525 5022 liaeo
1551 4963 1663 5024 omnia
1691 4963 1795 5039 gratis
1825 4959 1906 5026 vobis
1937 5029 1938 5033 Ἰ

275 5083 393 5146 regum
415 5064 468 5128 vel
492 5061 697 5142 principum,
715 5060 882 5122 oblatione
911 5059 1069 5130 fidelium,
1125 5057 1299 5133 episcopus
1318 5057 1527 5118 dioecesanus
1557 5058 1742 5136 impendat,
1768 5057 1908 5137 alioquin
1989 5058 1991 5066 ⁴

169 5173 173 5180 '
276 5183 336 5230 seii
361 5165 438 5228 aliis
461 5157 699 5239 justismodis,
726 5157 904 5232 praestante
919 5155 1069 5227 Domino,
1125 5153 1907 5232 liceatvobisquemcumquemalueritiscatlioli·

274 5263 397 5343 poterit
410 5245 562 5338 adipisci,
578 5253 776 5316 firmavobis
794 5253 827 5314 et
841 5253 902 5321 eis,
918 5268 992 5327 quae
1007 5267 1070 5313 νο·
1125 5267 1199 5311 cum
1222 5251 1315 5311 adire
1336 5251 1528 5323 antistitem,
1549 5255 1691 5328 gratiam
1712 5255 1746 5317 et
1770 5267 1908 5316 cominu·

274 5364 327 5426 bis
343 5355 574 5428 successerint,
592 5353 625 5415 at
640 5350 768 5412 illibata
792 5349 1019 5425 permaneant,
1036 5348 1071 5414 in
1125 5348 1259 5409 nionem
1289 5347 1487 5424 Apostolicae
1518 5349 1612 5410 Sedis
1640 5351 1834 5424 habentem,
1860 5346 1906 5427 qut

277 5458 396 5539 quibus
418 5456 491 5516 haec
514 5451 658 5531 propriis
682 5447 839 5510 duximus
855 5443 1072 5520 exprimenda
1126 5448 1239 5507 nostra
1255 5443 1359 5506 fretus
1373 5444 1569 5507 auctoritate
1585 5447 1678 5509 vobis
1698 5450 1785 5525 quod
1804 5451 1907 5527 postu·

276 5554 460 5624 vocabulis.
485 5537 607 5614 Locum
629 5549 737 5626 ipsum
757 5547 792 5606 in
814 5558 877 5621 quo
898 5540 1072 5620 praefatum
1126 5541 1215 5602 latur
1238 5539 1416 5618 impendat.
1442 5542 1532 5614 Quod
1560 5542 1589 5604 st
1618 5544 1712 5607 sedes
1738 5541 1906 5610 dioecesani

277 5652 514 5732 monasterium
528 5650 628 5712 situm
639 5651 700 5718 est,
718 5659 792 5708 cuin
804 5639 955 5707 omnibus
969 5637 1074 5715 perti-
1126 5637 1273 5714 episcopi
1304 5638 1388 5700 forte
1419 5641 1604 5712 vacaverit,
1638 5642 1773 5708 interim
1807 5642 1906 5708 omnia
