4080 6328
324 293 384 356 927

322 451 440 514 lati0nl
471 453 564 527 cnjus
598 450 720 514 dicitur
753 449 923 514 detulisse.
960 451 1119 514 Nolentes

323 549 437 626 igitur,
455 550 491 610 ut
510 549 707 626 saepediclus
722 549 864 610 clericus
881 550 929 609 sic
943 549 1119 611 frustratus

324 664 344 709 a
364 646 459 710 robis
477 647 662 709 litterarum
676 648 865 708 nostrarum
881 647 1051 708 commodo
1067 647 1121 706 ul-

322 747 427 807 terius
465 746 696 821 snspendatur‚
722 745 816 805 vobis
845 744 983 804 firmiter
1006 743 1136 820 praeci·

325 843 445 921 plendo
460 844 667 915 maneamne,
687 844 850 919 quatenus
868 841 1043 903 occasione
1057 841 1121 902 llu-

320 941 489 1020 jusmodi‚
516 956 614 1018 quam
641 941 833 1016 reputamus
860 939 1024 1010 frivolam,
1053 955 1119 999 non

324 1039 486 1109 obstante,
518 1038 707 1099 mandatum
731 1040 881 1098 nostrum
911 1038 1033 1097 advos
1060 1053 1119 1113 pro

323 1139 396 1214 ipso
412 1137 572 1198 directum
586 1137 697 1198 taliter
715 1136 787 1196 sine
802 1135 996 1196 dilllcultate
1011 1134 1121 1210 quali-

323 1235 379 1298 bet
394 1234 624 1311 exsequimini,
645 1234 730 1310 quod
755 1237 787 1294 et
808 1234 879 1309 ipse
904 1233 1038 1309 propter
1057 1231 1121 1292 hoc

325 1333 366 1394 ad
382 1347 443 1394 nos
468 1333 608 1394 ulterius
624 1347 689 1392 uon
711 1332 874 1402 recurrat,
895 1345 956 1390 neo
970 1346 1029 1391 vos
1043 1345 1121 1406 pos-

260 1503 265 1512 ,
326 1432 400 1493 sitis
416 1431 455 1491 de
466 1429 690 1491 inobedientia
703 1428 914 1505 reprehendi,
927 1443 999 1504 quae
1014 1427 1121 1489 idolo-

324 1529 431 1590 latriae
445 1529 665 1604 comparatur.
683 1527 774 1597 Quod
788 1527 816 1586 si
827 1543 892 1587 non
913 1541 1038 1598 omnes,
1056 1526 1118 1586 eto.

325 1629 444 1688 Datum
470 1627 583 1698 Reate,
608 1625 717 1684 idibus
735 1623 942 1701 septembrio,
966 1639 1052 1685 anno
1067 1623 1122 1684 de·

325 1725 421 1786 ormo.

640 1831 806 1917 XXXIII

323 1966 376 2026 Ad
389 1966 542 2027 abbatem
553 1966 672 2027 Sonclt
689 1968 876 2027 Godardl...
891 1963 1121 2037 propositam

363 2067 553 2135 Albensem,
567 2067 768 2124 Genriensls
792 2062 825 2122 el
855 2061 1121 2134 vesprimiensis

364 2163 544 2221 dioecesum
562 2161 594 2220 ol
608 2161 818 2235 incapacem
829 2162 933 2229 Enoc,
945 2159 1121 2218 orchidia-

364 2272 488 2318 eonnm
501 2259 728 2320 Nitrienscm.

567 2380 606 2436 lo
627 2378 767 2451 septemb.
788 2379 866 2436 1225.

458 2493 586 2558 [Theiuen
603 2494 669 2544 lllon.
683 2494 774 2556 Hung„
787 2493 806 2552 I,
817 2493 858 2550 ol,
869 2507 894 2543 n.
907 2493 973 2557 lea]

324 2601 471 2662 iudicibus
491 2599 652 2668 mandatur,
678 2607 709 2656 ut
731 2599 766 2656 de
794 2599 843 2657 lite
858 2601 931 2656 iuter
955 2599 1120 2672 episcopum

359 2681 602 2754 vesprimiensem
616 2688 644 2737 et
657 2677 756 2737 iratres
766 2679 921 2750 Hospitalis
931 2679 1083 2750 inquirent.

176 2769 180 2777 ’
258 2861 262 2876 ,
364 2797 544 2864 nononus,
572 2797 673 2869 eto...,
700 2795 981 2858 nuenarius...
1010 2793 1121 2858 annau

327 2895 439 2959 Sancti
463 2894 644 2965 nodarat,
666 2893 843 2971 praeposito
869 2893 1016 2965 Albensi,
1039 2895 1122 2954 Geu-

328 2993 451 3056 riensis
466 2993 511 3054 et
526 2990 782 3068 VesprImiensis
798 2991 987 3062 dioecesum,
1008 2992 1041 3051 et
1055 3006 1122 3051 ma.

324 3087 429 3168 gistro
458 3092 548 3152 Enoc
576 3089 812 3150 archidiacono
839 3087 1013 3159 Nitriensi‚
1034 3088 1121 3148 salu-

327 3189 484 3256 temeto.

364 3282 557 3346 Venerabili
584 3282 680 3344 fratri
706 3283 856 3353 nostro,
881 3281 1120 3358 vesprimiensi

326 3382 501 3458 episcopo,
536 3380 569 3441 et
598 3376 716 3441 dilecto
744 3378 812 3440 fllio
840 3381 878 3440 R.
912 3378 1121 3454 procuratori

327 3477 503 3555 hospitalis
537 3476 833 3554 Hierosolymilani
859 3476 905 3564 iu
937 3475 1119 3552 Hungaria,

325 3576 362 3637 in
385 3577 499 3638 nostra
525 3575 703 3651 praesentia
726 3573 924 3646 constitutis,
950 3573 1122 3636 venerabi·

327 3673 395 3734 lem
411 3672 547 3734 fratrem
567 3675 717 3734 nostrum
737 3673 773 3732 P.
800 3670 1021 3732 Albanensem
1037 3671 1122 3747 epis·

327 3769 445 3847 copum
471 3769 621 3830 dedimus
636 3769 834 3838 auditorem,
851 3784 962 3830 coram
976 3785 1039 3845 quo
1056 3768 1122 3829 dic·

325 3868 380 3928 tus
403 3863 498 3941 petiit
517 3866 712 3942 procurator
732 3864 895 3941 quandam
911 3863 1119 3934 sententiam,

326 3961 469 4023 alelieis
486 3962 654 4023 memoriae
666 3961 861 4022 Innocentio
877 3975 973 4037 papa,
988 3959 1120 4036 praede-

327 4073 461 4120 cessere
490 4059 605 4119 nostro
634 4074 693 4135 pro
719 4059 792 4134 ipso
822 4057 976 4134 episcopo
1005 4057 1120 4117 contra

225 4225 237 4246 ι
331 4155 452 4217 iratres
476 4141 771 4231 Hierosolymilani
796 4155 978 4231 Hospitalis
1008 4153 1121 4214 Sancti

329 4253 487 4330 Stephani
512 4252 675 4324 albensis,
698 4251 954 4328 vesprimiensis
970 4251 1121 4336 dioecesis

328 4367 427 4428 super
442 4345 637 4429 quibusdam
659 4349 796 4411 decimis
816 4350 1069 4427 promulgatam,
1086 4349 1121 4409 iu

328 4450 446 4510 melius
473 4449 681 4520 commutari,
703 4450 773 4510 tum
794 4449 878 4524 quod
902 4463 1003 4508 causa
1023 4463 1123 4524 super

327 4546 476 4625 praelatis
495 4545 633 4606 decimis
653 4561 765 4606 coram
790 4547 863 4622 ipso
878 4544 1122 4622 praedecessore

280 4720 285 4728 ‚
328 4644 443 4704 nostro
473 4657 531 4719 per
568 4642 687 4703 salsum
717 4644 963 4720 procuratorem
997 4641 1121 4718 agitata

328 4740 448 4812 luerat,
464 4743 500 4802 ut
509 4740 649 4812 dicebat,
658 4742 727 4802 tum
740 4739 825 4817 quod
839 4755 882 4801 ax
896 4740 989 4816 parte
1002 4739 1121 4815 hospi-

327 4837 406 4900 talis
418 4838 618 4898 necessariae
633 4837 841 4900 narrationes
865 4839 897 4898 et
910 4826 1122 4912 probationes

330 4935 474 5006 fuerant,
512 4935 600 4997 sicut
626 4935 806 5006 asserebat,
828 4933 972 5005 omissae,
995 4943 1067 5010 quae
1094 4931 1123 4992 si

943 289 1119 354 HONORII
1141 293 1186 352 111
1207 295 1354 358 OPERA.

1902 307 1951 366 v28

1173 467 1258 525 sum,
1272 456 1326 516 vel
1339 455 1456 516 saltem
1471 473 1571 518 unum
1587 459 1628 520 de
1643 459 1801 522 iratribus
1814 462 1882 522 suis
1898 469 1952 526 sta·

1174 550 1222 611 tui
1260 553 1407 629 ejusdem
1434 551 1609 631 hospitalis
1636 559 1809 634 syndicum
1833 562 1952 622 nomine

1175 650 1332 710 Romanae
1354 651 1521 736 Ecclesiae,
1543 653 1696 736 adquam
1711 658 1848 733 spectat,
1864 659 1952 719 eteul
2020 647 2021 652 ’

1174 745 1275 806 estin
1291 763 1357 810 una
1377 764 1489 810 marca
1511 752 1585 818 auri
1602 753 1699 812 annis
1720 754 1861 830 singulis
1885 771 1953 815 oen·

1175 843 1278 904 susle.
1302 846 1464 912 Praesatus
1480 864 1559 910 vero
1580 849 1755 926 episcopus
1770 853 1952 927 excipiendo

1174 941 1363 1016 respondit,
1401 945 1486 1020 quod
1527 962 1628 1022 super
1674 947 1727 1006 bis
1766 949 1953 1024 respondere

1174 1053 1241 1098 non
1269 1039 1442 1104 tenebatur
1457 1045 1666 1118 procuratori
1685 1046 1855 1124 praedicto,
1879 1049 1953 1124 quod

1175 1151 1249 1196 cum
1274 1154 1368 1212 per...
1398 1140 1438 1200 de
1462 1141 1587 1202 Tichon
1611 1144 1681 1204 et...
1703 1143 1743 1204 de
1758 1143 1889 1204 Bochan
1904 1145 1955 1204 ab·
2020 1147 2021 1154 ’

1174 1231 1279 1306 bates,
1301 1252 1382 1312 quos
1402 1237 1473 1314 ipse
1496 1239 1721 1314 praedecessor
1736 1243 1850 1302 noster
1863 1241 1955 1317 depu-

1176 1331 1459 1395 tavitexecutores
1470 1337 1643 1398 senteutiae
1660 1338 1870 1413 supradictae,
1884 1337 1955 1399 luis-
2020 1335 2021 1372 ³

1175 1429 1282 1490 setin
1307 1431 1541 1507 praedictarum
1556 1435 1759 1495 decimarum
1782 1438 1955 1511 possessio-

1176 1541 1250 1588 nem
1272 1528 1435 1600 inductus,
1463 1529 1581 1592 fratres
1601 1530 1680 1593 dicti
1699 1532 1873 1608 hospitalis
1887 1533 1954 1594 licet

1175 1625 1216 1686 ad
1236 1631 1365 1702 tempus
1384 1627 1448 1703 ipsi
1465 1629 1637 1689 sententiae
1653 1629 1855 1705 paruissent,
1877 1633 1955 1704 post-

1175 1721 1308 1782 modum
1323 1726 1435 1784 tamen
1460 1724 1568 1800 ipsum
1591 1725 1818 1802 spoliaverant
1833 1727 1955 1787 decimIs

1175 1821 1371 1882 antedictis:
1386 1837 1488 1899 quare
1518 1822 1659 1894 dicebat,
1680 1825 1767 1900 quod
1787 1825 1876 1885 stare
1899 1840 1955 1884 non

1176 1917 1315 1979 debebat
1331 1919 1365 1979 in
1385 1919 1512 1996 judicio
1534 1920 1704 1996 spoliatus.
1720 1921 1780 1987 His
1794 1923 1895 1996 igitur
1907 1937 1956 1997 per

1175 2016 1371 2077 relationem
1382 2017 1489 2092 ipsius
1506 2017 1667 2078 auditoris
1679 2019 1809 2094 plenius
1823 2019 1956 2081 intellec·

1174 2113 1228 2185 tis,
1258 2113 1344 2190 quod
1368 2115 1485 2176 neutra
1513 2131 1591 2192 pars
1617 2131 1743 2187 eorum,
1764 2133 1839 2193 quae
1854 2133 1954 2178 coram

1175 2211 1248 2286 ipso
1272 2212 1422 2273 auditore
1438 2213 1620 2288 proposuit,
1644 2214 1752 2290 potnit
1765 2215 1875 2276 lacere
1891 2215 1954 2290 ple-

1176 2323 1251 2368 nam
1272 2308 1379 2381 iidem,
1403 2309 1443 2370 de
1457 2309 1595 2370 fratrum
1615 2313 1805 2372 nostrorum
1829 2311 1955 2372 consilio

1176 2404 1367 2466 discretioni
1389 2407 1508 2467 vestrae
1524 2407 1564 2468 de
1588 2407 1761 2483 utriusque
1784 2410 1887 2483 partis
1905 2423 1955 2468 as·
2020 2431 2021 2446 ,

1177 2517 1276 2564 sensu
1303 2518 1364 2578 per
1386 2504 1575 2579 apostolica
1600 2505 1723 2581 scripta
1760 2505 1954 2576 mandamus,
2020 2491 2021 2550 Ῐ

1177 2603 1339 2677 quatenus
1359 2601 1446 2663 dicto
1463 2603 1617 2679 episcopo
1638 2604 1731 2680 prius
1754 2605 1881 2679 Integre
1893 2619 1956 2663 res·
2020 2607 2021 2612 ’

1176 2699 1283 2770 cnuto,
1301 2700 1329 2759 si
1340 2715 1375 2760 se
1385 2697 1576 2776 probaverit
1590 2701 1778 2777 spoliatum,
1796 2705 1829 2762 et
1843 2717 1957 2778 posses·
2020 2685 2021 2718 I

1176 2797 1302 2859 sionem
1312 2795 1489 2873 ‚pacificam
1505 2799 1668 2871 assecuto,
1685 2799 1832 2860 audiatis
1843 2815 1880 2860 ea
1893 2813 1964 2875 que.

1176 2909 1252 2970 pars
1281 2894 1455 2970 hospitalis
1477 2911 1578 2973 super
1600 2895 1684 2957 falso
1705 2899 1916 2972 procuratore
1930 2897 1956 2956 el

1176 2989 1425 3067 probationibus
1438 2990 1580 3064 omissis
1606 3007 1734 3053 necnon
1749 3007 1790 3052 ea
1809 3008 1881 3068 quae
1895 2991 1956 3051 dio-

1174 3089 1228 3149 tus
1254 3087 1428 3165 episcopus
1452 3103 1512 3166 pro
1536 3103 1572 3149 se
1594 3088 1727 3150 duxerit
1741 3087 1954 3166 proponenda,
2020 3111 2021 3158 3

1176 3201 1374 3264 causamque
1396 3199 1496 3261 super
1517 3185 1710 3262 praenotatis
1731 3185 1881 3247 articulis
1896 3183 1957 3245 sus·
2020 3177 2021 3260 ξ

1175 3282 1325 3344 dolenter
1338 3282 1535 3344 instructam
1557 3283 1598 3343 ad
1619 3284 1768 3345 nostrum
1793 3281 1956 3344 remittatis
2020 3273 2021 3282 ‘

1175 3395 1335 3452 examen,
1366 3379 1574 3457 praefigentes
1607 3377 1756 3456 partibus
1790 3381 1956 3441 terminum

1176 3477 1425 3553 competentem,
1442 3493 1506 3554 quo
1521 3476 1634 3538 nostro
1650 3492 1686 3538 se
1702 3477 1893 3553 conspectui
1907 3489 1955 3535 re-

1176 3575 1386 3652 praesentent,
1402 3573 1488 3651 quod
1504 3574 1629 3651 justum
1645 3572 1755 3646 luerit,
1771 3575 1954 3650 receptura.

1176 3671 1266 3744 Quod
1283 3671 1312 3732 si
1327 3687 1392 3732 non
1408 3683 1531 3744 omnes,
1546 3673 1608 3732 eto.
1632 3673 1750 3732 Datum
1764 3671 1878 3743 Reate,
1894 3655 1957 3730 livi

1176 3769 1335 3830 kalendas
1351 3766 1505 3841 octobris,
1522 3781 1610 3828 anno
1629 3768 1773 3840 decimo,

1493 3990 1655 4078 XXXIV

1216 4145 1267 4204 Act
1280 4143 1436 4204 abbatem
1455 4145 1488 4203 et
1511 4142 1718 4203 concentum
1732 4142 1920 4204 Glnstontae.

1427 4273 1461 4331 18
1475 4271 1613 4346 septemb.
1631 4271 1708 4329 lale.

1316 4397 1446 4462 [Dugdala
1457 4397 1563 4446 Monesi.
1574 4395 1681 4460 Augila,
1692 4396 1711 4456 l,
1724 4395 1763 4454 38,
1776 4394 1829 4460 ln]

1177 4523 1360 4595 Privilegium
1375 4521 1491 4580 lionorii
1503 4535 1584 4593 papae
1600 4523 1640 4578 lll
1657 4520 1731 4592 quod
1747 4521 1854 4598 clerch,
1866 4518 1957 4576 oblatis

1302 4625 1305 4632 ·
1334 4610 1471 4678 ecelesiis,
1485 4610 1632 4680 resignent
1644 4610 1806 4681 pensiones.

1217 4736 1383 4798 Honorius
1394 4735 1578 4811 episcopus,
1589 4749 1704 4796 servus
1714 4725 1884 4794 servorum
1893 4731 1955 4801 Dei,

1177 4833 1307 4894 dilectis
1323 4831 1399 4893 liliis
1414 4830 1525 4892 abbati
1540 4834 1573 4892 et
1583 4831 1759 4892 conventui
1772 4830 1954 4896 (llastoniae,

1178 4930 1317 4991 salutem
1331 4931 1364 4991 et
1376 4929 1599 5005 Apostolicam
1613 4927 1887 4990 benedictionem.

328 5048 396 5095 non
418 5033 550 5094 omissae
571 5033 693 5104 essent,
719 5033 787 5093 lata
808 5047 874 5091 non
900 5031 988 5091 esset
1007 5031 1123 5091 contra
1165 5026 1167 5030 ’
1218 5027 1383 5102 Experto
1410 5025 1954 5101 vestraluitpropositumcoran
2020 5085 2021 5114 i

329 5129 617 5208 ipsumhospitale
626 5129 789 5191 sententia
800 5127 1001 5204 supradicta.
1014 5129 1123 5200 Quare
1156 5119 1158 5124 ’
1177 5124 1283 5195 nobis,
1300 5121 1386 5200 quod
1399 5137 1472 5183 cum
1486 5121 1681 5198 quibusdam
1696 5119 1827 5182 clericis
1837 5133 1955 5181 annuas
2020 5115 2021 5120 ’

330 5226 472 5305 petebat,
489 5228 519 5287 si
534 5227 646 5288 forsan
656 5228 696 5286 de
709 5225 791 5286 lalso
804 5224 1019 5300 procuratore
1035 5223 1123 5284 alle·
1178 5221 1409 5283 concesseritis
1436 5219 1613 5295 pensiones
1636 5221 1704 5280 tam
1728 5217 1785 5278 diu
1808 5217 1870 5278 sibi
1897 5215 1955 5277 sol-

300 5315 302 5320 ’
330 5324 407 5399 gato
430 5339 497 5394 non
523 5325 704 5400 prodesset,
739 5321 903 5397 hospitale
937 5321 1045 5397 ipsum
1081 5321 1123 5381 ad
1178 5319 1312 5390 vendas,
1328 5317 1431 5380 donec
1451 5317 1500 5378 eis
1520 5316 1820 5392 aequivalentiavel
1839 5317 1954 5390 majora
2020 5357 2021 5360 ,

331 5420 506 5498 praedictas
521 5422 730 5483 narrationes
745 5420 779 5481 et
793 5409 1005 5496 probationes
1018 5434 1077 5495 per
1088 5418 1123 5477 in
1177 5415 1339 5476 beneflciis
1367 5414 1566 5485 conseratur,
1591 5412 1670 5474 lieet
1692 5428 1751 5473 vos
1771 5412 1915 5474 volentes
1937 5423 1953 5467 a

331 5516 497 5593 integrum
514 5518 756 5594 restitutionem
776 5515 917 5586 admltti,
939 5513 1124 5592 praesertim
1178 5508 1891 5588 solutionepenslonnmhujusmodiliberari
1904 5520 1952 5566 eos

249 5607 250 5612 ’
332 5629 406 5676 eum
422 5629 590 5676 erearum
606 5615 786 5677 omissione
804 5613 848 5674 sit
863 5611 1044 5675 enormiter
1064 5610 1125 5672 lae-
1179 5611 1218 5672 ad
1230 5609 1384 5672 vacantia
1398 5607 1570 5677 beneficia,
1584 5623 1658 5684 quae
1672 5605 1713 5669 ad
1723 5621 1783 5668 sos
1791 5603 1950 5682 pertinent,
2020 5639 2021 5642 =
