3948 6326
280 337 340 396 603

520 494 524 504 ’
563 497 789 586 CLXXXIX

283 653 336 714 Ad
351 651 533 714 antemos
554 649 683 711 Chrtrtt
705 649 820 721 fideus
835 660 901 721 per
918 645 1074 721 Macato-

284 775 287 784 ¹
402 761 545 812 oensem
559 749 733 808 diaecesim
748 741 962 805 constitutos.

567 877 585 935 9
602 877 699 949 aprilis
716 875 795 934 itti.

284 1003 403 1068 [aues.
423 1001 469 1052 us.
480 1001 633 1064 νυμφίε.
648 999 702 1050 sss.
723 1000 780 1049 uss.
794 998 918 1048 norom
931 995 966 1046 au
982 994 1075 1059 nutu]

301 1126 498 1200 indulgentias
512 1125 567 1196 his,
579 1123 675 1198 quiad
690 1123 841 1181 ecclesiam
856 1123 947 1179 mate
963 1117 1059 1180 ilaris

447 1213 483 1271 de
498 1215 602 1272 Salutis
615 1211 762 1282 accedent,
777 1210 917 1268 concedit.

324 1339 503 1414 Honorius,
539 1341 619 1412 eto,
647 1338 777 1400 dilectis
805 1337 884 1398 liliis
911 1333 1078 1396 universis

284 1435 560 1500 curistindclihus
591 1450 652 1514 per
685 1434 955 1510 Magalonensem
990 1431 1077 1492 diue-

286 1535 388 1596 cesim
412 1525 616 1604 constitutis,
635 1531 777 1594 salutem
801 1531 834 1592 et
854 1529 1078 1607 apostolicam

283 1629 560 1694 benedictionem.

324 1729 498 1802 Quoniam,
523 1728 559 1788 ut
582 1725 630 1788 ait
652 1725 845 1802 Apostolus,
872 1724 947 1796 etc,
972 1737 1080 1796 usque

284 1827 387 1888 vitam
398 1827 568 1888 aeternam.
584 1825 690 1896 Quum
704 1823 817 1897 igitur,
836 1820 922 1881 sicut
935 1835 979 1880 ex
991 1817 1081 1880 rela-

286 1923 375 1986 tione
387 1920 583 1984 dilectorum
606 1919 751 1981 liliorum
771 1917 945 1980 consulum
968 1915 1002 1977 et
1022 1931 1082 1992 po-

284 2019 356 2098 puli
381 2017 673 2096 Montispessulani
699 2015 795 2080 nobis
821 2014 986 2085 innotuit,
1020 2029 1079 2073 ec-

287 2117 390 2178 clesia
408 2115 519 2177 Beatae
542 2113 658 2175 Mariae
674 2111 714 2173 de
730 2111 865 2183 Salutis,
881 2126 954 2187 quae
973 2111 1009 2170 in
1023 2123 1082 2170 eo-

286 2228 361 2274 rum
374 2211 455 2274 villa
475 2211 637 2282 consistit,
656 2209 692 2270 in
709 2225 830 2284 magna
850 2208 1025 2270 devotione
1039 2205 1081 2268 ab

287 2307 440 2370 omnibus
469 2306 640 2377 habeatur,
666 2321 726 2366 nos
751 2303 901 2365 volentes
930 2305 966 2364 ut
1001 2317 1082 2378 erga

287 2405 437 2467 eamdem
459 2403 635 2466 ecclesiam
658 2401 930 2463 christifidelium
953 2399 1082 2461 crescat

289 2503 432 2574 devotio,
448 2502 481 2562 et
499 2516 559 2578 per
578 2499 640 2560 hoc
664 2499 765 2560 etiam
787 2497 941 2558 meritum
957 2511 1082 2573 augea-

287 2601 354 2670 tur,
382 2598 633 2660 universitatem
665 2597 811 2656 vestram
845 2607 1016 2654 monemus
1049 2595 1082 2655 et

288 2694 463 2756 hortamur
478 2695 513 2754 iu
532 2693 682 2764 Domine,
700 2693 872 2768 quatenus,
882 2691 919 2751 ut
935 2689 1082 2752 interve-

287 2793 401 2854 niente
422 2789 521 2854 beata
535 2789 683 2866 Virgine,
700 2788 735 2848 in
749 2789 844 2864 cujus
869 2786 994 2848 honore
1008 2787 1081 2864 ipsa

288 2889 431 2952 ecclesia
465 2887 516 2948 est
539 2884 745 2956 constructa,
773 2887 876 2946 Deum
903 2883 1081 2962 propitium

288 2983 413 3047 habere
426 2983 571 3062 possitis,
586 2983 734 3058 Virginis
747 2981 851 3060 ipsius
866 2981 1081 3059 implorantes

288 3081 472 3144 subsidium
496 3079 613 3142 devote
637 3079 679 3139 ad
693 3077 884 3156 praedictam
907 3077 1081 3139 ecclesiam

289 3177 465 3239 accedatis.
487 3178 555 3240 Nos
579 3175 667 3236 enim
697 3174 738 3236 de
763 3175 996 3251 omnipotentis
1021 3175 1081 3237 Dei

288 3273 519 3336 misericordia
546 3273 579 3334 et
603 3271 776 3347 beatorum
802 3272 893 3332 Petri
926 3273 959 3332 et
985 3273 1081 3334 Pauli

287 3368 521 3447 Apostolorum
534 3371 605 3445 ejus
621 3367 817 3428 auctoritate
833 3367 959 3439 contisi,
973 3369 1082 3429 omni-

287 3465 349 3528 bus
374 3465 491 3527 devote
515 3479 574 3541 pro
592 3463 698 3540 ipsius
721 3463 910 3524 reverentia
933 3464 1080 3540 Virginis

222 3613 227 3620 .
288 3563 386 3624 annis
408 3561 549 3637 singulis
575 3577 595 3622 a
616 3560 680 3631 die,
706 3575 772 3638 qua
797 3561 912 3622 eadem
938 3560 1081 3622 ecclesia

289 3657 540 3722 consecrabitur
553 3672 658 3733 usque
673 3656 715 3718 ad
731 3658 880 3718 octauam
900 3657 1017 3733 ipsius,
1039 3658 1080 3718 ad

288 3756 411 3817 dictam
432 3754 608 3816 ecclesiam
629 3753 862 3815 accedentibus
876 3754 994 3829 uiginti
1010 3754 1080 3816 dies

288 3853 329 3914 de
343 3853 493 3930 injuncta
517 3851 581 3912 sibi
605 3851 799 3928 poenitentia
821 3851 1082 3914 misericorditer

288 3949 489 4010 relaxamus.
505 3950 622 4011 Datum
635 3948 803 4020 Laterani,
820 3948 935 4010 vidus
950 3949 1078 4024 aprilis,

289 4059 377 4106 anno
393 4045 520 4106 octavo.

420 4355 730 4450 ”uim

287 4521 339 4580 Ad
353 4519 546 4591 episcopum
562 4514 803 4584 Portuerrsem,
817 4517 855 4574 Α.
868 4515 902 4574 s.
917 4513 1077 4588 tapetum.

566 4655 584 4712 9
601 4654 698 4726 aprilis
713 4653 793 4711 itii.

303 4779 424 4844 [Rogest.,
437 4777 481 4828 lib.
493 4769 558 4838 ¹Vlli,
569 4778 641 4842 epist.
655 4776 710 4828 lat.
724 4778 781 4826 llas.
791 4777 827 4827 La
837 4776 912 4828 Porta
925 4775 958 4826 dn
970 4777 1062 4842 Theti]

358 4903 392 4960 Ei
412 4901 545 4959 consules
562 4908 591 4958 et
608 4901 744 4973 populum
759 4901 1008 4973 montispessulani

587 4988 779 5046 commendat.

326 5116 505 5188 Honorius,
531 5116 607 5186 etc„
630 5113 815 5175 venerabili
840 5114 973 5176 tratri...
990 5116 1080 5192 epis-

286 5231 368 5292 copo
377 5210 771 5288 Portuensi,apostolicae
786 5211 879 5272 Sedis
890 5212 1010 5288 legato,
1023 5229 1080 5274 sa-

285 5309 472 5382 lutem,etc.

327 5410 434 5480 Quum
466 5404 578 5466 dilecti
604 5403 666 5465 tilii
696 5404 850 5466 consules
874 5408 908 5469 et
937 5406 1077 5482 populus

286 5502 579 5579 Montispessulani
598 5500 659 5562 sub
679 5503 793 5562 nostra
817 5503 851 5563 et
879 5503 1077 5579 Apostolicae

289 5599 383 5663 Sedis
398 5599 601 5675 protectione
616 5597 810 5670 consistant,
837 5615 879 5660 ex
900 5615 965 5676 quo
983 5600 1076 5677 ipso-

886 327 1061 390 HONORII
1083 327 1127 386 111
1149 326 1296 388 OPERA.

1852 326 1899 386 dtr

1129 499 1202 546 rum
1210 485 1362 546 tenemur
1375 483 1647 546 indemnitatibus
1661 482 1835 544 salubriter
1843 500 1901 560 pro

1129 582 1303 654 sidereae
1318 597 1357 644 eo
1373 581 1479 658 magis
1491 581 1533 642 ad
1544 580 1619 662 illos
1632 582 1756 642 nostre
1769 579 1901 641 dilectio-

1130 679 1183 740 nis
1205 679 1344 741 aiiectus
1362 677 1534 750 exuberat,
1551 693 1615 755 quo
1637 677 1813 754 specialius
1831 678 1902 739 inter
1949 745 1950 764 χ

1130 776 1215 837 alios
1235 776 1384 851 regionis
1405 775 1497 836 illius
1526 791 1600 836 esse
1618 775 1801 836 noscuntur
1818 791 1901 850 supra

1132 872 1260 934 drmam
1276 873 1402 949 petram
1417 872 1590 936 catholicae
1606 872 1682 933 ddei
1696 871 1902 942 stabilitiira·
1950 947 1951 952 ἵ

1130 971 1279 1032 ternitati
1293 971 1359 1031 tuae
1374 985 1434 1046 per
1446 970 1636 1046 Apostolica
1649 970 1771 1046 scripta
1784 969 1903 1030 manda·

1131 1083 1216 1138 mus,
1231 1068 1393 1145 quatenus
1406 1083 1464 1129 eos
1479 1082 1554 1128 curn
1570 1067 1673 1138 terra,
1689 1067 1723 1128 et
1734 1066 1809 1126 aliis
1824 1065 1901 1127 bonis

1133 1180 1257 1236 eorum,
1286 1164 1409 1226 habeas
1436 1164 1634 1242 propensius
1662 1163 1901 1234 commendatos,

1132 1277 1215 1338 quos
1235 1261 1346 1322 minen
1370 1261 1517 1338 ipsorum
1546 1259 1699 1330 fidelitas
1723 1261 1757 1320 et
1792 1259 1903 1321 devotio
1952 1329 1953 1332 Ἴ

1133 1359 1214 1420 satis
1232 1357 1292 1420 tibi
1312 1360 1345 1420 et
1361 1358 1438 1419 aliis
1457 1356 1751 1419 recommendant:
1776 1356 1820 1417 ita
1839 1371 1903 1418 roro

1132 1455 1391 1518 recommendati
1404 1456 1471 1516 sint
1485 1453 1547 1515 tibi
1559 1453 1723 1524 consules,
1739 1453 1772 1514 et
1783 1453 1903 1529 populus
1953 1501 1954 1526 ,

1133 1551 1354 1629 supradictus,
1370 1553 1457 1630 quod
1472 1552 1572 1612 iidem
1596 1552 1765 1628 speratum
1778 1551 1905 1611 sentiant

1134 1650 1175 1711 de
1193 1650 1382 1727 hujusmodi
1404 1648 1687 1712 commendatione
1714 1647 1903 1722 suffragium,
1954 1673 1955 1696 r

1134 1747 1167 1808 et
1180 1747 1216 1808 tu
1231 1745 1307 1808 inde
1330 1746 1437 1822 possis
1463 1762 1483 1806 a
1503 1745 1598 1806 nobis
1618 1745 1653 1806 in
1675 1743 1813 1805 Domino
1831 1757 1906 1804 com-

1134 1843 1301 1906 mandare.
1318 1845 1437 1905 Datum
1458 1843 1624 1914 Laterani,
1646 1844 1674 1904 V
1698 1841 1773 1902 idus
1794 1841 1904 1916 aprilis,

1135 1956 1223 2002 anno
1237 1943 1364 2003 octavo.

1469 2297 1586 2384 uiui
1620 2351 1626 2370 ,

1134 2447 1187 2508 Art
1212 2446 1462 2508 Cothoneruem
1488 2451 1684 2521 episcopum
1711 2449 1745 2510 ei
1771 2449 1906 2508 cddulem

1174 2546 1216 2605 de
1236 2545 1363 2615 Ktrttos,
1381 2545 1613 2606 Moruoiensts
1633 2547 1798 2610 dtoecests.
1818 2545 1848 2605 ct
1861 2547 1907 2603 de·
1959 2559 1960 2564 ¹

1175 2655 1300 2701 cautam
1314 2641 1668 2702 msurcrcbmensem.

1419 2787 1650 2860 trsprtlistttt.

1137 2919 1265 2982 [Thaidem
1275 2921 1366 2974 Vetera
1377 2921 1489 2974 lienum.
1501 2920 1671 2972 ilibcrnorum
1680 2926 1706 2971 ot
1718 2921 1826 2980 scotor..
1835 2936 1857 2986 p.
1867 2919 1907 2983 aa]

1136 3049 1250 3112 llandnt
1261 3060 1292 3110 ut
1306 3051 1403 3110 sedem
1426 3053 1615 3112 llornviensis
1633 3053 1761 3128 episcopi
1781 3053 1816 3112 ad
1831 3055 1907 3111 locun

1184 3133 1188 3143 '
1345 3137 1515 3198 habiliorem
1534 3139 1714 3198 transierant.

1174 3284 1664 3362 Honoriusepiscopus,servns
1672 3284 1907 3354 serrorumbei,

1135 3381 1318 3442 venerabili
1329 3379 1424 3442 iratri
1434 3383 1590 3458 episcopo
1601 3382 1814 3452 cathenensi,
1829 3385 1859 3442 et
1868 3381 1910 3440 di-

1135 3476 1230 3538 lectis
1246 3476 1362 3538 tiliis...
1378 3476 1489 3538 abbati
1504 3477 1545 3538 de
1559 3477 1689 3550 Kinlos,
1706 3476 1910 3540 Morariansis

1136 3573 1300 3644 dioeoesis,
1317 3575 1387 3636 et...
1406 3574 1532 3636 decano
1548 3575 1851 3644 Rostnarohinensi,
1862 3589 1909 3634 sa-

1135 3670 1237 3732 lutem
1252 3672 1285 3732 et
1298 3670 1521 3746 Apostolicam
1536 3670 1811 3733 benedictionem.

1174 3766 1320 3828 Veniens
1331 3766 1371 3828 ad
1390 3765 1604 3843 praesentiam
1618 3771 1767 3830 nostram
1783 3781 1909 3829 venera·

1134 3863 1211 3924 bilis
1227 3863 1330 3924 irater
1344 3866 1492 3926 noster...
1515 3867 1737 3944 Moraviensis
1752 3866 1910 3942 episcopus

1136 3975 1224 4037 saepe
1241 3961 1337 4022 uobis
1356 3961 1520 4038 exposuit,
1537 3963 1571 4023 et
1586 3963 1710 4024 nostris
1737 3963 1910 4040 frequenter

1135 4055 1271 4118 auribus
1286 4057 1478 4130 inculcavit,
1501 4057 1587 4136 quod
1605 4059 1711 4136 ipsius
1730 4059 1824 4120 sedes
1838 4073 1911 4136 prae-

1134 4153 1185 4214 ter
1194 4153 1239 4224 id,
1255 4153 1342 4230 quod
1358 4155 1409 4216 est
1429 4154 1465 4214 in
1479 4153 1552 4215 loco
1573 4156 1705 4231 guerris
1722 4153 1912 4217 imminenti-

1133 4247 1195 4310 bus
1212 4249 1322 4310 minus
1338 4251 1419 4322 tuto,
1436 4249 1472 4311 in
1493 4251 1561 4312 tam
1581 4251 1734 4314 solitario
1752 4253 1823 4314 loco
1840 4266 1910 4312 con-

1135 4345 1233 4416 sistit,
1253 4347 1289 4407 ut
1305 4347 1398 4408 nulla
1412 4345 1459 4406 ibi
1473 4347 1667 4423 contingant
1680 4348 1813 4410 venalia
1827 4361 1910 4424 repe-

1133 4441 1206 4514 riri,
1240 4442 1327 4503 unde
1359 4443 1553 4520 plerumque
1578 4443 1625 4514 iit,
1650 4447 1687 4508 ut
1710 4445 1839 4507 clericis
1863 4457 1911 4520 pro

1133 4538 1282 4600 emendis
1297 4538 1360 4600 sibi
1375 4539 1576 4602 necessariis
1589 4541 1723 4616 longius
1741 4539 1912 4604 accedenti-

1134 4633 1205 4706 bus,
1223 4635 1411 4696 divinorum
1433 4636 1541 4698 cultus
1565 4636 1752 4700 officiorum
1769 4654 1834 4700 nou
1852 4650 1912 4698 mo-

1134 4731 1243 4792 dicum
1266 4731 1472 4807 impeditur:
1501 4749 1604 4810 quare
1630 4734 1717 4795 idem
1751 4737 1910 4812 opiscopus

1134 4843 1208 4888 cum
1234 4827 1323 4889 culta
1345 4843 1480 4905 precum
1510 4831 1670 4896 instantia
1701 4831 1874 4908 postulavit
1895 4841 1911 4886 a

1134 4923 1240 4996 nobis,
1250 4925 1287 4985 ut
1300 4923 1411 4986 sedern
1423 4926 1571 4988 eamdem
1580 4927 1621 4989 ad
1634 4927 1744 4989 locum
1752 4923 1910 4992 transferri

1133 5020 1342 5094 habiliorem,
1368 5022 1496 5084 scilicet
1511 5023 1690 5085 ecclesiam
1706 5027 1835 5087 Sanctae
1851 5022 1910 5082 Tri·

1133 5119 1249 5181 nitatis
1269 5119 1367 5195 juxta
1391 5119 1504 5194 lilgin,
1530 5121 1705 5182 carissimo
1732 5123 1768 5183 in
1797 5121 1909 5182 Christo

1132 5214 1201 5276 nlio
1216 5218 1367 5276 nostro...
1385 5216 1508 5278 illustri
1520 5231 1599 5293 rege
1615 5219 1749 5290 scotiae,
1764 5221 1909 5280 achiora-

1131 5312 1239 5372 viensi
1254 5312 1399 5389 capitulo
1415 5313 1478 5374 hoc
1491 5313 1613 5390 ipsum,
1630 5315 1667 5376 ut
1678 5314 1787 5376 dictus
1800 5315 1910 5392 episco-

1132 5425 1192 5484 pus
1227 5410 1363 5479 asserit,
1395 5409 1639 5482 affectantibus,
1675 5411 1906 5473 mandaremus.

1131 5506 1161 5566 N
1163 5521 1199 5566 os
1213 5505 1323 5582 itaque
1338 5505 1378 5566 de
1391 5505 1603 5568 discretionis
1617 5510 1738 5570 vestrae
1749 5507 1908 5586 prudentia

1131 5601 1166 5664 in
1179 5604 1318 5666 Domino
1342 5601 1555 5675 considentes,
1573 5619 1632 5680 per
1654 5605 1842 5682 apostolica
1857 5619 1908 5666 ro-
