4104 6330
285 349 343 414 163
902 348 1079 424 ΗΟΝΟΒΙΙ
1101 349 1146 413 111
1167 347 1316 419 OPERA·
1872 341 1930 411 ret

325 507 529 586 Religiosam
557 509 658 572 vitam
684 507 886 588 eligentibus
907 509 1079 586 Apostoli·
1133 507 1286 582 inferius,
1317 505 1477 585 praedium
1496 506 1541 568 'in
1568 505 1699 574 sciens,
1717 505 1879 582 praedium
1892 505 1931 570 in
2047 573 2048 580 χ

285 621 361 671 cum
390 607 544 669 conuenit
571 607 689 670 adesse
712 607 915 686 praesidium,
940 623 981 668 ne
996 606 1080 670 forts
1135 605 1328 684 Silvaplana
1344 621 1419 667 cum
1441 603 1579 668 decimis
1596 625 1603 664 ε
1620 603 1783 680 praedium
1797 604 1930 666 inelu—

287 703 464 783 eujuslibet
487 704 684 768 temeritatis
712 706 878 778 incursus,
895 705 953 768 aut
977 719 1035 766 eos
1060 720 1080 766 a
1134 720 1262 774 menes,
1277 703 1438 780 praedium
1458 702 1493 762 in
1516 701 1695 774 Serellum,
1716 701 1879 778 praedium
1893 702 1931 764 in
2047 729 2048 798 j

285 802 453 880 proposito
482 805 627 874 revocet,
652 804 711 865 aut
737 803 850 876 robur,
874 802 959 880 quod
981 801 1078 874 absit,
1135 801 1306 876 eisingen,
1323 799 1484 877 praedium
1498 799 1533 860 in
1551 799 1686 872 Sinden,
1710 799 1872 875 praedium
1893 800 1932 861 in
2047 799 2048 826 ¹

286 914 390 960 sacrae
402 899 576 974 religionis
599 900 770 977 infringat.
788 900 957 978 Eaproter,
968 898 1080 962 dilecti
1135 899 1298 972 Ruukels,
1313 897 1474 976 praedium
1489 897 1524 960 in
1541 897 1704 971 Satanies,
1721 897 1882 974 praedium
1893 898 1932 960 in
2046 945 2048 972 ,

285 997 321 1069 in
336 996 475 1058 Domino
491 996 563 1068 filii,
587 998 708 1060 restris
723 999 824 1076 justis
845 996 1082 1076 postulationi·
1135 996 1328 1069 Nizzudars,
1346 995 1506 1072 praedium
1521 994 1556 1059 in
1574 997 1687 1067 Lutra,
1711 995 1872 1071 praedium
1894 996 1931 1056 in
2046 1079 2048 1096 ,

286 1092 940 1164 busclementerannuimuseteoclesiam
952 1095 1080 1158 sancte
1135 1095 1307 1170 Mespach,
1321 1093 1752 1170 praediuminBegelingen,
1768 1092 1932 1170 predium
2047 1109 2048 1176 l

285 1191 401 1266 Mariae
424 1191 465 1252 de
489 1193 695 1266 Gurewalde,
726 1194 761 1255 in
782 1207 848 1270 qua
863 1191 977 1256 divino
1000 1192 1081 1254 estis
1136 1191 1171 1253 iu
1196 1191 1358 1263 Rotehke,
1383 1191 1544 1268 praedium
1555 1191 1589 1258 io
1605 1189 1819 1260 Viscebraue,
1842 1206 1933 1266 prm-
2047 1231 2048 1254 ,

286 1286 1081 1366 obsequiomaucipati,subbaatiPetrietnestra
1136 1287 1932 1366 diumindasenascepraediumiueenureprae·
2047 1289 2048 1368 3

285 1385 489 1463 protectione
505 1386 717 1464 suscipimus,
732 1387 764 1450 et
776 1387 950 1464 praesentis
966 1385 1081 1464 scripti
1136 1388 1226 1450 dium
1242 1386 1502 1459 iuAureuzeles,
1515 1385 1676 1464 praedium
1687 1385 1722 1448 in
1733 1387 1925 1462 Campesus,

284 1482 460 1560 privilegio
471 1484 723 1557 communimus
735 1484 900 1561 inprimis
918 1483 1081 1562 siquidem
1136 1486 1296 1562 predium
1316 1485 1353 1556 in
1380 1486 1507 1556 Postea,
1530 1483 1691 1560 praedium
1718 1484 1753 1545 in
1778 1483 1929 1556 suatum

286 1579 468 1642 statuentes
480 1581 516 1642 ut
528 1581 608 1644 orde
621 1581 814 1653 canonicus,
828 1582 885 1658 qui
900 1582 1082 1644 seeundum
1136 1583 1298 1661 praedium
1312 1583 1347 1654 in
1362 1582 1578 1656 Valzelaires,
1593 1581 1755 1658 praedium
1768 1579 1804 1645 in
1819 1580 1933 1645 Scira-
2047 1601 2048 1612 ²

287 1679 391 1740 Deum
411 1679 444 1740 et
454 1677 542 1740 beati
553 1679 728 1756 Augustini
743 1680 893 1758 regulam
906 1679 1083 1757 atqueins-
1137 1697 1246 1757 cenes,
1274 1680 1435 1758 predium
1461 1680 1502 1747 ud
1529 1679 1704 1752 Naladars,
1721 1679 1882 1755 praedium
1894 1679 1931 1742 iu
2047 1665 2048 1752 j

287 1773 475 1837 titutionem
497 1777 867 1840 Praemenstratensium
885 1776 1025 1839 fratrum
1046 1777 1082 1836 in
1137 1779 1339 1852 Lummines,
1365 1793 1440 1841 oum
1458 1777 1575 1855 pratis,
1596 1777 1715 1848 uineis,
1732 1777 1843 1848 terris,
1863 1791 1929 1841 ue·

286 1871 400 1934 eodem
416 1872 489 1936 loce
502 1873 671 1936 institutus
686 1889 759 1937 esse
774 1874 990 1951 dignoscitur,
1004 1889 1084 1952 per·
1137 1876 1297 1948 moribus,
1314 1876 1476 1952 usuagiis,
1499 1877 1533 1938 et
1556 1875 1700 1951 pascuis,
1719 1875 1755 1936 iu
1769 1873 1882 1945 bosco,
1899 1875 1934 1938 et
2047 1881 2048 1950 l

284 1969 392 2047 petuis
407 1969 529 2039 ibidem
544 1972 750 2050 temporibus
762 1973 1004 2040 iuviolabiliter
1022 1971 1083 2037 ob-
1137 1974 1250 2051 plano,
1271 1975 1307 2036 in
1328 1974 1425 2052 ageris
1450 1973 1484 2034 et
1509 1972 1727 2044 molendinis,
1750 1972 1785 2034 in
1808 1971 1875 2037 riis
1899 1971 1935 2034 et

285 2069 446 2130 servetur.
484 2069 653 2134 Praeterea
685 2086 910 2150 quascumque
947 2085 1084 2149 posses·
1138 2072 1281 2146 semitis,
1309 2075 1343 2139 et
1368 2071 1522 2142 omnibus
1553 2071 1631 2136 aliis
1661 2069 1871 2137 libertatibus
1898 2071 1935 2138 et
2047 2061 2048 2148 ἶ

286 2161 412 2238 sienae,
437 2182 653 2244 quaecumque
681 2167 768 2233 bona
796 2168 913 2232 eadem
941 2165 1082 2230 ecclesia
1138 2168 1400 2232 immunitatibus
1416 2169 1497 2232 suis.
1516 2169 1784 2232 Sauenoralium
1800 2169 1933 2232 vestro·

286 2264 588 2341 inpraesentiarum
599 2267 689 2343 J‘uste
703 2269 736 2328 et
750 2267 910 2328 canonice
922 2266 1079 2344 possidet,
1137 2283 1221 2340 rum,
1239 2284 1312 2346 quae
1327 2267 1472 2345 propriis
1496 2267 1648 2328 manibus
1665 2264 1718 2327 rel
1746 2264 1934 2342 sumptibus
2047 2339 2048 2344 ἵ

286 2362 344 2424 eut
382 2361 419 2422 in
446 2360 593 2423 firturum
630 2364 843 2426 concessione
876 2363 1079 2442 pontificum,
1137 2366 1257 2436 colitis,
1274 2365 1345 2428 sive
1357 2366 1398 2427 de
1410 2367 1598 2427 uestrorum
1608 2363 1803 2425 animalium
1823 2362 1934 2424 nutri·
2047 2399 2048 2422 n

286 2459 466 2536 largitione
478 2475 594 2536 regum
615 2460 668 2523 vel
691 2461 890 2539 principum,
915 2461 1082 2523 oblatione
1137 2465 1266 2534 mentis,
1284 2463 1395 2525 nullus
1408 2479 1428 2526 a
1443 2461 1538 2526 nobis
1558 2461 1704 2523 decimas
1727 2461 1862 2536 exigere
1878 2459 1934 2521 rel

288 2555 448 2630 fidelium,
473 2573 532 2619 seu
547 2556 623 2618 aliis
635 2559 735 2638 justis
759 2559 877 2631 medis,
903 2560 1081 2636 praestante
1137 2561 1335 2639 extorquere
1356 2561 1546 2638 prasumat.
1574 2559 1689 2622 Liceat
1717 2573 1847 2636 quoque
1867 2573 1934 2620 vo·

287 2655 1082 2732 Domine‚poteritadipiscidrmavobisrestris·
1136 2659 1188 2720 bis
1207 2659 1347 2722 clericos
1365 2659 1418 2721 rel
1444 2659 1561 2728 laicos,
1589 2656 1715 2718 liberos
1740 2656 1773 2718 et
1797 2655 1936 2716 absolu·
2047 2719 2048 2722 ,

288 2767 352 2831 pue
376 2751 624 2815 successoribus
639 2754 673 2816 et
697 2753 827 2817 illibata
851 2755 1079 2831 permaneant.
1136 2758 1230 2820 tese
1260 2754 1382 2819 saeculo
1413 2755 1578 2832 fugientes
1609 2753 1650 2816 ad
1681 2753 1934 2815 conversionem

285 2853 323 2912 in
336 2849 456 2927 quibus
468 2849 540 2912 baec
548 2851 693 2928 propriis
702 2851 1081 2941 duximusexprimenda
1136 2854 1297 2932 recipere,
1319 2855 1352 2916 et
1365 2869 1423 2916 eos
1449 2853 1574 2929 absque
1588 2850 1850 2914 contradictione
1869 2850 1934 2912 311-

286 2947 469 3011 rocabulis.
500 2949 623 3010 Locum
649 2947 759 3026 ipsum
786 2949 821 3010 in
850 2964 915 3027 que
943 2949 1081 3027 praefata
1137 2969 1202 3030 qua
1223 2952 1380 3014 retinere.
1406 2950 1625 3014 Prohibamus
1645 2949 1783 3025 insuper
1798 2947 1834 3009 ut
1847 2946 1935 3011 nulli

287 3045 429 3110 ecclesia
452 3045 515 3108 sita
530 3048 581 3108 est
602 3061 677 3107 cum
701 3047 854 3108 omnibus
872 3047 1081 3124 pertinentiis
1137 3049 1277 3111 fratrum
1302 3051 1489 3112 vestrorum
1517 3048 1593 3142 post
1623 3045 1744 3108 factam
1766 3045 1801 3106 in
1819 3043 1933 3106 eccle-
2047 3093 2048 3110 ,

289 3144 377 3219 suis;
406 3142 515 3204 curtes
527 3143 625 3220 juxta
649 3143 830 3206 claustrum
855 3161 930 3206 cum
945 3145 1081 3206 decimis
1138 3148 1189 3208 sia
1203 3148 1316 3210 restra
1341 3146 1581 3223 professionem
1608 3143 1659 3210 fas
1682 3143 1736 3214 sit,
1758 3143 1937 3218 sineprae-

287 3241 321 3303 et
339 3240 415 3301 aliis
443 3239 653 3317 pertinentiis
679 3243 764 3317 suis;
791 3243 953 3319 capellam
970 3243 1082 3312 Sancti
1137 3245 1237 3322 positi
1263 3245 1315 3306 sui
1341 3243 1476 3306 lieentia
1499 3241 1565 3302 nisi
1585 3240 1740 3303 arctioris
1759 3239 1936 3314 religionis

290 3337 382 3402 Petri
398 3337 432 3398 in
447 3339 626 3414 Partipane
642 3355 717 3400 cum
728 3338 866 3401 decimis
876 3341 909 3402 et
921 3341 997 3402 aliis
1006 3355 1083 3417 per·
1138 3343 1273 3406 obtentu
1304 3341 1479 3406 decedam
1509 3340 1584 3402 loco
1607 3338 1790 3398 discedere.
1818 3337 1937 3399 Disce-
2047 3341 2048 3412 1

287 3435 532 3512 tinentiissuis3
548 3435 728 3499 incivitate
741 3437 894 3499 curiensi
906 3438 1082 3516 grangiam
1138 3441 1269 3503 dentem
1291 3455 1371 3504 raro
1393 3438 1518 3516 absque
1550 3436 1776 3499 communium
1804 3434 1937 3496 littera-
2047 3455 2048 3520 3

288 3547 362 3596 cum
385 3531 524 3615 capella,
541 3533 752 3608 molendinis,
774 3535 892 3608 vineis,
917 3535 1082 3598 casalibus
1136 3554 1210 3600 rum
1239 3541 1427 3601 vestrarum
1461 3535 1632 3606 cautione,
1668 3533 1780 3594 utullus
1805 3533 1935 3594 audeat
2047 3555 2048 3618 }

286 3632 320 3694 et
342 3629 418 3693 aliis
439 3629 653 3708 pertinentiis
671 3631 757 3705 suis;
778 3631 955 3696 ecclesiam
970 3633 1082 3697 Sancti
1114 3705 1115 3712 ,
1137 3641 1292 3702 retinere.
1313 3639 1394 3698 Cum
1414 3637 1526 3696 autem
1546 3630 1703 3708 generale
1717 3630 1934 3693 interdictum

284 3726 400 3793 iacobi
424 3727 459 3789 in
480 3729 689 3791 Bratankove
708 3745 783 3791 cnm
799 3731 935 3792 decimis
952 3732 985 3794 et
1006 3731 1082 3793 aliis
1136 3741 1235 3800 terrae
1260 3735 1371 3801 fuerit,
1395 3732 1496 3794 liceat
1525 3729 1621 3792 robis
1654 3727 1778 3791 clausis
1802 3727 1935 3804 januiS,
2047 3761 2048 3804 3

286 3826 497 3912 pertinentiis
524 3827 605 3900 suis,
632 3827 794 3906 capellam
814 3828 849 3888 in
867 3829 1024 3906 erzzins3
1041 3829 1082 3890 ad
1114 3843 1115 3846 ’
1138 3834 1284 3897 exclusis
1298 3827 1594 3894 excommunicatis
1609 3827 1642 3890 et
1651 3825 1850 3896 interdictis,
1862 3840 1933 3887 nou
2047 3869 2048 3898 ,

286 3924 415 3988 Balzols
429 3923 1084 4004 curtemcumcapellaetaliispertinen·
1137 3933 1277 4010 pudeatis
1301 3926 1482 4005 campanis,
1507 3939 1686 4003 suppressa
1710 3939 1792 3986 nece
1818 3922 1934 3984 divina

285 4021 1084 4099 tiissuis3adveltcbilecnengrangiamcumoa·
1138 4029 1248 4094 officia
1288 4027 1467 4090 celebrare.
1507 4025 1658 4084 ssbrisma
1693 4037 1785 4093 vero,
1823 4021 1935 4084 oleum
2047 4077 2048 4104 ,

286 4118 386 4197 pella,
412 4118 628 4192 molendinis,
657 4119 786 4192 vineis,
815 4123 849 4182 et
871 4122 1083 4198 pertinentiis
1137 4128 1298 4199 sanctum,
1322 4121 1589 4186 consecrationes
1616 4118 1774 4182 altarium
1796 4133 1854 4181 seu
1875 4119 1937 4184 lm-
2047 4111 2048 4158 ³

210 4273 212 4278 .
287 4215 375 4291 suis;
392 4214 433 4276 ad
450 4215 560 4276 Sevelt
581 4215 742 4293 pfaetlillm
760 4233 834 4278 cum
857 4219 1081 4297 00616311ρᾶ-
1137 4225 1319 4295 silicarum,
1336 4221 1567 4284 ordinationes
1590 4217 1790 4280 clericorum
1813 4214 1872 4294 qui
1892 4217 1935 4279 31
2047 4235 2048 4278 l

286 4313 429 4376 rechiali
456 4314 489 4374 et
514 4313 724 4390 pertinentiis
756 4315 841 4390 suis;
867 4316 908 4376 ad
934 4317 1081 4395 Luppins
1137 4314 1799 4394 saerosordinesluerintpromovandia
1816 4315 1936 4376 dioeoa-
2047 4365 2048 4386 2

286 4412 459 4490 grangiam
476 4425 550 4474 cum
561 4411 669 4473 vineis
682 4415 716 4474 at
726 4413 935 4489 pertinentiis
946 4415 1027 4477 suis.
1044 4417 1081 4478 In
1137 4437 1219 4484 sano
1234 4418 1424 4496 suscipietis
1438 4416 1604 4494 episcopo,
1632 4413 1796 4491 siquidem
1817 4411 1936 4475 311113-
2047 4447 2048 4458 κ

285 4513 414 4574 Stezzes
437 4510 546 4588 alpem
564 4525 675 4582 unam,
705 4523 807 4586 supra
834 4509 1016 4574 claustrum
1030 4514 1083 4576 al·
1136 4521 1220 4582 licus
1243 4517 1345 4580 fuerit
1378 4516 1411 4577 et
1434 4514 1576 4591 gratiam
1608 4513 1642 4576 et
1667 4509 1936 4574 communionem

285 4623 360 4686 pem
375 4623 488 4681 unam,
511 4608 546 4668 in
570 4607 651 4668 Nise
665 4607 773 4684 alpem
787 4623 897 4683 unam,
915 4609 950 4671 in
969 4611 1083 4676 Nave-
1136 4617 1356 4680 sacrosanctae
1368 4616 1526 4678 Romanae
1543 4610 1637 4674 Sedis
1656 4609 1822 4680 babuerit,
1839 4609 1874 4672 et
1892 4623 1934 4670 ea
2047 4595 2048 4674 1

286 4705 362 4766 nale
376 4705 484 4781 alpem
499 4721 609 4778 unam,
627 4705 662 4766 in
685 4707 885 4783 Servispane
910 4708 1080 4772 dimidiam
1135 4715 1229 4778 vehis
1255 4712 1399 4776 voluerit
1426 4710 1499 4772 sine
1521 4709 1686 4786 pravitate
1699 4707 1812 4784 aliqua
1828 4706 1932 4771 31111-

286 4802 413 4880 partem
431 4802 532 4879 alpis,
555 4817 629 4864 cum
655 4803 770 4880 pratis,
797 4805 941 4881 pascuis,
965 4806 1079 4884 sylvis,
1134 4814 1224 4876 bere.
1251 4811 1408 4888 Aliequin
1435 4808 1535 4870 liceat
1566 4805 1661 4869 robis
1685 4819 1931 4882 quamcumque

286 4903 320 4964 et
354 4900 433 4964 aliis
465 4901 677 4978 pertinentiis
712 4903 801 4975 suis;
843 4904 1004 4980 praedium
1045 4905 1081 4966 in
1135 4909 1321 4974 malueritis
1355 4907 1556 4970 catholicum
1597 4903 1691 4966 adire
1726 4901 1928 4974 antistitem,
2047 4909 2048 4940 ³

283 4997 468 5079 ΒΓῙΘΠΖΟῙὲ,
498 4999 660 5076 praedium
688 5000 724 5061 in
749 5002 899 5066 Wazzes
913 5003 1078 5080 superius,
1135 5009 1278 5086 gratiam
1294 5007 1326 5068 et
1340 5003 1606 5067 communionem
1621 4999 1822 5079 Apostolioae
1834 4999 1932 5062 Sedis
2047 4995 2048 5070 ζ

283 5092 446 5175 praedium
461 5097 495 5158 in
511 5096 672 5169 Salezzes,
689 5097 851 5174 praedium
868 5098 1080 5162 1313313113-
1135 5106 1322 5176 habentem,
1338 5101 1395 5180 qui
1410 5101 1525 5162 nostra
1538 5090 1643 5162 fretus
1657 5096 1857 5160 auctoritate
1871 5111 1933 5157 ro-
2047 5133 2048 5142 2

284 5211 359 5273 gen,
378 5195 540 5272 praedium
555 5193 591 5255 iu
610 5196 755 5269 Merans,
773 5196 934 5272 praedium
949 5197 990 5258 ad
1004 5198 1082 5259 Clu·
1134 5204 1187 5265 bis
1202 5203 1287 5281 qued
1303 5199 1489 5280 postulatur
1510 5197 1690 5274 impendat.
1706 5193 1930 5256 Prohibamus
2047 5179 2048 5246 ἶ

284 5317 369 5372 sam,
384 5301 548 5377 praedium
572 5299 614 5362 ad
636 5301 819 5378 Unibliges,
847 5301 1009 5379 praedium
1038 5305 1080 5365 ad
1135 5304 1271 5379 insuper
1305 5302 1341 5362 ut
1371 5296 1457 5358 infra
1494 5295 1578 5357 fines
1607 5293 1780 5370 parochiae
1810 5292 1933 5353 vestrae

283 5397 477 5465 Wetfrates,
508 5397 669 5474 praedium
691 5399 733 5460 ad
757 5399 892 5472 Veders,
919 5401 1080 5477 praedium
1135 5400 1246 5462 nullus
1274 5398 1345 5462 sine
1370 5409 1509 5456 assensu
1533 5391 1714 5454 dioecasani
1735 5389 1884 5466 episcopt
1898 5391 1933 5450 at
2047 5393 2048 5404 ¹

284 5496 327 5559 ad
351 5497 500 5566 Crucem,
528 5495 688 5572 praedium
714 5496 755 5558 ad
783 5499 897 5571 Usces,
918 5498 1080 5576 praedium
1135 5498 1246 5560 vestro
1266 5492 1428 5571 capellam
1460 5507 1519 5553 seu
1554 5488 1737 5554 oratorium
1766 5487 1807 5547 de
1844 5501 1931 5548 nevo
2047 5503 2048 5574 f

284 5594 326 5656 ad
361 5595 546 5665 Traunnes,
581 5593 743 5670 praedium
775 5595 819 5656 ad
849 5596 1078 5669 castellasces,
1135 5595 1327 5655 consudare
1352 5590 1484 5657 audeat,
1514 5587 1618 5650 salvis
1639 5583 1830 5663 privilegiis
1856 5585 1931 5643 Ro·
2047 5583 2048 5668 ᾖ

283 5690 442 5769 praedium
470 5689 505 5750 in
535 5690 677 5762 Cizzurs,
704 5692 865 5769 praedium
894 5694 929 5754 in
955 5697 1079 5756 Vazzcs
1134 5703 1306 5752 manorum
1317 5686 1521 5766 pontificum.
1534 5685 1581 5748 Ad
1593 5684 1665 5745 baeo
1676 5681 1827 5744 neraset
1839 5677 1932 5741 inde·
2047 5681 2048 5772 ᾗ
