4018 6320
123 328 180 390 rer
629 343 632 348 ·
734 320 962 384 srrsronm.
985 321 1063 384 urs.
1086 321 1142 382 1x.
1688 303 1761 388 ‘roz

125 479 379 546 livoniensibus
398 481 431 544 et
447 481 602 544 Prutenis
621 479 664 542 ad
680 479 776 542 fldem
794 480 915 542 Christi
971 478 1151 556 plurimum
1174 479 1218 541 sit
1240 477 1434 541 damnosum
1457 479 1640 558 recipiendi
1654 499 1760 560 quar-

125 579 308 652 conversis,
325 578 466 639 salutem
481 579 514 639 et
525 576 748 654 apostolicam
760 577 917 640 benedic·
969 578 1037 638 tarn
1050 578 1156 654 ipsam
1176 576 1210 636 in
1223 575 1332 648 blado,
1353 576 1443 650 vino,
1459 577 1491 638 et
1515 577 1590 638 aliis
1606 595 1679 657 quae
1701 580 1762 642 ob-

122 676 260 738 tionem.
970 674 1109 735 veniunt
1123 673 1204 750 ipsis
1218 672 1368 734 ecclesiis
1380 673 1548 734 licentiam
1563 675 1623 736 tibi
1638 692 1760 738 conce·

163 771 324 834 Ecclesiae
348 774 505 833 Romanae
525 787 598 849 quae
624 771 659 832 in
681 771 811 833 Christo
836 773 916 833 lesu
970 771 1049 832 dere
1084 771 1308 848 dignaremur.
1336 771 1404 831 Nos
1440 771 1543 846 igitur
1574 772 1640 832 tuis
1660 774 1760 850 Justis

122 885 184 947 per
198 869 413 946 Evangellum
430 884 490 930 vos
510 869 660 930 noscitur
672 870 841 944 genuisse,
856 883 916 944 pro
971 867 1126 945 precibus
1142 867 1304 939 inclinati,
1319 867 1347 928 si
1359 868 1539 943 praemissis
1552 871 1675 930 veritas
1691 869 1762 931 sul-

123 966 287 1045 peculiari
298 966 411 1044 populi
427 965 491 1026 sibi
505 982 566 1027 vos
577 966 749 1043 proposuit
759 965 914 1037 retinere,
971 964 1131 1041 fragatur,
1148 964 1317 1026 licentiam
1331 964 1392 1026 tibi
1412 964 1623 1026 concedimus
1647 968 1763 1044 postu-

122 1063 918 1141 gaudensetexultensquodvosquisicutado-
972 1061 1084 1134 latam,
1110 1061 1285 1123 dummodo
1315 1061 1349 1120 id
1378 1061 1453 1121 fleri
1492 1061 1601 1124 valeat
1638 1062 1762 1140 absque

121 1162 305 1224 lescentior
328 1161 416 1222 tilius
430 1176 569 1238 peregre
591 1159 625 1221 in
648 1163 818 1237 regionem
840 1176 918 1237 pro·
971 1160 1067 1235 gravi
1082 1159 1250 1231 scandalo,
1267 1159 1300 1220 et
1319 1159 1407 1236 juris
1431 1159 1625 1237 praejudicio
1648 1161 1761 1222 alieni.

122 1258 204 1320 fecti
215 1258 427 1334 longinquam
445 1259 547 1319 eratis
567 1260 710 1335 peccatis
726 1258 847 1319 mortui
859 1272 917 1319 re·
972 1255 1064 1330 Nulli
1077 1272 1168 1332 ergo,
1183 1258 1258 1328 etc,
1276 1256 1362 1317 banc
1376 1257 1534 1333 paginam
1549 1257 1670 1320 nostrae
1681 1273 1762 1318 con-

124 1355 332 1426 surrexistis,
348 1356 380 1416 et
400 1354 480 1416 estis
502 1355 559 1433 qui
581 1355 756 1432 petieratis
778 1343 915 1426 inventi,
973 1353 1145 1425 cessionis,
1163 1355 1225 1415 etc.
1248 1354 1282 1414 Si
1311 1354 1384 1431 quis
1406 1355 1527 1426 autem,
1553 1355 1615 1416 etc.
1645 1347 1781 1416 Datum'

122 1452 353 1514 transformati
388 1451 567 1514 secundum
605 1452 842 1514 misericordiae
867 1451 919 1511 di·
973 1451 1140 1524 Laterani,
1157 1451 1472 1528 Vllidusjauuarii,
1489 1467 1577 1513 anno
1592 1467 1691 1514 nono.

121 1551 212 1612 vinae
228 1549 372 1621 divitias
398 1550 529 1611 invasa
549 1549 677 1624 gratiae,
694 1550 750 1627 qui
767 1565 849 1610 vasa
869 1549 917 1609 ire

122 1645 204 1722 apte
219 1645 255 1706 in
269 1644 439 1707 interitum
456 1643 604 1707 fueratis.
622 1647 728 1718 Quum
742 1645 845 1722 igitur
860 1660 920 1706 vo-

123 1741 193 1804 cati
217 1741 291 1803 sitis
324 1743 359 1802 in
394 1741 581 1804 libertatem
609 1742 754 1803 tiliorum
791 1741 851 1804 Dei
876 1757 919 1802 ex
1324 1727 1413 1815 LIX

124 1855 227 1917 aqua,
242 1840 275 1901 et
290 1839 417 1916 Spiritu
432 1841 552 1901 Sancto
567 1839 687 1912 renati,
704 1840 737 1901 et
749 1839 805 1900 ubi
819 1839 920 1916 spiri·
1251 1882 1303 1941 Aa
1319 1883 1487 1942 eumdem·

123 1934 180 1995 tus
192 1934 252 1995 Dei
263 1935 313 1994 est
325 1932 444 1995 debeat
456 1950 529 1995 esse
539 1933 687 2008 libertas,
705 1951 745 1996 ac
759 1934 921 1997 valdein-

123 2031 264 2107 dignum
284 2031 443 2094 existeret
463 2033 499 2092 ut
523 2031 698 2094 deterioris
721 2029 919 2094 conditionis
1250 2009 1398 2082 ⁷lfl¹¹l¹³ffi
1411 2011 1489 2069 ¹²²5·

123 2128 335 2192 haberemini
348 2129 504 2191 conversi
523 2129 564 2190 ad
580 2129 690 2202 tidem,
706 2145 804 2207 quem
819 2145 919 2206 quum
1006 2131 1319 2222 [uegest.,lib.lll,epist.
1331 2131 1630 2186 intraturorum
1642 2136 1735 2202 rnen]

123 2225 279 2288 infimos
312 2227 429 2336 ⁶³5⁰}ss
453 2243 553 2336 ‘tuum
594 2228 703 2303 P⁰t¹¹¹⁸
739 2225 919 2336 {mundum
975 2255 1108 2330 indulget
1132 2256 1160 2314 ei
1182 2263 1213 2315 ut
1231 2258 1369 2315 ecclesias
1393 2272 1409 2314 a
1436 2258 1550 2315 nemine
1568 2258 1711 2318 habitatas
1737 2261 1767 2318 iu

122 2324 320 2402 APOStOIUffl
330 2323 543 2399 0018000003
556 2325 660 2385 Deum
671 2339 783 2384 000000
795 2338 918 2399 00090·
1023 2344 1139 2402 direeesi
1155 2359 1206 2402 sue
1221 2345 1250 2402 in
1265 2345 1396 2406 menibus
1412 2347 1472 2404 suis
1485 2347 1607 2405 retinere
1622 2348 1720 2422 possit.

122 2424 244 2485 rentur
268 2421 304 2481 in
325 2419 447 2483 bonum
465 2437 625 2498 personas
640 2421 768 2484 vestras
784 2421 817 2482 et
831 2420 918 2481 alio-

122 2535 201 2581 rum
222 2535 303 2596 quos
326 2535 369 2584 ex
391 2519 515 2590 vestra,
538 2519 685 2580 seualle
714 2533 919 2594 quacumque

123 2617 227 2692 gente
251 2616 285 2675 in
304 2615 455 2693 partibus
475 2615 542 2676 illis
560 2615 731 2678 constituti
746 2631 789 2678 ex
812 2616 920 2692 gratia

124 2712 243 2776 divina
259 2713 445 2790 contigerit,
462 2712 522 2774 sub
542 2712 631 2774 beati
654 2713 745 2776 Petri
759 2713 792 2774 et
807 2714 920 2774 nostra
974 2772 1061 2833 roris
1082 2786 1183 2832 onere
1207 2771 1404 2844 debitorum,
1430 2774 1543 2850 utpote
1565 2774 1622 2850 qui
1648 2789 1769 2849 magna

124 2809 333 2889 protectione
353 2809 440 2882 sunt,
460 2811 641 2874 statuentes
660 2810 747 2873 utin
769 2809 921 2872 libertate
1313 2869 1318 2882 ,
1475 2869 1482 2882 ,
1520 2871 1550 2884 ..

125 2909 242 2970 vestra
263 2908 436 2968 manentes
456 2907 540 2968 nulli
564 2907 623 2968 alil
645 2907 718 2969 sitis
740 2923 839 2984 quam
859 2906 921 2969 soli
975 2869 1069 2946 parte
1083 2868 1215 2976 tu⁰f¹¹fn
1228 2869 1415 2978 reddlttfflm
1437 2870 1608 2978 0013011000
1627 2873 1770 2982 1)θο0000

126 3005 274 3078 Christo,
294 3007 389 3081 qu'us
411 3004 580 3067 efficimini
604 3004 835 3082 acquisitionis
859 3019 921 3080 po·
976 2981 1082 3073 annos
1097 2966 1253 3026 continue
1269 2966 1441 3074 spoliatus,
1459 2969 1492 3073 et
1503 2983 1538 3028 111
1553 2967 1691 3077 dioecesi
1711 2969 1768 3028 tua

126 3103 241 3182 putus,
256 3103 288 3164 et
303 3101 501 3163 obedientiae
511 3101 667 3162 Ecclesiae
678 3105 835 3164 Romanae
849 3099 922 3162 sub·
977 3061 1044 3122 sm
1054 3061 1203 3138 quaedam
1214 3061 1364 3122 ⁰⁰⁰¹⁰⁸¹ae
1380 3062 1452 3124 ⁸¹oe
1465 3077 1500 3122 ¹¹¹
1515 3061 1597 3123 ¹⁰⁰¹⁵
1608 3079 1694 3140 qma
1710 3079 1772 3125 00·

1014 2480 1182 2542 Honorius
1191 2480 1377 2558 episcopus,
1388 2496 1504 2544 servus
1514 2497 1686 2544 servorum
1694 2483 1766 2555 Dei,

976 2577 1094 2638 eidem.

1018 2674 1218 2751 Supplicesti
1238 2673 1345 2746 nobis,
1363 2677 1399 2737 ut
1419 2692 1494 2738 cum
1518 2677 1614 2752 gravi
1636 2649 1769 2754 preme-

123 3200 220 3279 jecti‘
241 3199 333 3260 Nulli
360 3215 439 3276 ergo
468 3198 603 3260 omnino
624 3199 796 3259 hominum
823 3199 923 3260 liceat
977 3159 1066 3220 mine
1092 3158 1294 3230 habitentur,
1325 3158 1460 3220 tenendi
1488 3175 1546 3220 eas
1582 3161 1623 3222 ad
1651 3177 1770 3222 manus

976 3256 1063 3328 tuas,
1080 3254 1237 3333 quamdiu
1255 3255 1327 3317 loca
1347 3271 1413 3316 non
1427 3255 1666 3319 habitabuntur
1679 3273 1770 3334 pree-

978 3352 1077 3425 dicta,
1090 3352 1258 3414 licentiam
1271 3352 1332 3413 tibi
1350 3352 1531 3414 concedere
1544 3352 1770 3430 dignaremur,

979 3450 1015 3512 ut
1028 3450 1076 3510 sic
1096 3465 1115 3510 a
1135 3450 1294 3528 praedicto
1323 3449 1509 3510 debitorum
1532 3465 1633 3512 onere
1656 3451 1771 3512 valeas

979 3547 1158 3624 respirare.
1175 3548 1243 3608 Nos
1255 3545 1358 3621 igitur
1368 3547 1623 3608 necessitatibus
1638 3548 1703 3608 tuis
1715 3548 1774 3608 de-

979 3644 1048 3706 bito
1077 3643 1315 3720 compatientes
1339 3643 1473 3714 affectu,
1507 3643 1677 3704 licentiam
1711 3643 1774 3706 tibi

980 3740 1192 3802 concedimus
1206 3739 1416 3816 postulatam,
1438 3739 1613 3801 dummodo
1637 3741 1670 3800 id
1700 3740 1774 3801 fieri

126 3299 218 3359 banc
228 3297 513 3374 paginamnostrae
524 3296 738 3373 protectionis
752 3297 784 3358 et
799 3296 924 3358 consti-

127 3395 270 3458 tutionis
294 3394 488 3470 iniriugere,
503 3395 556 3456 vel
582 3394 614 3455 ei
636 3410 720 3454 ausu
745 3393 923 3456 temerario

129 3492 311 3554 contraire.
347 3492 382 3552 Si
409 3491 482 3568 quis
511 3493 622 3552 autem
661 3491 724 3552 hoc
760 3492 923 3554 attentare

128 3588 393 3667 praesumpserit,
409 3587 671 3663 indignationem
687 3588 923 3664 omnipotentis

129 3687 193 3748 Dei
219 3701 258 3747 ao
281 3684 453 3747 beatorum
480 3684 570 3746 Petri
594 3685 627 3746 et
655 3684 751 3746 Pauli
779 3685 923 3761 Aposto-

130 3784 241 3846 lorum
275 3785 347 3860 ejus
380 3797 415 3844 se
444 3781 574 3844 noverit
605 3783 828 3844 incursurum.
854 3782 925 3842 Da-

130 3882 203 3945 tum
227 3879 402 3954 Laterani,
434 3881 480 3940 lll
509 3895 614 3941 nonas
639 3878 807 3956 januarii,
838 3893 926 3939 anno

132 3994 234 4041 nono·
980 3935 1103 4004 tamem
1118 3935 1154 3994 ut
1183 3932 1349 4014 praedictis
1377 3933 1529 3994 ecclesiis
1555 3933 1689 3997 interim
1715 3949 1776 4011 per

983 4031 1119 4092 idoneos
1134 4029 1279 4092 vicarios
1292 4028 1397 4091 iacias
1412 4030 1585 4103 deserviri,
1598 4046 1640 4092 ne
1654 4030 1774 4092 debitis

753 4153 756 4158 ·
983 4127 1150 4205 obsequiis
1190 4127 1437 4188 defraudentur.
1463 4127 1556 4188 Nulli
1586 4143 1677 4204 erge,
1708 4129 1770 4191 etc.

468 4197 599 4286 LVIII
985 4225 1102 4302 Siquis
1111 4225 1307 4298 eutem,etc.
1320 4225 1438 4286 Datum
1451 4225 1689 4297 Lateranl,VlI
1698 4225 1774 4285 idus

148 4351 150 4356 '
270 4353 322 4412 Ad
335 4351 531 4425 episcopum
546 4337 794 4410 biterrensem.
980 4321 1141 4401 januarii,
1155 4336 1244 4383 anno
1254 4337 1352 4383 110110·

409 4482 424 4538 7
441 4477 561 4552 ianuarii
579 4478 657 4537 litt.

168 4581 289 4669 magma,
299 4603 344 4654 lib.
358 4602 401 4662 lx,
410 4602 484 4666 epist.
498 4599 899 4662 ltu.llss.1,arortedulheil.]
1348 4586 1416 4673 LX

136 4728 272 4803 indulget
283 4728 310 4786 ei
324 4735 355 4786 ut
366 4735 495 4799 quanam
505 4728 535 4784 in
548 4725 644 4796 blado,
653 4727 721 4783 vino
731 4725 930 4798 aliisquereci·
1086 4741 1137 4802 Ag
1150 4737 1339 4814 mistros
1353 4737 1387 4798 et
1400 4738 1533 4811 fratres
1547 4741 1679 4801 ordinae
1782 4759 1784 4763 ·

174 4833 244 4892 pere
253 4817 357 4884 valeat,
369 4831 434 4874 cum
448 4822 531 4872 antea
544 4815 573 4872 ln
586 4815 707 4888 pecunia
722 4829 787 4886 quae
800 4822 932 4872 canones
1232 4835 1523 4896 praedwagorum

174 4905 370 4981 appellabatur
382 4904 532 4978 reciperet.
1293 4964 1298 4975 ,
1394 4965 1410 4976 υ

1258 4965 1276 5022 8
1288 4979 1412 5038 panuern
1423 4964 1502 5021 1225.

179 5049 358 5120 Honorius
380 5049 455 5120 eto,
479 5045 662 5108 venerabili
687 5045 820 5108 tratri...
841 5046 933 5122 epis·
1072 5087 1342 5155 [tiltegnnswenslt
1356 5086 1472 5152 diplom,
1484 5087 1503 5147 1,
1517 5087 1572 5146 sto,
1585 5101 1611 5137 n.
1624 5087 1692 5152 Μ]

139 5162 224 5225 copo
238 5144 431 5213 Biterrensi,
446 5145 586 5205 salutern
597 5143 860 5220 etApostolicam
874 5142 934 5204 be-

140 5244 375 5307 nedictionem·
987 5216 1037 5274 liis
1052 5212 1183 5272 concedit
1201 5219 1231 5270 ut
1242 5212 1385 5286 generalis
1399 5219 1525 5284 tempore
1538 5211 1679 5269 interdicti
1694 5211 1778 5271 liceat

1023 5304 1076 5373 eis,
1086 5303 1118 5359 in
1130 5301 1257 5359 ecclesiis
1267 5301 1337 5369 suis,
1349 5313 1406 5356 non
1415 5300 1533 5373 pulsatis
1542 5299 1700 5373 campanis,
1711 5308 1777 5372 etc,

181 5343 252 5403 Tua
267 5338 362 5401 nobis
376 5337 569 5400 fraternitas
583 5337 793 5415 supplicavit,
806 5339 842 5398 ut
857 5352 932 5398 cum
1023 5391 1119 5449 divine
1134 5389 1227 5447 officia
1242 5388 1395 5446 celebrare.

141 5439 261 5516 quarta
273 5435 455 5498 tibidebita
469 5436 504 5496 in
520 5435 671 5497 ecclesiis
689 5435 756 5496 tuae
781 5433 934 5496 dioecesis

142 5537 178 5597 in
193 5533 345 5612 pecunie,
363 5548 435 5611 quae
449 5535 602 5594 cartones
617 5531 801 5608 vulgariter
816 5531 933 5608 appel·
1029 5525 1197 5588 Honorius
1204 5524 1514 5601 episcopusservus
1528 5539 1700 5584 servornm
1707 5525 1777 5596 Dei,

142 5632 243 5706 latur,
272 5630 333 5693 tibi
361 5630 533 5694 consuevit
559 5627 722 5702 exbiberi,
752 5629 851 5720 idque
874 5627 935 5690 tibi
990 5623 1120 5687 dilectis
1148 5621 1264 5684 liliis...
1289 5621 1449 5696 magistro
1482 5622 1516 5681 et
1539 5619 1696 5682 tratribus
1724 5635 1781 5682 or-

981 3837 1091 3900 veleat
1105 3837 1177 3898 sine
1187 3837 1274 3912 juris
1283 3836 1475 3914 praejudicio
1484 3837 1597 3897 alieni.
1611 3837 1772 3899 Volumus
1885 3899 1889 3906 ,
