<?xml version="1.0" encoding="UTF-8"?>
<!DOCTYPE html PUBLIC "-//W3C//DTD XHTML 1.0 Transitional//EN"
    "http://www.w3.org/TR/xhtml1/DTD/xhtml1-transitional.dtd">
<html xmlns="http://www.w3.org/1999/xhtml" xml:lang="en" lang="en">
 <head>
  <title>
</title>
<meta http-equiv="Content-Type" content="text/html;charset=utf-8" />
  <meta name='ocr-system' content='tesseract 3.04.00' />
  <meta name='ocr-capabilities' content='ocr_page ocr_carea ocr_par ocr_line ocrx_word'/>
</head>
<body>
  <div class='ocr_page' id='page_1' title='image "./mediiaevibiblio06bottgoog_0456.png"; bbox 0 0 4080 6328; ppageno 0'>
   <div class='ocr_carea' id='block_1_1' title="bbox 103 363 161 423">
    <p class='ocr_par' dir='ltr' id='par_1_1' title="bbox 103 363 161 423">
     <span class='ocr_line' id='line_1_1' title="bbox 103 363 161 423; baseline 0.017 -1"><span class='ocrx_word' id='word_1_1' title='bbox 103 363 161 423; x_wconf 82' lang='lat'><strong>881</strong></span> 
     </span>
    </p>
   </div>
   <div class='ocr_carea' id='block_1_2' title="bbox 14 519 894 5780">
    <p class='ocr_par' dir='ltr' id='par_1_2' title="bbox 14 519 894 5780">
     <span class='ocr_line' id='line_1_2' title="bbox 101 519 893 599; baseline 0.005 -14"><span class='ocrx_word' id='word_1_2' title='bbox 101 521 134 586; x_wconf 88' lang='lat' dir='ltr'><strong>et</strong></span> <span class='ocrx_word' id='word_1_3' title='bbox 149 519 377 599; x_wconf 80' lang='lat' dir='ltr'><strong>conjudicibus</strong></span> <span class='ocrx_word' id='word_1_4' title='bbox 398 523 480 594; x_wconf 86' lang='lat' dir='ltr'><strong>suis,</strong></span> <span class='ocrx_word' id='word_1_5' title='bbox 495 522 555 586; x_wconf 90' lang='lat' dir='ltr'><strong>sub</strong></span> <span class='ocrx_word' id='word_1_6' title='bbox 577 525 668 586; x_wconf 88' lang='lat' dir='ltr'><strong>ceria</strong></span> <span class='ocrx_word' id='word_1_7' title='bbox 678 523 785 588; x_wconf 89' lang='lat' dir='ltr'><strong>torma</strong></span> <span class='ocrx_word' id='word_1_8' title='bbox 799 525 893 589; x_wconf 88' lang='lat' dir='ltr'><strong>litte-</strong></span> 
     </span>
     <span class='ocr_line' id='line_1_3' title="bbox 100 619 892 686; baseline 0.008 -8"><span class='ocrx_word' id='word_1_9' title='bbox 100 633 157 680; x_wconf 87' lang='lat' dir='ltr'><strong>ras</strong></span> <span class='ocrx_word' id='word_1_10' title='bbox 171 622 302 680; x_wconf 90' lang='lat' dir='ltr'><strong>nostras</strong></span> <span class='ocrx_word' id='word_1_11' title='bbox 318 619 501 682; x_wconf 80' lang='lat' dir='ltr'><strong>direximus</strong></span> <span class='ocrx_word' id='word_1_12' title='bbox 516 622 605 685; x_wconf 91' lang='lat' dir='ltr'><strong>inter</strong></span> <span class='ocrx_word' id='word_1_13' title='bbox 623 622 692 684; x_wconf 89' lang='lat' dir='ltr'><strong>alia</strong></span> <span class='ocrx_word' id='word_1_14' title='bbox 714 623 892 686; x_wconf 91' lang='lat' dir='ltr'><strong>continen-</strong></span> 
     </span>
     <span class='ocr_line' id='line_1_4' title="bbox 98 715 894 798; baseline 0.008 -22"><span class='ocrx_word' id='word_1_15' title='bbox 98 715 160 787; x_wconf 76' lang='lat' dir='ltr'><strong>teS,</strong></span> <span class='ocrx_word' id='word_1_16' title='bbox 186 717 222 777; x_wconf 93' lang='lat' dir='ltr'><strong>ut</strong></span> <span class='ocrx_word' id='word_1_17' title='bbox 248 717 385 790; x_wconf 81' lang='lat' dir='ltr'><strong>vocatis,</strong></span> <span class='ocrx_word' id='word_1_18' title='bbox 404 719 460 794; x_wconf 91' lang='lat' dir='ltr'><strong>qui</strong></span> <span class='ocrx_word' id='word_1_19' title='bbox 488 720 630 780; x_wconf 86' lang='lat' dir='ltr'><strong>vocandi</strong></span> <span class='ocrx_word' id='word_1_20' title='bbox 655 722 767 783; x_wconf 89' lang='lat' dir='ltr'><strong>essent</strong></span> <span class='ocrx_word' id='word_1_21' title='bbox 794 737 894 798; x_wconf 89' lang='lat' dir='ltr'><strong>super</strong></span> 
     </span>
     <span class='ocr_line' id='line_1_5' title="bbox 97 814 894 900; baseline 0.01 -28"><span class='ocrx_word' id='word_1_22' title='bbox 97 814 289 889; x_wconf 89' lang='lat' dir='ltr'><strong>propositis,</strong></span> <span class='ocrx_word' id='word_1_23' title='bbox 307 815 339 876; x_wconf 93' lang='lat' dir='ltr'><strong>et</strong></span> <span class='ocrx_word' id='word_1_24' title='bbox 357 815 433 876; x_wconf 88' lang='lat' dir='ltr'><strong>aliis</strong></span> <span class='ocrx_word' id='word_1_25' title='bbox 455 817 561 878; x_wconf 88' lang='lat' dir='ltr'><strong>totum</strong></span> <span class='ocrx_word' id='word_1_26' title='bbox 574 818 742 900; x_wconf 74' lang='lat' dir='ltr'><strong>negotium</strong></span> <span class='ocrx_word' id='word_1_27' title='bbox 762 819 894 880; x_wconf 92' lang='lat' dir='ltr'><strong>contin-</strong></span> 
     </span>
     <span class='ocr_line' id='line_1_6' title="bbox 96 911 892 993; baseline 0.005 -21"><span class='ocrx_word' id='word_1_28' title='bbox 96 911 253 986; x_wconf 81' lang='lat' dir='ltr'><strong>gentibus</strong></span> <span class='ocrx_word' id='word_1_29' title='bbox 268 913 485 989; x_wconf 77' lang='lat' dir='ltr'><strong>inquirerent</strong></span> <span class='ocrx_word' id='word_1_30' title='bbox 498 915 683 988; x_wconf 79' lang='lat' dir='ltr'><strong>ueritatem</strong></span> <span class='ocrx_word' id='word_1_31' title='bbox 695 916 797 978; x_wconf 87' lang='lat' dir='ltr'><strong>testes</strong></span> <span class='ocrx_word' id='word_1_32' title='bbox 810 932 892 993; x_wconf 89' lang='lat' dir='ltr'><strong>quos</strong></span> 
     </span>
     <span class='ocr_line' id='line_1_7' title="bbox 96 1009 891 1089; baseline 0.008 -22"><span class='ocrx_word' id='word_1_33' title='bbox 96 1009 267 1069; x_wconf 91' lang='lat' dir='ltr'><strong>nominari</strong></span> <span class='ocrx_word' id='word_1_34' title='bbox 283 1010 489 1086; x_wconf 88' lang='lat' dir='ltr'><strong>contingeret</strong></span> <span class='ocrx_word' id='word_1_35' title='bbox 499 1013 597 1089; x_wconf 89' lang='lat' dir='ltr'><strong>juxta</strong></span> <span class='ocrx_word' id='word_1_36' title='bbox 610 1013 803 1074; x_wconf 88' lang='lat' dir='ltr'><strong>consuetam</strong></span> <span class='ocrx_word' id='word_1_37' title='bbox 817 1012 891 1074; x_wconf 85' lang='lat' dir='ltr'><strong>ior-</strong></span> 
     </span>
     <span class='ocr_line' id='line_1_8' title="bbox 96 1105 890 1187; baseline 0.006 -22"><span class='ocrx_word' id='word_1_38' title='bbox 96 1121 186 1166; x_wconf 87' lang='lat' dir='ltr'><strong>mam</strong></span> <span class='ocrx_word' id='word_1_39' title='bbox 200 1105 242 1166; x_wconf 89' lang='lat' dir='ltr'><strong>ad</strong></span> <span class='ocrx_word' id='word_1_40' title='bbox 254 1107 480 1169; x_wconf 90' lang='lat' dir='ltr'><strong>testimonium</strong></span> <span class='ocrx_word' id='word_1_41' title='bbox 495 1109 722 1186; x_wconf 89' lang='lat' dir='ltr'><strong>compellendo</strong></span> <span class='ocrx_word' id='word_1_42' title='bbox 731 1112 763 1172; x_wconf 90' lang='lat' dir='ltr'><strong>et</strong></span> <span class='ocrx_word' id='word_1_43' title='bbox 776 1111 890 1187; x_wconf 80' lang='lat' dir='ltr'><strong>praeti-</strong></span> 
     </span>
     <span class='ocr_line' id='line_1_9' title="bbox 95 1203 888 1284; baseline 0.009 -22"><span class='ocrx_word' id='word_1_44' title='bbox 95 1203 207 1276; x_wconf 88' lang='lat' dir='ltr'><strong>gendo</strong></span> <span class='ocrx_word' id='word_1_45' title='bbox 245 1204 395 1280; x_wconf 88' lang='lat' dir='ltr'><strong>partibus</strong></span> <span class='ocrx_word' id='word_1_46' title='bbox 425 1206 604 1268; x_wconf 90' lang='lat' dir='ltr'><strong>terminum</strong></span> <span class='ocrx_word' id='word_1_47' title='bbox 640 1208 888 1284; x_wconf 85' lang='lat' dir='ltr'><strong>competentem,</strong></span> 
     </span>
     <span class='ocr_line' id='line_1_10' title="bbox 95 1303 890 1378; baseline 0.009 -18"><span class='ocrx_word' id='word_1_48' title='bbox 95 1316 160 1376; x_wconf 91' lang='lat' dir='ltr'><strong>quo</strong></span> <span class='ocrx_word' id='word_1_49' title='bbox 173 1317 293 1378; x_wconf 89' lang='lat' dir='ltr'><strong>perse,</strong></span> <span class='ocrx_word' id='word_1_50' title='bbox 309 1303 363 1364; x_wconf 84' lang='lat' dir='ltr'><strong>uel</strong></span> <span class='ocrx_word' id='word_1_51' title='bbox 378 1305 610 1378; x_wconf 87' lang='lat' dir='ltr'><strong>procuratores</strong></span> <span class='ocrx_word' id='word_1_52' title='bbox 623 1304 761 1368; x_wconf 90' lang='lat' dir='ltr'><strong>idoneos</strong></span> <span class='ocrx_word' id='word_1_53' title='bbox 776 1307 890 1368; x_wconf 89' lang='lat' dir='ltr'><strong>nostro</strong></span> 
     </span>
     <span class='ocr_line' id='line_1_11' title="bbox 94 1400 889 1479; baseline 0.009 -22"><span class='ocrx_word' id='word_1_54' title='bbox 94 1411 130 1458; x_wconf 93' lang='lat' dir='ltr'><strong>se</strong></span> <span class='ocrx_word' id='word_1_55' title='bbox 142 1400 337 1476; x_wconf 86' lang='lat' dir='ltr'><strong>conspectui</strong></span> <span class='ocrx_word' id='word_1_56' title='bbox 352 1401 605 1476; x_wconf 87' lang='lat' dir='ltr'><strong>praesentarent,</strong></span> <span class='ocrx_word' id='word_1_57' title='bbox 611 1403 739 1479; x_wconf 88' lang='lat' dir='ltr'><strong>justam</strong></span> <span class='ocrx_word' id='word_1_58' title='bbox 750 1406 889 1466; x_wconf 89' lang='lat' dir='ltr'><strong>senten-</strong></span> 
     </span>
     <span class='ocr_line' id='line_1_12' title="bbox 94 1495 889 1574; baseline 0.01 -20"><span class='ocrx_word' id='word_1_59' title='bbox 94 1495 176 1554; x_wconf 88' lang='lat' dir='ltr'><strong>tiam</strong></span> <span class='ocrx_word' id='word_1_60' title='bbox 194 1504 388 1572; x_wconf 79' lang='lat' dir='ltr'><strong>recepturae.</strong></span> <span class='ocrx_word' id='word_1_61' title='bbox 411 1497 566 1560; x_wconf 88' lang='lat' dir='ltr'><strong>Partibus</strong></span> <span class='ocrx_word' id='word_1_62' title='bbox 587 1515 666 1574; x_wconf 86' lang='lat' dir='ltr'><strong>ergo</strong></span> <span class='ocrx_word' id='word_1_63' title='bbox 690 1499 799 1562; x_wconf 87' lang='lat' dir='ltr'><strong>citatis</strong></span> <span class='ocrx_word' id='word_1_64' title='bbox 822 1517 889 1562; x_wconf 91' lang='lat' dir='ltr'><strong>non</strong></span> 
     </span>
     <span class='ocr_line' id='line_1_13' title="bbox 93 1590 889 1672; baseline 0.011 -22"><span class='ocrx_word' id='word_1_65' title='bbox 93 1590 157 1653; x_wconf 89' lang='lat' dir='ltr'><strong>luit</strong></span> <span class='ocrx_word' id='word_1_66' title='bbox 171 1607 364 1667; x_wconf 87' lang='lat' dir='ltr'><strong>processum</strong></span> <span class='ocrx_word' id='word_1_67' title='bbox 386 1595 421 1654; x_wconf 92' lang='lat' dir='ltr'><strong>in</strong></span> <span class='ocrx_word' id='word_1_68' title='bbox 441 1593 553 1672; x_wconf 90' lang='lat' dir='ltr'><strong>aliquo</strong></span> <span class='ocrx_word' id='word_1_69' title='bbox 574 1596 682 1671; x_wconf 90' lang='lat' dir='ltr'><strong>prima</strong></span> <span class='ocrx_word' id='word_1_70' title='bbox 707 1596 771 1658; x_wconf 92' lang='lat' dir='ltr'><strong>die.</strong></span> <span class='ocrx_word' id='word_1_71' title='bbox 790 1598 889 1658; x_wconf 86' lang='lat' dir='ltr'><strong>Cum-</strong></span> 
     </span>
     <span class='ocr_line' id='line_1_14' title="bbox 92 1689 889 1768; baseline 0.01 -19"><span class='ocrx_word' id='word_1_72' title='bbox 92 1705 155 1766; x_wconf 87' lang='lat' dir='ltr'><strong>que</strong></span> <span class='ocrx_word' id='word_1_73' title='bbox 172 1689 287 1751; x_wconf 87' lang='lat' dir='ltr'><strong>decem</strong></span> <span class='ocrx_word' id='word_1_74' title='bbox 313 1691 354 1752; x_wconf 92' lang='lat' dir='ltr'><strong>de</strong></span> <span class='ocrx_word' id='word_1_75' title='bbox 374 1693 467 1768; x_wconf 86' lang='lat' dir='ltr'><strong>parte</strong></span> <span class='ocrx_word' id='word_1_76' title='bbox 493 1693 637 1755; x_wconf 79' lang='lat' dir='ltr'><strong>adversa</strong></span> <span class='ocrx_word' id='word_1_77' title='bbox 656 1695 801 1756; x_wconf 87' lang='lat' dir='ltr'><strong>secundo</strong></span> <span class='ocrx_word' id='word_1_78' title='bbox 818 1697 889 1757; x_wconf 88' lang='lat' dir='ltr'><strong>ter-</strong></span> 
     </span>
     <span class='ocr_line' id='line_1_15' title="bbox 91 1787 888 1865; baseline 0.011 -19"><span class='ocrx_word' id='word_1_79' title='bbox 91 1787 184 1848; x_wconf 90' lang='lat' dir='ltr'><strong>mino</strong></span> <span class='ocrx_word' id='word_1_80' title='bbox 201 1789 457 1865; x_wconf 83' lang='lat' dir='ltr'><strong>comparuerint,</strong></span> <span class='ocrx_word' id='word_1_81' title='bbox 477 1790 673 1864; x_wconf 81' lang='lat' dir='ltr'><strong>siluissent,</strong></span> <span class='ocrx_word' id='word_1_82' title='bbox 689 1792 717 1853; x_wconf 90' lang='lat' dir='ltr'><strong>si</strong></span> <span class='ocrx_word' id='word_1_83' title='bbox 730 1793 836 1855; x_wconf 89' lang='lat' dir='ltr'><strong>electo</strong></span> <span class='ocrx_word' id='word_1_84' title='bbox 852 1809 888 1855; x_wconf 91' lang='lat' dir='ltr'><strong>se</strong></span> 
     </span>
     <span class='ocr_line' id='line_1_16' title="bbox 91 1887 887 1967; baseline 0.01 -23"><span class='ocrx_word' id='word_1_85' title='bbox 91 1887 310 1960; x_wconf 90' lang='lat' dir='ltr'><strong>opponerent,</strong></span> <span class='ocrx_word' id='word_1_86' title='bbox 338 1887 545 1964; x_wconf 89' lang='lat' dir='ltr'><strong>ajudicibus</strong></span> <span class='ocrx_word' id='word_1_87' title='bbox 568 1889 733 1966; x_wconf 89' lang='lat' dir='ltr'><strong>requisiti,</strong></span> <span class='ocrx_word' id='word_1_88' title='bbox 762 1891 887 1967; x_wconf 91' lang='lat' dir='ltr'><strong>septem</strong></span> 
     </span>
     <span class='ocr_line' id='line_1_17' title="bbox 90 1984 886 2064; baseline 0.01 -22"><span class='ocrx_word' id='word_1_89' title='bbox 90 1998 208 2042; x_wconf 89' lang='lat' dir='ltr'><strong>eorum</strong></span> <span class='ocrx_word' id='word_1_90' title='bbox 232 1984 435 2060; x_wconf 87' lang='lat' dir='ltr'><strong>respondere</strong></span> <span class='ocrx_word' id='word_1_91' title='bbox 450 1985 637 2049; x_wconf 89' lang='lat' dir='ltr'><strong>volentibus</strong></span> <span class='ocrx_word' id='word_1_92' title='bbox 659 1988 699 2048; x_wconf 90' lang='lat' dir='ltr'><strong>ad</strong></span> <span class='ocrx_word' id='word_1_93' title='bbox 722 1987 886 2064; x_wconf 89' lang='lat' dir='ltr'><strong>agendum</strong></span> 
     </span>
     <span class='ocr_line' id='line_1_18' title="bbox 88 2080 885 2148; baseline 0.008 -7"><span class='ocrx_word' id='word_1_94' title='bbox 88 2080 158 2141; x_wconf 91' lang='lat' dir='ltr'><strong>tres</strong></span> <span class='ocrx_word' id='word_1_95' title='bbox 175 2095 213 2141; x_wconf 88' lang='lat' dir='ltr'><strong>se</strong></span> <span class='ocrx_word' id='word_1_96' title='bbox 227 2081 353 2142; x_wconf 89' lang='lat' dir='ltr'><strong>residui</strong></span> <span class='ocrx_word' id='word_1_97' title='bbox 365 2082 566 2145; x_wconf 90' lang='lat' dir='ltr'><strong>obtulerunt.</strong></span> <span class='ocrx_word' id='word_1_98' title='bbox 580 2085 660 2144; x_wconf 85' lang='lat' dir='ltr'><strong>Cum</strong></span> <span class='ocrx_word' id='word_1_99' title='bbox 676 2086 786 2146; x_wconf 88' lang='lat' dir='ltr'><strong>autem</strong></span> <span class='ocrx_word' id='word_1_100' title='bbox 798 2085 885 2148; x_wconf 91' lang='lat' dir='ltr'><strong>idem</strong></span> 
     </span>
     <span class='ocr_line' id='line_1_19' title="bbox 88 2177 886 2260; baseline 0.014 -24"><span class='ocrx_word' id='word_1_101' title='bbox 88 2177 218 2240; x_wconf 88' lang='lat' dir='ltr'><strong>electus</strong></span> <span class='ocrx_word' id='word_1_102' title='bbox 233 2179 400 2255; x_wconf 85' lang='lat' dir='ltr'><strong>praedictis</strong></span> <span class='ocrx_word' id='word_1_103' title='bbox 423 2180 528 2242; x_wconf 89' lang='lat' dir='ltr'><strong>tribus</strong></span> <span class='ocrx_word' id='word_1_104' title='bbox 544 2183 836 2260; x_wconf 84' lang='lat' dir='ltr'><strong>conspirationem,</strong></span> <span class='ocrx_word' id='word_1_105' title='bbox 854 2186 886 2247; x_wconf 88' lang='lat' dir='ltr'><strong>ei</strong></span> 
     </span>
     <span class='ocr_line' id='line_1_20' title="bbox 88 2274 885 2344; baseline 0.013 -10"><span class='ocrx_word' id='word_1_106' title='bbox 88 2274 219 2336; x_wconf 88' lang='lat' dir='ltr'><strong>duobus</strong></span> <span class='ocrx_word' id='word_1_107' title='bbox 233 2292 348 2338; x_wconf 91' lang='lat' dir='ltr'><strong>eorum</strong></span> <span class='ocrx_word' id='word_1_108' title='bbox 365 2280 743 2342; x_wconf 83' lang='lat' dir='ltr'><strong>excommunicationem</strong></span> <span class='ocrx_word' id='word_1_109' title='bbox 763 2283 798 2342; x_wconf 92' lang='lat' dir='ltr'><strong>in</strong></span> <span class='ocrx_word' id='word_1_110' title='bbox 813 2298 885 2344; x_wconf 92' lang='lat' dir='ltr'><strong>mo-</strong></span> 
     </span>
     <span class='ocr_line' id='line_1_21' title="bbox 87 2372 883 2454; baseline 0.013 -22"><span class='ocrx_word' id='word_1_111' title='bbox 87 2372 165 2433; x_wconf 90' lang='lat' dir='ltr'><strong>dum</strong></span> <span class='ocrx_word' id='word_1_112' title='bbox 198 2375 403 2452; x_wconf 85' lang='lat' dir='ltr'><strong>exceptionis</strong></span> <span class='ocrx_word' id='word_1_113' title='bbox 425 2376 594 2454; x_wconf 90' lang='lat' dir='ltr'><strong>objecerit,</strong></span> <span class='ocrx_word' id='word_1_114' title='bbox 616 2393 652 2440; x_wconf 90' lang='lat' dir='ltr'><strong>se</strong></span> <span class='ocrx_word' id='word_1_115' title='bbox 679 2379 713 2440; x_wconf 93' lang='lat' dir='ltr'><strong>id</strong></span> <span class='ocrx_word' id='word_1_116' title='bbox 740 2379 883 2442; x_wconf 83' lang='lat' dir='ltr'><strong>offerens</strong></span> 
     </span>
     <span class='ocr_line' id='line_1_22' title="bbox 86 2471 883 2553; baseline 0.01 -22"><span class='ocrx_word' id='word_1_117' title='bbox 86 2471 330 2546; x_wconf 87' lang='lat' dir='ltr'><strong>probaturum,</strong></span> <span class='ocrx_word' id='word_1_118' title='bbox 365 2474 495 2551; x_wconf 88' lang='lat' dir='ltr'><strong>praelati</strong></span> <span class='ocrx_word' id='word_1_119' title='bbox 526 2476 657 2553; x_wconf 90' lang='lat' dir='ltr'><strong>judices</strong></span> <span class='ocrx_word' id='word_1_120' title='bbox 691 2477 883 2540; x_wconf 88' lang='lat' dir='ltr'><strong>interlocuti</strong></span> 
     </span>
     <span class='ocr_line' id='line_1_23' title="bbox 86 2568 882 2652; baseline 0.013 -24"><span class='ocrx_word' id='word_1_121' title='bbox 86 2568 235 2641; x_wconf 86' lang='lat' dir='ltr'><strong>suerunt,</strong></span> <span class='ocrx_word' id='word_1_122' title='bbox 252 2571 337 2648; x_wconf 90' lang='lat' dir='ltr'><strong>quod</strong></span> <span class='ocrx_word' id='word_1_123' title='bbox 352 2572 393 2632; x_wconf 90' lang='lat' dir='ltr'><strong>de</strong></span> <span class='ocrx_word' id='word_1_124' title='bbox 410 2572 474 2646; x_wconf 91' lang='lat' dir='ltr'><strong>his,</strong></span> <span class='ocrx_word' id='word_1_125' title='bbox 501 2575 533 2636; x_wconf 93' lang='lat' dir='ltr'><strong>et</strong></span> <span class='ocrx_word' id='word_1_126' title='bbox 552 2575 729 2652; x_wconf 93' lang='lat' dir='ltr'><strong>principali</strong></span> <span class='ocrx_word' id='word_1_127' title='bbox 749 2577 882 2652; x_wconf 88' lang='lat' dir='ltr'><strong>negotio</strong></span> 
     </span>
     <span class='ocr_line' id='line_1_24' title="bbox 85 2667 882 2751; baseline 0.011 -26"><span class='ocrx_word' id='word_1_128' title='bbox 85 2667 190 2726; x_wconf 90' lang='lat' dir='ltr'><strong>simul</strong></span> <span class='ocrx_word' id='word_1_129' title='bbox 208 2668 426 2745; x_wconf 88' lang='lat' dir='ltr'><strong>inquirerent,</strong></span> <span class='ocrx_word' id='word_1_130' title='bbox 442 2687 462 2732; x_wconf 90' lang='lat' dir='ltr'><strong>a</strong></span> <span class='ocrx_word' id='word_1_131' title='bbox 477 2670 596 2748; x_wconf 89' lang='lat' dir='ltr'><strong>quihus</strong></span> <span class='ocrx_word' id='word_1_132' title='bbox 611 2671 781 2735; x_wconf 84' lang='lat' dir='ltr'><strong>videretur</strong></span> <span class='ocrx_word' id='word_1_133' title='bbox 799 2674 882 2751; x_wconf 86' lang='lat' dir='ltr'><strong>ipsis</strong></span> 
     </span>
     <span class='ocr_line' id='line_1_25' title="bbox 79 2764 881 2847; baseline 0.012 -24"><span class='ocrx_word' id='word_1_134' title='bbox 79 2764 254 2840; x_wconf 83' lang='lat' dir='ltr'><strong>judicibus</strong></span> <span class='ocrx_word' id='word_1_135' title='bbox 273 2766 518 2843; x_wconf 87' lang='lat' dir='ltr'><strong>inquirendum,</strong></span> <span class='ocrx_word' id='word_1_136' title='bbox 536 2769 685 2832; x_wconf 89' lang='lat' dir='ltr'><strong>nolentes</strong></span> <span class='ocrx_word' id='word_1_137' title='bbox 701 2771 797 2847; x_wconf 90' lang='lat' dir='ltr'><strong>quasi</strong></span> <span class='ocrx_word' id='word_1_138' title='bbox 815 2786 881 2833; x_wconf 93' lang='lat' dir='ltr'><strong>non</strong></span> 
     </span>
     <span class='ocr_line' id='line_1_26' title="bbox 80 2861 882 2945; baseline 0.01 -23"><span class='ocrx_word' id='word_1_139' title='bbox 80 2861 227 2938; x_wconf 87' lang='lat' dir='ltr'><strong>jndices,</strong></span> <span class='ocrx_word' id='word_1_140' title='bbox 250 2863 306 2924; x_wconf 87' lang='lat' dir='ltr'><strong>sed</strong></span> <span class='ocrx_word' id='word_1_141' title='bbox 336 2863 552 2942; x_wconf 89' lang='lat' dir='ltr'><strong>inquisitores</strong></span> <span class='ocrx_word' id='word_1_142' title='bbox 576 2867 758 2929; x_wconf 87' lang='lat' dir='ltr'><strong>existerent</strong></span> <span class='ocrx_word' id='word_1_143' title='bbox 781 2883 882 2945; x_wconf 90' lang='lat' dir='ltr'><strong>super</strong></span> 
     </span>
     <span class='ocr_line' id='line_1_27' title="bbox 83 2958 882 3041; baseline 0.011 -23"><span class='ocrx_word' id='word_1_144' title='bbox 83 2958 186 3022; x_wconf 87' lang='lat' dir='ltr'><strong>dictis</strong></span> <span class='ocrx_word' id='word_1_145' title='bbox 201 2961 452 3037; x_wconf 87' lang='lat' dir='ltr'><strong>exceptionibus</strong></span> <span class='ocrx_word' id='word_1_146' title='bbox 466 2963 573 3039; x_wconf 88' lang='lat' dir='ltr'><strong>ipsius</strong></span> <span class='ocrx_word' id='word_1_147' title='bbox 592 2963 689 3025; x_wconf 90' lang='lat' dir='ltr'><strong>electi</strong></span> <span class='ocrx_word' id='word_1_148' title='bbox 711 2964 882 3041; x_wconf 87' lang='lat' dir='ltr'><strong>probatio-</strong></span> 
     </span>
     <span class='ocr_line' id='line_1_28' title="bbox 83 3058 879 3139; baseline 0.011 -23"><span class='ocrx_word' id='word_1_149' title='bbox 83 3072 142 3118; x_wconf 89' lang='lat' dir='ltr'><strong>nes</strong></span> <span class='ocrx_word' id='word_1_150' title='bbox 164 3058 351 3132; x_wconf 87' lang='lat' dir='ltr'><strong>admittere,</strong></span> <span class='ocrx_word' id='word_1_151' title='bbox 364 3059 421 3122; x_wconf 91' lang='lat' dir='ltr'><strong>sed</strong></span> <span class='ocrx_word' id='word_1_152' title='bbox 437 3061 665 3137; x_wconf 83' lang='lat' dir='ltr'><strong>praevertendo</strong></span> <span class='ocrx_word' id='word_1_153' title='bbox 680 3062 768 3139; x_wconf 88' lang='lat' dir='ltr'><strong>juris</strong></span> <span class='ocrx_word' id='word_1_154' title='bbox 784 3062 879 3125; x_wconf 94' lang='lat' dir='ltr'><strong>ordi-</strong></span> 
     </span>
     <span class='ocr_line' id='line_1_29' title="bbox 82 3155 881 3238; baseline 0.01 -23"><span class='ocrx_word' id='word_1_155' title='bbox 82 3171 160 3216; x_wconf 90' lang='lat' dir='ltr'><strong>nem</strong></span> <span class='ocrx_word' id='word_1_156' title='bbox 175 3155 217 3217; x_wconf 92' lang='lat' dir='ltr'><strong>de</strong></span> <span class='ocrx_word' id='word_1_157' title='bbox 232 3158 414 3233; x_wconf 82' lang='lat' dir='ltr'><strong>praemissis</strong></span> <span class='ocrx_word' id='word_1_158' title='bbox 430 3159 691 3236; x_wconf 86' lang='lat' dir='ltr'><strong>exceptionibus,</strong></span> <span class='ocrx_word' id='word_1_159' title='bbox 706 3161 739 3222; x_wconf 90' lang='lat' dir='ltr'><strong>et</strong></span> <span class='ocrx_word' id='word_1_160' title='bbox 755 3161 881 3238; x_wconf 92' lang='lat' dir='ltr'><strong>princi·</strong></span> 
     </span>
     <span class='ocr_line' id='line_1_30' title="bbox 82 3253 882 3333; baseline 0.01 -20"><span class='ocrx_word' id='word_1_161' title='bbox 82 3254 150 3330; x_wconf 89' lang='lat' dir='ltr'><strong>pali</strong></span> <span class='ocrx_word' id='word_1_162' title='bbox 162 3253 290 3330; x_wconf 87' lang='lat' dir='ltr'><strong>pariter</strong></span> <span class='ocrx_word' id='word_1_163' title='bbox 304 3269 364 3333; x_wconf 89' lang='lat' dir='ltr'><strong>per</strong></span> <span class='ocrx_word' id='word_1_164' title='bbox 378 3271 413 3316; x_wconf 92' lang='lat' dir='ltr'><strong>se</strong></span> <span class='ocrx_word' id='word_1_165' title='bbox 427 3256 597 3332; x_wconf 89' lang='lat' dir='ltr'><strong>inquirere</strong></span> <span class='ocrx_word' id='word_1_166' title='bbox 612 3257 834 3328; x_wconf 87' lang='lat' dir='ltr'><strong>intendentes,</strong></span> <span class='ocrx_word' id='word_1_167' title='bbox 848 3261 882 3321; x_wconf 90' lang='lat' dir='ltr'><strong>et</strong></span> 
     </span>
     <span class='ocr_line' id='line_1_31' title="bbox 82 3351 877 3431; baseline 0.008 -20"><span class='ocrx_word' id='word_1_168' title='bbox 82 3351 302 3426; x_wconf 90' lang='lat' dir='ltr'><strong>procedentes</strong></span> <span class='ocrx_word' id='word_1_169' title='bbox 324 3353 423 3414; x_wconf 89' lang='lat' dir='ltr'><strong>etiam</strong></span> <span class='ocrx_word' id='word_1_170' title='bbox 439 3353 480 3413; x_wconf 89' lang='lat' dir='ltr'><strong>ad</strong></span> <span class='ocrx_word' id='word_1_171' title='bbox 494 3355 717 3431; x_wconf 90' lang='lat' dir='ltr'><strong>receptionem</strong></span> <span class='ocrx_word' id='word_1_172' title='bbox 732 3355 877 3429; x_wconf 88' lang='lat' dir='ltr'><strong>testium,</strong></span> 
     </span>
     <span class='ocr_line' id='line_1_32' title="bbox 82 3449 878 3529; baseline 0.009 -20"><span class='ocrx_word' id='word_1_173' title='bbox 82 3449 232 3510; x_wconf 91' lang='lat' dir='ltr'><strong>nondum</strong></span> <span class='ocrx_word' id='word_1_174' title='bbox 250 3449 307 3511; x_wconf 88' lang='lat' dir='ltr'><strong>lite</strong></span> <span class='ocrx_word' id='word_1_175' title='bbox 329 3466 429 3527; x_wconf 90' lang='lat' dir='ltr'><strong>super</strong></span> <span class='ocrx_word' id='word_1_176' title='bbox 452 3451 567 3513; x_wconf 89' lang='lat' dir='ltr'><strong>eodem</strong></span> <span class='ocrx_word' id='word_1_177' title='bbox 586 3453 720 3529; x_wconf 87' lang='lat' dir='ltr'><strong>negotio</strong></span> <span class='ocrx_word' id='word_1_178' title='bbox 743 3456 878 3516; x_wconf 91' lang='lat' dir='ltr'><strong>contes-</strong></span> 
     </span>
     <span class='ocr_line' id='line_1_33' title="bbox 80 3547 878 3624; baseline 0.009 -18"><span class='ocrx_word' id='word_1_179' title='bbox 80 3547 167 3621; x_wconf 85' lang='lat' dir='ltr'><strong>tata3</strong></span> <span class='ocrx_word' id='word_1_180' title='bbox 194 3563 298 3624; x_wconf 88' lang='lat' dir='ltr'><strong>quare</strong></span> <span class='ocrx_word' id='word_1_181' title='bbox 311 3549 573 3624; x_wconf 87' lang='lat' dir='ltr'><strong>praenominatus</strong></span> <span class='ocrx_word' id='word_1_182' title='bbox 589 3551 715 3614; x_wconf 89' lang='lat' dir='ltr'><strong>electus</strong></span> <span class='ocrx_word' id='word_1_183' title='bbox 730 3553 878 3613; x_wconf 89' lang='lat' dir='ltr'><strong>nostram</strong></span> 
     </span>
     <span class='ocr_line' id='line_1_34' title="bbox 80 3645 879 3726; baseline 0.004 -20"><span class='ocrx_word' id='word_1_184' title='bbox 80 3645 289 3706; x_wconf 89' lang='lat' dir='ltr'><strong>audientiam</strong></span> <span class='ocrx_word' id='word_1_185' title='bbox 319 3647 512 3723; x_wconf 82' lang='lat' dir='ltr'><strong>appellavit,</strong></span> <span class='ocrx_word' id='word_1_186' title='bbox 548 3646 719 3710; x_wconf 89' lang='lat' dir='ltr'><strong>humiliter</strong></span> <span class='ocrx_word' id='word_1_187' title='bbox 748 3649 879 3726; x_wconf 90' lang='lat' dir='ltr'><strong>suppli-</strong></span> 
     </span>
     <span class='ocr_line' id='line_1_35' title="bbox 80 3744 877 3821; baseline 0.006 -19"><span class='ocrx_word' id='word_1_188' title='bbox 80 3759 175 3814; x_wconf 85' lang='lat' dir='ltr'><strong>cans,</strong></span> <span class='ocrx_word' id='word_1_189' title='bbox 194 3744 232 3805; x_wconf 93' lang='lat' dir='ltr'><strong>ut</strong></span> <span class='ocrx_word' id='word_1_190' title='bbox 245 3759 319 3804; x_wconf 92' lang='lat' dir='ltr'><strong>cum</strong></span> <span class='ocrx_word' id='word_1_191' title='bbox 342 3745 463 3806; x_wconf 73' lang='lat' dir='ltr'><strong>litterae</strong></span> <span class='ocrx_word' id='word_1_192' title='bbox 484 3744 526 3806; x_wconf 88' lang='lat' dir='ltr'><strong>ad</strong></span> <span class='ocrx_word' id='word_1_193' title='bbox 541 3745 673 3821; x_wconf 87' lang='lat' dir='ltr'><strong>judices</strong></span> <span class='ocrx_word' id='word_1_194' title='bbox 699 3746 790 3821; x_wconf 90' lang='lat' dir='ltr'><strong>ipsos</strong></span> <span class='ocrx_word' id='word_1_195' title='bbox 813 3745 877 3807; x_wconf 92' lang='lat' dir='ltr'><strong>ob-</strong></span> 
     </span>
     <span class='ocr_line' id='line_1_36' title="bbox 78 3843 876 3919; baseline 0.003 -17"><span class='ocrx_word' id='word_1_196' title='bbox 78 3843 197 3915; x_wconf 88' lang='lat' dir='ltr'><strong>tentae,</strong></span> <span class='ocrx_word' id='word_1_197' title='bbox 213 3856 280 3902; x_wconf 91' lang='lat' dir='ltr'><strong>non</strong></span> <span class='ocrx_word' id='word_1_198' title='bbox 298 3843 561 3919; x_wconf 87' lang='lat' dir='ltr'><strong>inquisitionem,</strong></span> <span class='ocrx_word' id='word_1_199' title='bbox 582 3843 640 3904; x_wconf 91' lang='lat' dir='ltr'><strong>sed</strong></span> <span class='ocrx_word' id='word_1_200' title='bbox 664 3843 876 3905; x_wconf 87' lang='lat' dir='ltr'><strong>commissio-</strong></span> 
     </span>
     <span class='ocr_line' id='line_1_37' title="bbox 79 3939 877 4018; baseline 0.008 -20"><span class='ocrx_word' id='word_1_201' title='bbox 79 3954 155 3999; x_wconf 89' lang='lat' dir='ltr'><strong>nem</strong></span> <span class='ocrx_word' id='word_1_202' title='bbox 173 3939 318 4016; x_wconf 89' lang='lat' dir='ltr'><strong>sapiant,</strong></span> <span class='ocrx_word' id='word_1_203' title='bbox 329 3942 428 4018; x_wconf 89' lang='lat' dir='ltr'><strong>prout</strong></span> <span class='ocrx_word' id='word_1_204' title='bbox 451 3941 589 4018; x_wconf 89' lang='lat' dir='ltr'><strong>apparet</strong></span> <span class='ocrx_word' id='word_1_205' title='bbox 610 3957 653 4002; x_wconf 90' lang='lat' dir='ltr'><strong>ex</strong></span> <span class='ocrx_word' id='word_1_206' title='bbox 673 3941 877 4004; x_wconf 87' lang='lat' dir='ltr'><strong>continentia</strong></span> 
     </span>
     <span class='ocr_line' id='line_1_38' title="bbox 79 4036 877 4118; baseline 0.004 -21"><span class='ocrx_word' id='word_1_207' title='bbox 79 4036 288 4108; x_wconf 89' lang='lat' dir='ltr'><strong>earumdem,</strong></span> <span class='ocrx_word' id='word_1_208' title='bbox 303 4038 388 4114; x_wconf 91' lang='lat' dir='ltr'><strong>quod</strong></span> <span class='ocrx_word' id='word_1_209' title='bbox 405 4038 446 4100; x_wconf 91' lang='lat' dir='ltr'><strong>ab</strong></span> <span class='ocrx_word' id='word_1_210' title='bbox 461 4039 511 4100; x_wconf 93' lang='lat' dir='ltr'><strong>eis</strong></span> <span class='ocrx_word' id='word_1_211' title='bbox 524 4038 647 4100; x_wconf 86' lang='lat' dir='ltr'><strong>factum</strong></span> <span class='ocrx_word' id='word_1_212' title='bbox 660 4043 712 4103; x_wconf 91' lang='lat' dir='ltr'><strong>est</strong></span> <span class='ocrx_word' id='word_1_213' title='bbox 729 4041 805 4116; x_wconf 93' lang='lat' dir='ltr'><strong>post</strong></span> <span class='ocrx_word' id='word_1_214' title='bbox 822 4055 877 4118; x_wconf 90' lang='lat' dir='ltr'><strong>ap·</strong></span> 
     </span>
     <span class='ocr_line' id='line_1_39' title="bbox 78 4135 877 4212; baseline 0.005 -16"><span class='ocrx_word' id='word_1_215' title='bbox 78 4135 296 4210; x_wconf 89' lang='lat' dir='ltr'><strong>pellationem</strong></span> <span class='ocrx_word' id='word_1_216' title='bbox 319 4136 403 4212; x_wconf 88' lang='lat' dir='ltr'><strong>ipsis</strong></span> <span class='ocrx_word' id='word_1_217' title='bbox 430 4151 588 4198; x_wconf 86' lang='lat' dir='ltr'><strong>revocare</strong></span> <span class='ocrx_word' id='word_1_218' title='bbox 611 4137 646 4198; x_wconf 92' lang='lat' dir='ltr'><strong>in</strong></span> <span class='ocrx_word' id='word_1_219' title='bbox 673 4137 816 4210; x_wconf 91' lang='lat' dir='ltr'><strong>irritum,</strong></span> <span class='ocrx_word' id='word_1_220' title='bbox 844 4138 877 4201; x_wconf 90' lang='lat' dir='ltr'><strong>et</strong></span> 
     </span>
     <span class='ocr_line' id='line_1_40' title="bbox 77 4232 875 4308; baseline 0.005 -16"><span class='ocrx_word' id='word_1_221' title='bbox 77 4248 220 4294; x_wconf 87' lang='lat' dir='ltr'><strong>causam</strong></span> <span class='ocrx_word' id='word_1_222' title='bbox 241 4233 317 4294; x_wconf 89' lang='lat' dir='ltr'><strong>aliis</strong></span> <span class='ocrx_word' id='word_1_223' title='bbox 331 4232 537 4295; x_wconf 89' lang='lat' dir='ltr'><strong>committere</strong></span> <span class='ocrx_word' id='word_1_224' title='bbox 552 4233 776 4308; x_wconf 83' lang='lat' dir='ltr'><strong>dignaremur.</strong></span> <span class='ocrx_word' id='word_1_225' title='bbox 792 4236 875 4307; x_wconf 86' lang='lat' dir='ltr'><strong>Quia</strong></span> 
     </span>
     <span class='ocr_line' id='line_1_41' title="bbox 76 4331 876 4410; baseline 0.006 -20"><span class='ocrx_word' id='word_1_226' title='bbox 76 4347 159 4392; x_wconf 83' lang='lat' dir='ltr'><strong>vero</strong></span> <span class='ocrx_word' id='word_1_227' title='bbox 176 4346 243 4391; x_wconf 91' lang='lat' dir='ltr'><strong>non</strong></span> <span class='ocrx_word' id='word_1_228' title='bbox 259 4331 295 4391; x_wconf 92' lang='lat' dir='ltr'><strong>in</strong></span> <span class='ocrx_word' id='word_1_229' title='bbox 311 4331 443 4392; x_wconf 90' lang='lat' dir='ltr'><strong>modum</strong></span> <span class='ocrx_word' id='word_1_230' title='bbox 457 4331 696 4410; x_wconf 87' lang='lat' dir='ltr'><strong>inquisitionis,</strong></span> <span class='ocrx_word' id='word_1_231' title='bbox 711 4333 769 4394; x_wconf 90' lang='lat' dir='ltr'><strong>sed</strong></span> <span class='ocrx_word' id='word_1_232' title='bbox 784 4349 876 4395; x_wconf 91' lang='lat' dir='ltr'><strong>com-</strong></span> 
     </span>
     <span class='ocr_line' id='line_1_42' title="bbox 75 4428 874 4506; baseline 0.004 -18"><span class='ocrx_word' id='word_1_233' title='bbox 75 4428 250 4490; x_wconf 88' lang='lat' dir='ltr'><strong>missionis</strong></span> <span class='ocrx_word' id='word_1_234' title='bbox 269 4429 437 4505; x_wconf 88' lang='lat' dir='ltr'><strong>negotium</strong></span> <span class='ocrx_word' id='word_1_235' title='bbox 457 4429 566 4491; x_wconf 85' lang='lat' dir='ltr'><strong>extitit</strong></span> <span class='ocrx_word' id='word_1_236' title='bbox 587 4429 786 4506; x_wconf 86' lang='lat' dir='ltr'><strong>delegatum,</strong></span> <span class='ocrx_word' id='word_1_237' title='bbox 800 4431 874 4491; x_wconf 90' lang='lat' dir='ltr'><strong>dis-</strong></span> 
     </span>
     <span class='ocr_line' id='line_1_43' title="bbox 76 4526 875 4604; baseline 0.005 -17"><span class='ocrx_word' id='word_1_238' title='bbox 76 4526 222 4589; x_wconf 89' lang='lat' dir='ltr'><strong>cretioni</strong></span> <span class='ocrx_word' id='word_1_239' title='bbox 234 4527 353 4588; x_wconf 80' lang='lat' dir='ltr'><strong>uesirae</strong></span> <span class='ocrx_word' id='word_1_240' title='bbox 368 4543 428 4604; x_wconf 90' lang='lat' dir='ltr'><strong>per</strong></span> <span class='ocrx_word' id='word_1_241' title='bbox 441 4527 630 4604; x_wconf 87' lang='lat' dir='ltr'><strong>Apostolica</strong></span> <span class='ocrx_word' id='word_1_242' title='bbox 645 4528 769 4604; x_wconf 86' lang='lat' dir='ltr'><strong>scripta</strong></span> <span class='ocrx_word' id='word_1_243' title='bbox 779 4545 875 4591; x_wconf 89' lang='lat' dir='ltr'><strong>man-</strong></span> 
     </span>
     <span class='ocr_line' id='line_1_44' title="bbox 75 4625 873 4702; baseline 0.005 -18"><span class='ocrx_word' id='word_1_244' title='bbox 75 4625 208 4697; x_wconf 87' lang='lat' dir='ltr'><strong>damus,</strong></span> <span class='ocrx_word' id='word_1_245' title='bbox 234 4629 397 4702; x_wconf 87' lang='lat' dir='ltr'><strong>quatenus</strong></span> <span class='ocrx_word' id='word_1_246' title='bbox 419 4625 655 4688; x_wconf 86' lang='lat' dir='ltr'><strong>convenientes</strong></span> <span class='ocrx_word' id='word_1_247' title='bbox 685 4626 727 4687; x_wconf 90' lang='lat' dir='ltr'><strong>ad</strong></span> <span class='ocrx_word' id='word_1_248' title='bbox 764 4625 873 4688; x_wconf 90' lang='lat' dir='ltr'><strong>locum</strong></span> 
     </span>
     <span class='ocr_line' id='line_1_45' title="bbox 73 4723 874 4800; baseline 0.002 -16"><span class='ocrx_word' id='word_1_249' title='bbox 73 4725 247 4795; x_wconf 89' lang='lat' dir='ltr'><strong>idoneum,</strong></span> <span class='ocrx_word' id='word_1_250' title='bbox 273 4725 306 4784; x_wconf 90' lang='lat' dir='ltr'><strong>ei</strong></span> <span class='ocrx_word' id='word_1_251' title='bbox 326 4723 475 4800; x_wconf 88' lang='lat' dir='ltr'><strong>partibus</strong></span> <span class='ocrx_word' id='word_1_252' title='bbox 498 4723 747 4799; x_wconf 88' lang='lat' dir='ltr'><strong>competentem,</strong></span> <span class='ocrx_word' id='word_1_253' title='bbox 776 4725 805 4784; x_wconf 91' lang='lat' dir='ltr'><strong>si</strong></span> <span class='ocrx_word' id='word_1_254' title='bbox 831 4739 874 4786; x_wconf 89' lang='lat' dir='ltr'><strong>ox</strong></span> 
     </span>
     <span class='ocr_line' id='line_1_46' title="bbox 74 4820 873 4899; baseline 0.001 -17"><span class='ocrx_word' id='word_1_255' title='bbox 74 4822 175 4884; x_wconf 86' lang='lat' dir='ltr'><strong>dictis</strong></span> <span class='ocrx_word' id='word_1_256' title='bbox 189 4820 439 4896; x_wconf 81' lang='lat' dir='ltr'><strong>gravaminibus</strong></span> <span class='ocrx_word' id='word_1_257' title='bbox 455 4820 508 4882; x_wconf 83' lang='lat' dir='ltr'><strong>vol</strong></span> <span class='ocrx_word' id='word_1_258' title='bbox 521 4821 633 4897; x_wconf 91' lang='lat' dir='ltr'><strong>aliquo</strong></span> <span class='ocrx_word' id='word_1_259' title='bbox 650 4821 797 4898; x_wconf 89' lang='lat' dir='ltr'><strong>ipsorum</strong></span> <span class='ocrx_word' id='word_1_260' title='bbox 810 4838 873 4899; x_wconf 88' lang='lat' dir='ltr'><strong>ap-</strong></span> 
     </span>
     <span class='ocr_line' id='line_1_47' title="bbox 72 4918 871 4996; baseline 0.003 -16"><span class='ocrx_word' id='word_1_261' title='bbox 72 4919 236 4996; x_wconf 88' lang='lat' dir='ltr'><strong>pellatum</strong></span> <span class='ocrx_word' id='word_1_262' title='bbox 267 4918 462 4989; x_wconf 90' lang='lat' dir='ltr'><strong>constiterit,</strong></span> <span class='ocrx_word' id='word_1_263' title='bbox 491 4921 646 4980; x_wconf 85' lang='lat' dir='ltr'><strong>revocato</strong></span> <span class='ocrx_word' id='word_1_264' title='bbox 671 4919 705 4980; x_wconf 91' lang='lat' dir='ltr'><strong>in</strong></span> <span class='ocrx_word' id='word_1_265' title='bbox 740 4918 871 4982; x_wconf 89' lang='lat' dir='ltr'><strong>irritum</strong></span> 
     </span>
     <span class='ocr_line' id='line_1_48' title="bbox 73 5015 871 5093; baseline 0.001 -16"><span class='ocrx_word' id='word_1_266' title='bbox 73 5016 236 5092; x_wconf 89' lang='lat' dir='ltr'><strong>quidquid</strong></span> <span class='ocrx_word' id='word_1_267' title='bbox 250 5019 323 5093; x_wconf 91' lang='lat' dir='ltr'><strong>post</strong></span> <span class='ocrx_word' id='word_1_268' title='bbox 336 5015 592 5092; x_wconf 86' lang='lat' dir='ltr'><strong>appellationem</strong></span> <span class='ocrx_word' id='word_1_269' title='bbox 608 5016 798 5092; x_wconf 90' lang='lat' dir='ltr'><strong>hujusmodi</strong></span> <span class='ocrx_word' id='word_1_270' title='bbox 814 5018 871 5078; x_wconf 91' lang='lat' dir='ltr'><strong>in-</strong></span> 
     </span>
     <span class='ocr_line' id='line_1_49' title="bbox 71 5113 871 5192; baseline 0.001 -16"><span class='ocrx_word' id='word_1_271' title='bbox 71 5113 237 5176; x_wconf 71' lang='lat' dir='ltr'><strong>veneritis</strong></span> <span class='ocrx_word' id='word_1_272' title='bbox 261 5114 469 5184; x_wconf 88' lang='lat' dir='ltr'><strong>attentatum,</strong></span> <span class='ocrx_word' id='word_1_273' title='bbox 496 5113 531 5173; x_wconf 92' lang='lat' dir='ltr'><strong>in</strong></span> <span class='ocrx_word' id='word_1_274' title='bbox 554 5129 655 5174; x_wconf 88' lang='lat' dir='ltr'><strong>causa</strong></span> <span class='ocrx_word' id='word_1_275' title='bbox 676 5115 750 5190; x_wconf 88' lang='lat' dir='ltr'><strong>ipsa</strong></span> <span class='ocrx_word' id='word_1_276' title='bbox 772 5115 871 5192; x_wconf 85' lang='lat' dir='ltr'><strong>juxta</strong></span> 
     </span>
     <span class='ocr_line' id='line_1_50' title="bbox 72 5210 872 5289; baseline 0.004 -17"><span class='ocrx_word' id='word_1_277' title='bbox 72 5211 225 5289; x_wconf 89' lang='lat' dir='ltr'><strong>priorum</strong></span> <span class='ocrx_word' id='word_1_278' title='bbox 246 5211 484 5274; x_wconf 87' lang='lat' dir='ltr'><strong>continentiam</strong></span> <span class='ocrx_word' id='word_1_279' title='bbox 504 5210 701 5284; x_wconf 90' lang='lat' dir='ltr'><strong>litterarum,</strong></span> <span class='ocrx_word' id='word_1_280' title='bbox 722 5213 872 5289; x_wconf 88' lang='lat' dir='ltr'><strong>appella-</strong></span> 
     </span>
     <span class='ocr_line' id='line_1_51' title="bbox 71 5308 870 5384; baseline 0.004 -14"><span class='ocrx_word' id='word_1_281' title='bbox 71 5310 167 5370; x_wconf 91' lang='lat' dir='ltr'><strong>tione</strong></span> <span class='ocrx_word' id='word_1_282' title='bbox 195 5312 333 5380; x_wconf 90' lang='lat' dir='ltr'><strong>remota,</strong></span> <span class='ocrx_word' id='word_1_283' title='bbox 363 5308 493 5370; x_wconf 91' lang='lat' dir='ltr'><strong>ratione</strong></span> <span class='ocrx_word' id='word_1_284' title='bbox 519 5309 643 5384; x_wconf 82' lang='lat' dir='ltr'><strong>praevia</strong></span> <span class='ocrx_word' id='word_1_285' title='bbox 670 5309 743 5371; x_wconf 88' lang='lat' dir='ltr'><strong>sine</strong></span> <span class='ocrx_word' id='word_1_286' title='bbox 768 5326 870 5373; x_wconf 89' lang='lat' dir='ltr'><strong>morae</strong></span> 
     </span>
     <span class='ocr_line' id='line_1_52' title="bbox 14 5395 869 5484; baseline 0.004 -17"><span class='ocrx_word' id='word_1_287' title='bbox 14 5395 15 5400; x_wconf 62' lang='grc'>’</span> <span class='ocrx_word' id='word_1_288' title='bbox 71 5407 248 5483; x_wconf 91' lang='lat' dir='ltr'><strong>dispendio</strong></span> <span class='ocrx_word' id='word_1_289' title='bbox 273 5407 472 5484; x_wconf 89' lang='lat' dir='ltr'><strong>procedatis.</strong></span> <span class='ocrx_word' id='word_1_290' title='bbox 501 5407 656 5483; x_wconf 88' lang='lat' dir='ltr'><strong>Alioquin</strong></span> <span class='ocrx_word' id='word_1_291' title='bbox 690 5410 802 5484; x_wconf 86' lang='lat' dir='ltr'><strong>paries</strong></span> <span class='ocrx_word' id='word_1_292' title='bbox 828 5409 869 5470; x_wconf 89' lang='lat' dir='ltr'><strong>ad</strong></span> 
     </span>
     <span class='ocr_line' id='line_1_53' title="bbox 69 5504 871 5584; baseline 0.001 -19"><span class='ocrx_word' id='word_1_293' title='bbox 69 5506 222 5582; x_wconf 90' lang='lat' dir='ltr'><strong>priorum</strong></span> <span class='ocrx_word' id='word_1_294' title='bbox 230 5505 380 5582; x_wconf 89' lang='lat' dir='ltr'><strong>judicum</strong></span> <span class='ocrx_word' id='word_1_295' title='bbox 396 5504 574 5566; x_wconf 89' lang='lat' dir='ltr'><strong>remittatis</strong></span> <span class='ocrx_word' id='word_1_296' title='bbox 585 5521 739 5578; x_wconf 86' lang='lat' dir='ltr'><strong>examen,</strong></span> <span class='ocrx_word' id='word_1_297' title='bbox 754 5507 871 5584; x_wconf 91' lang='lat' dir='ltr'><strong>appel-</strong></span> 
     </span>
     <span class='ocr_line' id='line_1_54' title="bbox 70 5602 867 5679; baseline 0.004 -17"><span class='ocrx_word' id='word_1_298' title='bbox 70 5602 181 5664; x_wconf 90' lang='lat' dir='ltr'><strong>lantes</strong></span> <span class='ocrx_word' id='word_1_299' title='bbox 196 5602 231 5663; x_wconf 92' lang='lat' dir='ltr'><strong>in</strong></span> <span class='ocrx_word' id='word_1_300' title='bbox 248 5603 403 5679; x_wconf 87' lang='lat' dir='ltr'><strong>expensis</strong></span> <span class='ocrx_word' id='word_1_301' title='bbox 426 5603 584 5678; x_wconf 82' lang='lat' dir='ltr'><strong>legitimis</strong></span> <span class='ocrx_word' id='word_1_302' title='bbox 603 5602 867 5678; x_wconf 89' lang='lat' dir='ltr'><strong>condemnando,</strong></span> 
     </span>
     <span class='ocr_line' id='line_1_55' title="bbox 70 5699 869 5780; baseline 0.003 -18"><span class='ocrx_word' id='word_1_303' title='bbox 70 5715 138 5762; x_wconf 91' lang='lat' dir='ltr'><strong>non</strong></span> <span class='ocrx_word' id='word_1_304' title='bbox 155 5699 307 5764; x_wconf 87' lang='lat' dir='ltr'><strong>obstante</strong></span> <span class='ocrx_word' id='word_1_305' title='bbox 321 5700 557 5763; x_wconf 87' lang='lat' dir='ltr'><strong>constitutione</strong></span> <span class='ocrx_word' id='word_1_306' title='bbox 572 5701 712 5764; x_wconf 84' lang='lat' dir='ltr'><strong>concilii</strong></span> <span class='ocrx_word' id='word_1_307' title='bbox 725 5717 869 5780; x_wconf 88' lang='lat' dir='ltr'><strong>genera-</strong></span> 
     </span>
    </p>
   </div>
   <div class='ocr_carea' id='block_1_3' title="bbox 724 367 1134 430">
    <p class='ocr_par' dir='ltr' id='par_1_3' title="bbox 724 367 1134 430">
     <span class='ocr_line' id='line_1_56' title="bbox 724 367 1134 430; baseline 0.002 -2"><span class='ocrx_word' id='word_1_308' title='bbox 724 367 952 430; x_wconf 77' lang='lat' dir='ltr'>EPISTOLAE.</span> <span class='ocrx_word' id='word_1_309' title='bbox 976 369 1054 430; x_wconf 74' lang='grc' dir='ltr'><strong>ΜΒ.</strong></span> <span class='ocrx_word' id='word_1_310' title='bbox 1079 371 1134 430; x_wconf 82' lang='lat' dir='ltr'><strong>tx.</strong></span> 
     </span>
    </p>
   </div>
   <div class='ocr_carea' id='block_1_4' title="bbox 1680 373 1742 436">
    <p class='ocr_par' dir='ltr' id='par_1_4' title="bbox 1680 373 1742 436">
     <span class='ocr_line' id='line_1_57' title="bbox 1680 373 1742 436; baseline 0 0"><span class='ocrx_word' id='word_1_311' title='bbox 1680 373 1742 436; x_wconf 80' lang='lat'><strong>882</strong></span> 
     </span>
    </p>
   </div>
   <div class='ocr_carea' id='block_1_5' title="bbox 948 525 1742 802">
    <p class='ocr_par' dir='ltr' id='par_1_5' title="bbox 948 525 1742 802">
     <span class='ocr_line' id='line_1_58' title="bbox 948 525 1742 607; baseline 0.009 -20"><span class='ocrx_word' id='word_1_312' title='bbox 948 525 1001 602; x_wconf 91' lang='lat' dir='ltr'><strong>lis,</strong></span> <span class='ocrx_word' id='word_1_313' title='bbox 1018 543 1083 605; x_wconf 86' lang='lat' dir='ltr'><strong>qua</strong></span> <span class='ocrx_word' id='word_1_314' title='bbox 1109 529 1246 592; x_wconf 80' lang='lat' dir='ltr'><strong>caretur</strong></span> <span class='ocrx_word' id='word_1_315' title='bbox 1268 545 1312 592; x_wconf 90' lang='lat' dir='ltr'><strong>ne</strong></span> <span class='ocrx_word' id='word_1_316' title='bbox 1338 530 1412 607; x_wconf 88' lang='lat' dir='ltr'><strong>quis</strong></span> <span class='ocrx_word' id='word_1_317' title='bbox 1436 527 1524 592; x_wconf 89' lang='lat' dir='ltr'><strong>ultra</strong></span> <span class='ocrx_word' id='word_1_318' title='bbox 1549 527 1633 592; x_wconf 88' lang='lat' dir='ltr'><strong>duas</strong></span> <span class='ocrx_word' id='word_1_319' title='bbox 1658 529 1742 594; x_wconf 87' lang='lat' dir='ltr'><strong>diae·</strong></span> 
     </span>
     <span class='ocr_line' id='line_1_59' title="bbox 948 627 1739 700; baseline 0.005 -14"><span class='ocrx_word' id='word_1_320' title='bbox 948 627 1010 696; x_wconf 87' lang='lat' dir='ltr'><strong>tas,</strong></span> <span class='ocrx_word' id='word_1_321' title='bbox 1038 627 1100 688; x_wconf 89' lang='lat' dir='ltr'><strong>etc.</strong></span> <span class='ocrx_word' id='word_1_322' title='bbox 1130 627 1222 698; x_wconf 87' lang='lat' dir='ltr'><strong>Quod</strong></span> <span class='ocrx_word' id='word_1_323' title='bbox 1244 627 1273 688; x_wconf 90' lang='lat' dir='ltr'><strong>si</strong></span> <span class='ocrx_word' id='word_1_324' title='bbox 1299 643 1365 690; x_wconf 91' lang='lat' dir='ltr'><strong>non</strong></span> <span class='ocrx_word' id='word_1_325' title='bbox 1390 641 1516 700; x_wconf 75' lang='lat' dir='ltr'><strong>omnen,</strong></span> <span class='ocrx_word' id='word_1_326' title='bbox 1537 629 1599 690; x_wconf 90' lang='lat' dir='ltr'><strong>etc.</strong></span> <span class='ocrx_word' id='word_1_327' title='bbox 1620 628 1739 691; x_wconf 88' lang='lat' dir='ltr'><strong>Datum</strong></span> 
     </span>
     <span class='ocr_line' id='line_1_60' title="bbox 949 723 1558 802; baseline 0.003 -18"><span class='ocrx_word' id='word_1_328' title='bbox 949 724 1063 794; x_wconf 84' lang='lat' dir='ltr'><strong>Reate,</strong></span> <span class='ocrx_word' id='word_1_329' title='bbox 1079 723 1241 786; x_wconf 88' lang='lat' dir='ltr'><strong>kalendas</strong></span> <span class='ocrx_word' id='word_1_330' title='bbox 1252 724 1340 802; x_wconf 87' lang='lat' dir='ltr'><strong>julii,</strong></span> <span class='ocrx_word' id='word_1_331' title='bbox 1357 740 1445 786; x_wconf 90' lang='lat' dir='ltr'><strong>anno</strong></span> <span class='ocrx_word' id='word_1_332' title='bbox 1459 740 1558 788; x_wconf 91' lang='lat' dir='ltr'><strong>nono.</strong></span> 
     </span>
    </p>
   </div>
   <div class='ocr_carea' id='block_1_6' title="bbox 1242 1011 1444 1100">
    <p class='ocr_par' dir='ltr' id='par_1_6' title="bbox 1242 1011 1444 1100">
     <span class='ocr_line' id='line_1_61' title="bbox 1242 1011 1444 1100; baseline 0.015 -3"><span class='ocrx_word' id='word_1_333' title='bbox 1242 1011 1444 1100; x_wconf 82' lang='lat' dir='ltr'>CLXXXV</span> 
     </span>
    </p>
   </div>
   <div class='ocr_carea' id='block_1_7' title="bbox 1071 1163 1610 1242">
    <p class='ocr_par' dir='ltr' id='par_1_7' title="bbox 1071 1163 1610 1242">
     <span class='ocr_line' id='line_1_62' title="bbox 1071 1163 1610 1242; baseline 0.013 -22"><span class='ocrx_word' id='word_1_334' title='bbox 1071 1163 1123 1221; x_wconf 84' lang='lat' dir='ltr'><strong>Ad</strong></span> <span class='ocrx_word' id='word_1_335' title='bbox 1136 1163 1324 1236; x_wconf 82' lang='lat' dir='ltr'><strong>capitulam</strong></span> <span class='ocrx_word' id='word_1_336' title='bbox 1337 1167 1610 1242; x_wconf 65' lang='lat' dir='ltr'><strong>bambergense.</strong></span> 
     </span>
    </p>
   </div>
   <div class='ocr_carea' id='block_1_8' title="bbox 945 1303 1733 1494">
    <p class='ocr_par' dir='ltr' id='par_1_8' title="bbox 945 1303 1733 1494">
     <span class='ocr_line' id='line_1_63' title="bbox 1247 1303 1442 1377; baseline 0.005 -16"><span class='ocrx_word' id='word_1_337' title='bbox 1247 1305 1279 1361; x_wconf 85' lang='lat' dir='ltr'><strong>lt</strong></span> <span class='ocrx_word' id='word_1_338' title='bbox 1288 1303 1350 1377; x_wconf 85' lang='lat' dir='ltr'><strong>julii</strong></span> <span class='ocrx_word' id='word_1_339' title='bbox 1364 1305 1442 1363; x_wconf 75' lang='lat' dir='ltr'><strong>tiss.</strong></span> 
     </span>
     <span class='ocr_line' id='line_1_64' title="bbox 945 1420 1733 1494; baseline 0.01 -22"><span class='ocrx_word' id='word_1_340' title='bbox 945 1420 1127 1489; x_wconf 70' lang='lat' dir='ltr'><strong>[bappenherg</strong></span> <span class='ocrx_word' id='word_1_341' title='bbox 1142 1425 1352 1491; x_wconf 81' lang='lat' dir='ltr'><strong>Hamburgisrhes</strong></span> <span class='ocrx_word' id='word_1_342' title='bbox 1371 1427 1585 1486; x_wconf 89' lang='lat' dir='ltr'><strong>Urkuudenbucb,</strong></span> <span class='ocrx_word' id='word_1_343' title='bbox 1596 1429 1617 1488; x_wconf 92' lang='lat' dir='ltr'><strong>l,</strong></span> <span class='ocrx_word' id='word_1_344' title='bbox 1629 1443 1655 1494; x_wconf 95' lang='lat' dir='ltr'><strong>p.</strong></span> <span class='ocrx_word' id='word_1_345' title='bbox 1665 1429 1733 1494; x_wconf 72' lang='lat' dir='ltr'><strong>tin]</strong></span> 
     </span>
    </p>
   </div>
   <div class='ocr_carea' id='block_1_9' title="bbox 943 1549 1733 1788">
    <p class='ocr_par' dir='ltr' id='par_1_9' title="bbox 943 1549 1733 1788">
     <span class='ocr_line' id='line_1_65' title="bbox 943 1549 1733 1625; baseline 0.005 -18"><span class='ocrx_word' id='word_1_346' title='bbox 943 1550 976 1608; x_wconf 88' lang='lat' dir='ltr'><strong>Ei</strong></span> <span class='ocrx_word' id='word_1_347' title='bbox 991 1549 1131 1621; x_wconf 89' lang='lat' dir='ltr'><strong>concedit,</strong></span> <span class='ocrx_word' id='word_1_348' title='bbox 1146 1559 1177 1608; x_wconf 94' lang='lat' dir='ltr'><strong>ut</strong></span> <span class='ocrx_word' id='word_1_349' title='bbox 1197 1567 1283 1624; x_wconf 93' lang='lat' dir='ltr'><strong>quum</strong></span> <span class='ocrx_word' id='word_1_350' title='bbox 1299 1553 1435 1625; x_wconf 83' lang='lat' dir='ltr'><strong>generale</strong></span> <span class='ocrx_word' id='word_1_351' title='bbox 1450 1552 1630 1611; x_wconf 88' lang='lat' dir='ltr'><strong>interdictum</strong></span> <span class='ocrx_word' id='word_1_352' title='bbox 1650 1560 1733 1611; x_wconf 76' lang='lat' dir='ltr'><strong>terrae</strong></span> 
     </span>
     <span class='ocr_line' id='line_1_66' title="bbox 978 1637 1732 1713; baseline 0.004 -17"><span class='ocrx_word' id='word_1_353' title='bbox 978 1637 1071 1709; x_wconf 88' lang='lat' dir='ltr'><strong>luerit,</strong></span> <span class='ocrx_word' id='word_1_354' title='bbox 1087 1641 1114 1696; x_wconf 92' lang='lat' dir='ltr'><strong>ei</strong></span> <span class='ocrx_word' id='word_1_355' title='bbox 1128 1640 1223 1710; x_wconf 88' lang='lat' dir='ltr'><strong>liceat,</strong></span> <span class='ocrx_word' id='word_1_356' title='bbox 1238 1640 1458 1713; x_wconf 83' lang='lat' dir='ltr'><strong>clausisjauuis,</strong></span> <span class='ocrx_word' id='word_1_357' title='bbox 1473 1649 1539 1712; x_wconf 77' lang='lat' dir='ltr'><strong>etc,</strong></span> <span class='ocrx_word' id='word_1_358' title='bbox 1556 1641 1651 1699; x_wconf 87' lang='lat' dir='ltr'><strong>divina</strong></span> <span class='ocrx_word' id='word_1_359' title='bbox 1671 1641 1732 1699; x_wconf 90' lang='lat' dir='ltr'><strong>olli·</strong></span> 
     </span>
     <span class='ocr_line' id='line_1_67' title="bbox 977 1728 1194 1788; baseline 0.009 -2"><span class='ocrx_word' id='word_1_360' title='bbox 977 1728 1020 1786; x_wconf 90' lang='lat' dir='ltr'><strong>cis</strong></span> <span class='ocrx_word' id='word_1_361' title='bbox 1040 1728 1194 1788; x_wconf 87' lang='lat' dir='ltr'><strong>celebrere.</strong></span> 
     </span>
    </p>
   </div>
   <div class='ocr_carea' id='block_1_10' title="bbox 930 1855 1732 4168">
    <p class='ocr_par' dir='ltr' id='par_1_10' title="bbox 939 1855 1732 2308">
     <span class='ocr_line' id='line_1_68' title="bbox 981 1855 1730 1934; baseline 0.003 -19"><span class='ocrx_word' id='word_1_362' title='bbox 981 1855 1730 1934; x_wconf 85' lang='lat' dir='ltr'><strong>Honoriusepiscopus‚servusservornmbei,</strong></span> 
     </span>
     <span class='ocr_line' id='line_1_69' title="bbox 941 1951 1730 2032; baseline 0.005 -21"><span class='ocrx_word' id='word_1_363' title='bbox 941 1951 1071 2013; x_wconf 89' lang='lat' dir='ltr'><strong>dilectis</strong></span> <span class='ocrx_word' id='word_1_364' title='bbox 1086 1952 1122 2014; x_wconf 93' lang='lat' dir='ltr'><strong>in</strong></span> <span class='ocrx_word' id='word_1_365' title='bbox 1137 1953 1266 2016; x_wconf 87' lang='lat' dir='ltr'><strong>Christo</strong></span> <span class='ocrx_word' id='word_1_366' title='bbox 1280 1955 1370 2027; x_wconf 85' lang='lat' dir='ltr'><strong>filiis,</strong></span> <span class='ocrx_word' id='word_1_367' title='bbox 1387 1955 1576 2032; x_wconf 88' lang='lat' dir='ltr'><strong>praeposito,</strong></span> <span class='ocrx_word' id='word_1_368' title='bbox 1593 1955 1730 2028; x_wconf 90' lang='lat' dir='ltr'><strong>decano,</strong></span> 
     </span>
     <span class='ocr_line' id='line_1_70' title="bbox 941 2046 1732 2128; baseline 0 -17"><span class='ocrx_word' id='word_1_369' title='bbox 941 2049 1066 2127; x_wconf 90' lang='lat' dir='ltr'><strong>totique</strong></span> <span class='ocrx_word' id='word_1_370' title='bbox 1093 2051 1237 2128; x_wconf 89' lang='lat' dir='ltr'><strong>capitulo</strong></span> <span class='ocrx_word' id='word_1_371' title='bbox 1265 2046 1520 2128; x_wconf 88' lang='lat' dir='ltr'><strong>Hamburgensi,</strong></span> <span class='ocrx_word' id='word_1_372' title='bbox 1543 2053 1732 2113; x_wconf 90' lang='lat' dir='ltr'><strong>Bremeusis</strong></span> 
     </span>
     <span class='ocr_line' id='line_1_71' title="bbox 940 2147 1731 2227; baseline 0.003 -19"><span class='ocrx_word' id='word_1_373' title='bbox 940 2147 1105 2222; x_wconf 87' lang='lat' dir='ltr'><strong>dioecesis,</strong></span> <span class='ocrx_word' id='word_1_374' title='bbox 1123 2149 1262 2211; x_wconf 90' lang='lat' dir='ltr'><strong>salutem</strong></span> <span class='ocrx_word' id='word_1_375' title='bbox 1280 2152 1313 2212; x_wconf 92' lang='lat' dir='ltr'><strong>et</strong></span> <span class='ocrx_word' id='word_1_376' title='bbox 1331 2150 1552 2227; x_wconf 77' lang='lat' dir='ltr'><strong>apostoticam</strong></span> <span class='ocrx_word' id='word_1_377' title='bbox 1571 2149 1731 2212; x_wconf 89' lang='lat' dir='ltr'><strong>benedic-</strong></span> 
     </span>
     <span class='ocr_line' id='line_1_72' title="bbox 939 2245 1074 2308; baseline 0.007 -3"><span class='ocrx_word' id='word_1_378' title='bbox 939 2245 1074 2308; x_wconf 91' lang='lat' dir='ltr'><strong>tionem.</strong></span> 
     </span>
    </p>

    <p class='ocr_par' dir='ltr' id='par_1_11' title="bbox 930 2343 1731 4168">
     <span class='ocr_line' id='line_1_73' title="bbox 980 2343 1731 2422; baseline -0.001 -17"><span class='ocrx_word' id='word_1_379' title='bbox 980 2345 1070 2406; x_wconf 86' lang='lat' dir='ltr'><strong>Solet</strong></span> <span class='ocrx_word' id='word_1_380' title='bbox 1092 2345 1193 2406; x_wconf 85' lang='lat' dir='ltr'><strong>Sedes</strong></span> <span class='ocrx_word' id='word_1_381' title='bbox 1218 2347 1368 2407; x_wconf 86' lang='lat' dir='ltr'><strong>Romana</strong></span> <span class='ocrx_word' id='word_1_382' title='bbox 1391 2345 1456 2422; x_wconf 88' lang='lat' dir='ltr'><strong>piis</strong></span> <span class='ocrx_word' id='word_1_383' title='bbox 1482 2360 1631 2406; x_wconf 89' lang='lat' dir='ltr'><strong>annuere</strong></span> <span class='ocrx_word' id='word_1_384' title='bbox 1644 2343 1731 2406; x_wconf 86' lang='lat' dir='ltr'><strong>votis</strong></span> 
     </span>
     <span class='ocr_line' id='line_1_74' title="bbox 938 2439 1729 2520; baseline 0.001 -19"><span class='ocrx_word' id='word_1_385' title='bbox 938 2442 971 2502; x_wconf 91' lang='lat' dir='ltr'><strong>et</strong></span> <span class='ocrx_word' id='word_1_386' title='bbox 982 2441 1131 2504; x_wconf 90' lang='lat' dir='ltr'><strong>honestis</strong></span> <span class='ocrx_word' id='word_1_387' title='bbox 1142 2443 1322 2520; x_wconf 87' lang='lat' dir='ltr'><strong>petentium</strong></span> <span class='ocrx_word' id='word_1_388' title='bbox 1337 2443 1490 2520; x_wconf 86' lang='lat' dir='ltr'><strong>precibus</strong></span> <span class='ocrx_word' id='word_1_389' title='bbox 1506 2441 1654 2504; x_wconf 81' lang='lat' dir='ltr'><strong>savorem</strong></span> <span class='ocrx_word' id='word_1_390' title='bbox 1665 2439 1729 2502; x_wconf 92' lang='lat' dir='ltr'><strong>be-</strong></span> 
     </span>
     <span class='ocr_line' id='line_1_75' title="bbox 938 2538 1728 2618; baseline 0 -20"><span class='ocrx_word' id='word_1_391' title='bbox 938 2539 1086 2601; x_wconf 87' lang='lat' dir='ltr'><strong>nivolum</strong></span> <span class='ocrx_word' id='word_1_392' title='bbox 1114 2541 1288 2618; x_wconf 87' lang='lat' dir='ltr'><strong>impertiri.</strong></span> <span class='ocrx_word' id='word_1_393' title='bbox 1317 2541 1513 2618; x_wconf 76' lang='lat' dir='ltr'><strong>eapropter,</strong></span> <span class='ocrx_word' id='word_1_394' title='bbox 1550 2539 1661 2601; x_wconf 89' lang='lat' dir='ltr'><strong>dilecti</strong></span> <span class='ocrx_word' id='word_1_395' title='bbox 1692 2538 1728 2598; x_wconf 91' lang='lat' dir='ltr'><strong>in</strong></span> 
     </span>
     <span class='ocr_line' id='line_1_76' title="bbox 938 2635 1726 2716; baseline 0 -19"><span class='ocrx_word' id='word_1_396' title='bbox 938 2637 1069 2699; x_wconf 86' lang='lat' dir='ltr'><strong>Christo</strong></span> <span class='ocrx_word' id='word_1_397' title='bbox 1093 2637 1165 2711; x_wconf 86' lang='lat' dir='ltr'><strong>filii,</strong></span> <span class='ocrx_word' id='word_1_398' title='bbox 1186 2639 1305 2700; x_wconf 82' lang='lat' dir='ltr'><strong>uestris</strong></span> <span class='ocrx_word' id='word_1_399' title='bbox 1322 2638 1424 2715; x_wconf 81' lang='lat' dir='ltr'><strong>Justis</strong></span> <span class='ocrx_word' id='word_1_400' title='bbox 1448 2635 1726 2716; x_wconf 89' lang='lat' dir='ltr'><strong>postulationibus</strong></span> 
     </span>
     <span class='ocr_line' id='line_1_77' title="bbox 936 2734 1730 2810; baseline -0.001 -14"><span class='ocrx_word' id='word_1_401' title='bbox 936 2734 1030 2810; x_wconf 85' lang='lat' dir='ltr'><strong>grato</strong></span> <span class='ocrx_word' id='word_1_402' title='bbox 1046 2737 1283 2798; x_wconf 88' lang='lat' dir='ltr'><strong>concurrentes</strong></span> <span class='ocrx_word' id='word_1_403' title='bbox 1295 2752 1445 2808; x_wconf 90' lang='lat' dir='ltr'><strong>assensu,</strong></span> <span class='ocrx_word' id='word_1_404' title='bbox 1458 2735 1654 2797; x_wconf 88' lang='lat' dir='ltr'><strong>auctoritate</strong></span> <span class='ocrx_word' id='word_1_405' title='bbox 1667 2749 1730 2796; x_wconf 83' lang='lat' dir='ltr'><strong>vo-</strong></span> 
     </span>
     <span class='ocr_line' id='line_1_78' title="bbox 935 2831 1727 2909; baseline 0 -17"><span class='ocrx_word' id='word_1_406' title='bbox 935 2831 987 2892; x_wconf 89' lang='lat' dir='ltr'><strong>bis</strong></span> <span class='ocrx_word' id='word_1_407' title='bbox 1003 2833 1216 2909; x_wconf 87' lang='lat' dir='ltr'><strong>praesentium</strong></span> <span class='ocrx_word' id='word_1_408' title='bbox 1231 2833 1451 2909; x_wconf 88' lang='lat' dir='ltr'><strong>indulgemus,</strong></span> <span class='ocrx_word' id='word_1_409' title='bbox 1473 2833 1509 2894; x_wconf 91' lang='lat' dir='ltr'><strong>ut</strong></span> <span class='ocrx_word' id='word_1_410' title='bbox 1528 2848 1602 2894; x_wconf 90' lang='lat' dir='ltr'><strong>cum</strong></span> <span class='ocrx_word' id='word_1_411' title='bbox 1618 2847 1727 2908; x_wconf 85' lang='lat' dir='ltr'><strong>gene-</strong></span> 
     </span>
     <span class='ocr_line' id='line_1_79' title="bbox 935 2928 1724 3002; baseline -0.001 -13"><span class='ocrx_word' id='word_1_412' title='bbox 935 2929 1006 2991; x_wconf 91' lang='lat' dir='ltr'><strong>rale</strong></span> <span class='ocrx_word' id='word_1_413' title='bbox 1024 2929 1236 2992; x_wconf 89' lang='lat' dir='ltr'><strong>interdictum</strong></span> <span class='ocrx_word' id='word_1_414' title='bbox 1259 2932 1358 2992; x_wconf 85' lang='lat' dir='ltr'><strong>terrae</strong></span> <span class='ocrx_word' id='word_1_415' title='bbox 1377 2929 1488 3002; x_wconf 87' lang='lat' dir='ltr'><strong>luerit,</strong></span> <span class='ocrx_word' id='word_1_416' title='bbox 1513 2929 1591 2991; x_wconf 90' lang='lat' dir='ltr'><strong>licei</strong></span> <span class='ocrx_word' id='word_1_417' title='bbox 1618 2928 1724 3002; x_wconf 82' lang='lat' dir='ltr'><strong>vobis,</strong></span> 
     </span>
     <span class='ocr_line' id='line_1_80' title="bbox 935 3025 1725 3106; baseline 0.001 -19"><span class='ocrx_word' id='word_1_418' title='bbox 935 3027 1058 3088; x_wconf 90' lang='lat' dir='ltr'><strong>clausis</strong></span> <span class='ocrx_word' id='word_1_419' title='bbox 1069 3029 1194 3106; x_wconf 87' lang='lat' dir='ltr'><strong>januis,</strong></span> <span class='ocrx_word' id='word_1_420' title='bbox 1210 3027 1505 3090; x_wconf 88' lang='lat' dir='ltr'><strong>excommunicatis</strong></span> <span class='ocrx_word' id='word_1_421' title='bbox 1520 3028 1554 3088; x_wconf 90' lang='lat' dir='ltr'><strong>et</strong></span> <span class='ocrx_word' id='word_1_422' title='bbox 1562 3025 1725 3089; x_wconf 90' lang='lat' dir='ltr'><strong>inierdic-</strong></span> 
     </span>
     <span class='ocr_line' id='line_1_81' title="bbox 934 3122 1723 3202; baseline -0.003 -17"><span class='ocrx_word' id='word_1_423' title='bbox 934 3124 977 3186; x_wconf 89' lang='lat' dir='ltr'><strong>tis</strong></span> <span class='ocrx_word' id='word_1_424' title='bbox 1005 3124 1161 3198; x_wconf 90' lang='lat' dir='ltr'><strong>exclusis,</strong></span> <span class='ocrx_word' id='word_1_425' title='bbox 1191 3141 1258 3186; x_wconf 93' lang='lat' dir='ltr'><strong>non</strong></span> <span class='ocrx_word' id='word_1_426' title='bbox 1283 3125 1423 3202; x_wconf 87' lang='lat' dir='ltr'><strong>pulsatis</strong></span> <span class='ocrx_word' id='word_1_427' title='bbox 1449 3123 1630 3201; x_wconf 88' lang='lat' dir='ltr'><strong>campanis,</strong></span> <span class='ocrx_word' id='word_1_428' title='bbox 1655 3122 1723 3185; x_wconf 90' lang='lat' dir='ltr'><strong>nisi</strong></span> 
     </span>
     <span class='ocr_line' id='line_1_82' title="bbox 934 3221 1727 3297; baseline 0 -15"><span class='ocrx_word' id='word_1_429' title='bbox 934 3221 1047 3284; x_wconf 86' lang='lat' dir='ltr'><strong>forsan</strong></span> <span class='ocrx_word' id='word_1_430' title='bbox 1075 3237 1209 3284; x_wconf 87' lang='lat' dir='ltr'><strong>causam</strong></span> <span class='ocrx_word' id='word_1_431' title='bbox 1238 3222 1395 3284; x_wconf 89' lang='lat' dir='ltr'><strong>dederitis</strong></span> <span class='ocrx_word' id='word_1_432' title='bbox 1431 3221 1619 3294; x_wconf 87' lang='lat' dir='ltr'><strong>interdicto,</strong></span> <span class='ocrx_word' id='word_1_433' title='bbox 1643 3237 1727 3297; x_wconf 91' lang='lat' dir='ltr'><strong>sup-</strong></span> 
     </span>
     <span class='ocr_line' id='line_1_83' title="bbox 934 3317 1724 3396; baseline 0.001 -17"><span class='ocrx_word' id='word_1_434' title='bbox 934 3335 1050 3396; x_wconf 89' lang='lat' dir='ltr'><strong>pressa</strong></span> <span class='ocrx_word' id='word_1_435' title='bbox 1067 3336 1149 3382; x_wconf 87' lang='lat' dir='ltr'><strong>voce</strong></span> <span class='ocrx_word' id='word_1_436' title='bbox 1170 3320 1283 3382; x_wconf 85' lang='lat' dir='ltr'><strong>diuina</strong></span> <span class='ocrx_word' id='word_1_437' title='bbox 1303 3319 1412 3382; x_wconf 85' lang='lat' dir='ltr'><strong>olilcia</strong></span> <span class='ocrx_word' id='word_1_438' title='bbox 1427 3317 1608 3380; x_wconf 88' lang='lat' dir='ltr'><strong>celebrare.</strong></span> <span class='ocrx_word' id='word_1_439' title='bbox 1631 3318 1724 3380; x_wconf 91' lang='lat' dir='ltr'><strong>Nulli</strong></span> 
     </span>
     <span class='ocr_line' id='line_1_84' title="bbox 934 3416 1727 3494; baseline 0 -16"><span class='ocrx_word' id='word_1_440' title='bbox 934 3434 1013 3494; x_wconf 89' lang='lat' dir='ltr'><strong>ergo</strong></span> <span class='ocrx_word' id='word_1_441' title='bbox 1027 3419 1162 3480; x_wconf 92' lang='lat' dir='ltr'><strong>omnino</strong></span> <span class='ocrx_word' id='word_1_442' title='bbox 1177 3418 1347 3480; x_wconf 90' lang='lat' dir='ltr'><strong>hominum</strong></span> <span class='ocrx_word' id='word_1_443' title='bbox 1360 3417 1459 3479; x_wconf 87' lang='lat' dir='ltr'><strong>liceat</strong></span> <span class='ocrx_word' id='word_1_444' title='bbox 1470 3416 1556 3478; x_wconf 91' lang='lat' dir='ltr'><strong>banc</strong></span> <span class='ocrx_word' id='word_1_445' title='bbox 1571 3417 1727 3493; x_wconf 87' lang='lat' dir='ltr'><strong>paginam</strong></span> 
     </span>
     <span class='ocr_line' id='line_1_85' title="bbox 933 3513 1727 3589; baseline -0.003 -14"><span class='ocrx_word' id='word_1_446' title='bbox 933 3517 1058 3576; x_wconf 89' lang='lat' dir='ltr'><strong>nostrae</strong></span> <span class='ocrx_word' id='word_1_447' title='bbox 1073 3515 1300 3577; x_wconf 88' lang='lat' dir='ltr'><strong>concessionis</strong></span> <span class='ocrx_word' id='word_1_448' title='bbox 1314 3514 1510 3589; x_wconf 83' lang='lat' dir='ltr'><strong>intringere,</strong></span> <span class='ocrx_word' id='word_1_449' title='bbox 1524 3514 1578 3574; x_wconf 87' lang='lat' dir='ltr'><strong>vel</strong></span> <span class='ocrx_word' id='word_1_450' title='bbox 1595 3513 1627 3574; x_wconf 92' lang='lat' dir='ltr'><strong>ei</strong></span> <span class='ocrx_word' id='word_1_451' title='bbox 1642 3528 1727 3574; x_wconf 89' lang='lat' dir='ltr'><strong>ausu</strong></span> 
     </span>
     <span class='ocr_line' id='line_1_86' title="bbox 933 3609 1725 3688; baseline -0.004 -15"><span class='ocrx_word' id='word_1_452' title='bbox 933 3613 1110 3674; x_wconf 87' lang='lat' dir='ltr'><strong>temerario</strong></span> <span class='ocrx_word' id='word_1_453' title='bbox 1131 3613 1308 3674; x_wconf 89' lang='lat' dir='ltr'><strong>contraire.</strong></span> <span class='ocrx_word' id='word_1_454' title='bbox 1327 3612 1362 3672; x_wconf 88' lang='lat' dir='ltr'><strong>Sl</strong></span> <span class='ocrx_word' id='word_1_455' title='bbox 1377 3611 1451 3688; x_wconf 87' lang='lat' dir='ltr'><strong>quis</strong></span> <span class='ocrx_word' id='word_1_456' title='bbox 1467 3611 1576 3671; x_wconf 91' lang='lat' dir='ltr'><strong>autem</strong></span> <span class='ocrx_word' id='word_1_457' title='bbox 1592 3609 1655 3671; x_wconf 90' lang='lat' dir='ltr'><strong>hoc</strong></span> <span class='ocrx_word' id='word_1_458' title='bbox 1670 3610 1725 3670; x_wconf 90' lang='lat' dir='ltr'><strong>ai·</strong></span> 
     </span>
     <span class='ocr_line' id='line_1_87' title="bbox 932 3705 1727 3787; baseline -0.005 -17"><span class='ocrx_word' id='word_1_459' title='bbox 932 3712 1061 3771; x_wconf 90' lang='lat' dir='ltr'><strong>tentare</strong></span> <span class='ocrx_word' id='word_1_460' title='bbox 1071 3709 1329 3787; x_wconf 86' lang='lat' dir='ltr'><strong>praesumpserit,</strong></span> <span class='ocrx_word' id='word_1_461' title='bbox 1345 3708 1607 3784; x_wconf 89' lang='lat' dir='ltr'><strong>indignationem</strong></span> <span class='ocrx_word' id='word_1_462' title='bbox 1618 3705 1727 3768; x_wconf 91' lang='lat' dir='ltr'><strong>omni-</strong></span> 
     </span>
     <span class='ocr_line' id='line_1_88' title="bbox 932 3803 1726 3884; baseline -0.005 -16"><span class='ocrx_word' id='word_1_463' title='bbox 932 3807 1075 3884; x_wconf 85' lang='lat' dir='ltr'><strong>potentis</strong></span> <span class='ocrx_word' id='word_1_464' title='bbox 1104 3808 1164 3869; x_wconf 88' lang='lat' dir='ltr'><strong>Dei</strong></span> <span class='ocrx_word' id='word_1_465' title='bbox 1193 3809 1227 3869; x_wconf 90' lang='lat' dir='ltr'><strong>et</strong></span> <span class='ocrx_word' id='word_1_466' title='bbox 1249 3807 1420 3868; x_wconf 92' lang='lat' dir='ltr'><strong>beatorum</strong></span> <span class='ocrx_word' id='word_1_467' title='bbox 1449 3804 1540 3866; x_wconf 89' lang='lat' dir='ltr'><strong>Petri</strong></span> <span class='ocrx_word' id='word_1_468' title='bbox 1561 3804 1595 3866; x_wconf 90' lang='lat' dir='ltr'><strong>et</strong></span> <span class='ocrx_word' id='word_1_469' title='bbox 1628 3803 1726 3865; x_wconf 88' lang='lat' dir='ltr'><strong>Pauli</strong></span> 
     </span>
     <span class='ocr_line' id='line_1_89' title="bbox 932 3903 1722 3981; baseline -0.004 -17"><span class='ocrx_word' id='word_1_470' title='bbox 932 3905 1156 3980; x_wconf 90' lang='lat' dir='ltr'><strong>apostolorum</strong></span> <span class='ocrx_word' id='word_1_471' title='bbox 1183 3906 1255 3981; x_wconf 89' lang='lat' dir='ltr'><strong>ejus</strong></span> <span class='ocrx_word' id='word_1_472' title='bbox 1284 3920 1320 3965; x_wconf 88' lang='lat' dir='ltr'><strong>se</strong></span> <span class='ocrx_word' id='word_1_473' title='bbox 1343 3903 1474 3966; x_wconf 84' lang='lat' dir='ltr'><strong>noverit</strong></span> <span class='ocrx_word' id='word_1_474' title='bbox 1500 3903 1722 3964; x_wconf 89' lang='lat' dir='ltr'><strong>incursurum.</strong></span> 
     </span>
     <span class='ocr_line' id='line_1_90' title="bbox 931 3999 1724 4079; baseline -0.004 -16"><span class='ocrx_word' id='word_1_475' title='bbox 931 4004 1048 4065; x_wconf 89' lang='lat' dir='ltr'><strong>Datum</strong></span> <span class='ocrx_word' id='word_1_476' title='bbox 1078 4002 1239 4074; x_wconf 87' lang='lat' dir='ltr'><strong>Reate,V</strong></span> <span class='ocrx_word' id='word_1_477' title='bbox 1263 4001 1338 4063; x_wconf 91' lang='lat' dir='ltr'><strong>idus</strong></span> <span class='ocrx_word' id='word_1_478' title='bbox 1354 4001 1443 4079; x_wconf 91' lang='lat' dir='ltr'><strong>julii,</strong></span> <span class='ocrx_word' id='word_1_479' title='bbox 1471 3999 1588 4078; x_wconf 86' lang='lat' dir='ltr'><strong>pontii.</strong></span> <span class='ocrx_word' id='word_1_480' title='bbox 1617 3999 1724 4062; x_wconf 89' lang='lat' dir='ltr'><strong>nostri</strong></span> 
     </span>
     <span class='ocr_line' id='line_1_91' title="bbox 930 4115 1134 4168; baseline 0.034 -7"><span class='ocrx_word' id='word_1_481' title='bbox 930 4115 1134 4168; x_wconf 55' lang='lat' dir='ltr'><strong>annonono,</strong></span> 
     </span>
    </p>
   </div>
   <div class='ocr_carea' id='block_1_11' title="bbox 1212 4361 1436 4449">
    <p class='ocr_par' dir='ltr' id='par_1_12' title="bbox 1212 4361 1436 4449">
     <span class='ocr_line' id='line_1_92' title="bbox 1212 4361 1436 4449; baseline -0.013 0"><span class='ocrx_word' id='word_1_482' title='bbox 1212 4361 1436 4449; x_wconf 84' lang='lat' dir='ltr'>CLXXXVI</span> 
     </span>
    </p>
   </div>
   <div class='ocr_carea' id='block_1_12' title="bbox 962 4512 1689 4671">
    <p class='ocr_par' dir='ltr' id='par_1_13' title="bbox 962 4512 1689 4671">
     <span class='ocr_line' id='line_1_93' title="bbox 962 4512 1689 4587; baseline -0.001 -15"><span class='ocrx_word' id='word_1_483' title='bbox 962 4515 1013 4572; x_wconf 81' lang='lat' dir='ltr'><strong>Aci</strong></span> <span class='ocrx_word' id='word_1_484' title='bbox 1027 4513 1159 4587; x_wconf 79' lang='lat' dir='ltr'><strong>fraires</strong></span> <span class='ocrx_word' id='word_1_485' title='bbox 1173 4515 1294 4576; x_wconf 82' lang='lat' dir='ltr'><strong>dmnns</strong></span> <span class='ocrx_word' id='word_1_486' title='bbox 1307 4512 1497 4586; x_wconf 77' lang='lat' dir='ltr'><strong>Hospitalis</strong></span> <span class='ocrx_word' id='word_1_487' title='bbox 1511 4513 1546 4572; x_wconf 80' lang='lat' dir='ltr'><strong>S.</strong></span> <span class='ocrx_word' id='word_1_488' title='bbox 1562 4512 1689 4572; x_wconf 77' lang='lat' dir='ltr'><strong>Marica</strong></span> 
     </span>
     <span class='ocr_line' id='line_1_94' title="bbox 1176 4610 1472 4671; baseline -0.01 -1"><span class='ocrx_word' id='word_1_489' title='bbox 1176 4610 1472 4671; x_wconf 79' lang='lat' dir='ltr'><strong>Tbcrtionicornm.</strong></span> 
     </span>
    </p>
   </div>
   <div class='ocr_carea' id='block_1_13' title="bbox 981 4749 1648 4938">
    <p class='ocr_par' dir='ltr' id='par_1_14' title="bbox 981 4749 1648 4938">
     <span class='ocr_line' id='line_1_95' title="bbox 1229 4749 1424 4823; baseline -0.015 -16"><span class='ocrx_word' id='word_1_490' title='bbox 1229 4749 1336 4823; x_wconf 79' lang='lat' dir='ltr'><strong>lijulii</strong></span> <span class='ocrx_word' id='word_1_491' title='bbox 1346 4749 1424 4807; x_wconf 75' lang='lat'>1225.</span> 
     </span>
     <span class='ocr_line' id='line_1_96' title="bbox 981 4871 1648 4938; baseline -0.006 -12"><span class='ocrx_word' id='word_1_492' title='bbox 981 4872 1117 4938; x_wconf 69' lang='lat' dir='ltr'><strong>[Strelbka</strong></span> <span class='ocrx_word' id='word_1_493' title='bbox 1131 4873 1193 4925; x_wconf 87' lang='lat' dir='ltr'><strong>Tab.</strong></span> <span class='ocrx_word' id='word_1_494' title='bbox 1206 4872 1261 4922; x_wconf 90' lang='lat' dir='ltr'><strong>ord.</strong></span> <span class='ocrx_word' id='word_1_495' title='bbox 1280 4873 1418 4931; x_wconf 76' lang='lat' dir='ltr'><strong>theoton,</strong></span> <span class='ocrx_word' id='word_1_496' title='bbox 1432 4887 1459 4938; x_wconf 92' lang='lat' dir='ltr'><strong>p.</strong></span> <span class='ocrx_word' id='word_1_497' title='bbox 1475 4872 1530 4932; x_wconf 86' lang='lat' dir='ltr'><strong>llil,</strong></span> <span class='ocrx_word' id='word_1_498' title='bbox 1544 4887 1569 4922; x_wconf 93' lang='lat' dir='ltr'><strong>n.</strong></span> <span class='ocrx_word' id='word_1_499' title='bbox 1582 4871 1648 4938; x_wconf 74' lang='lat' dir='ltr'><strong>tit]</strong></span> 
     </span>
    </p>
   </div>
   <div class='ocr_carea' id='block_1_14' title="bbox 955 4997 1689 5161">
    <p class='ocr_par' dir='ltr' id='par_1_15' title="bbox 955 4997 1689 5161">
     <span class='ocr_line' id='line_1_97' title="bbox 955 4997 1689 5071; baseline -0.007 -12"><span class='ocrx_word' id='word_1_500' title='bbox 955 4999 1110 5059; x_wconf 81' lang='lat' dir='ltr'><strong>Confirmat</strong></span> <span class='ocrx_word' id='word_1_501' title='bbox 1122 4997 1253 5057; x_wconf 86' lang='lat' dir='ltr'><strong>iratribus</strong></span> <span class='ocrx_word' id='word_1_502' title='bbox 1266 4997 1369 5056; x_wconf 89' lang='lat' dir='ltr'><strong>domus</strong></span> <span class='ocrx_word' id='word_1_503' title='bbox 1383 4999 1536 5071; x_wconf 87' lang='lat' dir='ltr'><strong>Hospitalis</strong></span> <span class='ocrx_word' id='word_1_504' title='bbox 1549 5000 1577 5056; x_wconf 86' lang='lat' dir='ltr'><strong>S.</strong></span> <span class='ocrx_word' id='word_1_505' title='bbox 1592 4997 1689 5056; x_wconf 72' lang='lat' dir='ltr'><strong>liaris</strong></span> 
     </span>
     <span class='ocr_line' id='line_1_98' title="bbox 1085 5086 1565 5161; baseline -0.004 -15"><span class='ocrx_word' id='word_1_506' title='bbox 1085 5086 1397 5161; x_wconf 82' lang='lat' dir='ltr'><strong>Mergentbeimensem</strong></span> <span class='ocrx_word' id='word_1_507' title='bbox 1413 5086 1565 5144; x_wconf 84' lang='lat' dir='ltr'><strong>decimam.</strong></span> 
     </span>
    </p>
   </div>
   <div class='ocr_carea' id='block_1_15' title="bbox 923 5211 1801 5772">
    <p class='ocr_par' dir='ltr' id='par_1_16' title="bbox 923 5211 1801 5772">
     <span class='ocr_line' id='line_1_99' title="bbox 964 5211 1717 5289; baseline -0.004 -13"><span class='ocrx_word' id='word_1_508' title='bbox 964 5214 1144 5286; x_wconf 88' lang='lat' dir='ltr'><strong>Honorius,</strong></span> <span class='ocrx_word' id='word_1_509' title='bbox 1159 5215 1236 5284; x_wconf 81' lang='lat' dir='ltr'><strong>etc,</strong></span> <span class='ocrx_word' id='word_1_510' title='bbox 1252 5214 1411 5289; x_wconf 85' lang='lat' dir='ltr'><strong>magistro</strong></span> <span class='ocrx_word' id='word_1_511' title='bbox 1423 5213 1456 5274; x_wconf 89' lang='lat' dir='ltr'><strong>et</strong></span> <span class='ocrx_word' id='word_1_512' title='bbox 1470 5211 1639 5284; x_wconf 86' lang='lat' dir='ltr'><strong>iratribus,</strong></span> <span class='ocrx_word' id='word_1_513' title='bbox 1654 5213 1717 5273; x_wconf 88' lang='lat' dir='ltr'><strong>etc.</strong></span> 
     </span>
     <span class='ocr_line' id='line_1_100' title="bbox 963 5308 1717 5388; baseline -0.007 -14"><span class='ocrx_word' id='word_1_514' title='bbox 963 5311 1067 5374; x_wconf 86' lang='lat' dir='ltr'><strong>iustis</strong></span> <span class='ocrx_word' id='word_1_515' title='bbox 1091 5311 1284 5388; x_wconf 88' lang='lat' dir='ltr'><strong>petentium,</strong></span> <span class='ocrx_word' id='word_1_516' title='bbox 1314 5311 1393 5383; x_wconf 79' lang='lat' dir='ltr'><strong>eto,</strong></span> <span class='ocrx_word' id='word_1_517' title='bbox 1424 5325 1531 5383; x_wconf 82' lang='lat' dir='ltr'><strong>usquc</strong></span> <span class='ocrx_word' id='word_1_518' title='bbox 1552 5308 1717 5386; x_wconf 91' lang='lat' dir='ltr'><strong>compelli.</strong></span> 
     </span>
     <span class='ocr_line' id='line_1_101' title="bbox 925 5407 1801 5486; baseline -0.002 -17"><span class='ocrx_word' id='word_1_519' title='bbox 925 5409 1057 5472; x_wconf 88' lang='lat' dir='ltr'><strong>Litterae</strong></span> <span class='ocrx_word' id='word_1_520' title='bbox 1078 5409 1241 5486; x_wconf 87' lang='lat' dir='ltr'><strong>siquidem</strong></span> <span class='ocrx_word' id='word_1_521' title='bbox 1263 5408 1357 5469; x_wconf 88' lang='lat' dir='ltr'><strong>bonas</strong></span> <span class='ocrx_word' id='word_1_522' title='bbox 1380 5407 1548 5468; x_wconf 88' lang='lat' dir='ltr'><strong>memoriae</strong></span> <span class='ocrx_word' id='word_1_523' title='bbox 1563 5407 1717 5468; x_wconf 88' lang='lat' dir='ltr'><strong>Theode·</strong></span> <span class='ocrx_word' id='word_1_524' title='bbox 1793 5435 1801 5450; x_wconf 93' lang='lat'><strong>·</strong></span> 
     </span>
     <span class='ocr_line' id='line_1_102' title="bbox 923 5503 1716 5582; baseline -0.003 -15"><span class='ocrx_word' id='word_1_525' title='bbox 923 5507 986 5568; x_wconf 90' lang='lat' dir='ltr'><strong>rici</strong></span> <span class='ocrx_word' id='word_1_526' title='bbox 1001 5506 1251 5582; x_wconf 86' lang='lat' dir='ltr'><strong>Herbipolensis</strong></span> <span class='ocrx_word' id='word_1_527' title='bbox 1267 5505 1413 5582; x_wconf 91' lang='lat' dir='ltr'><strong>episcopi</strong></span> <span class='ocrx_word' id='word_1_528' title='bbox 1426 5519 1486 5565; x_wconf 91' lang='lat' dir='ltr'><strong>suo</strong></span> <span class='ocrx_word' id='word_1_529' title='bbox 1500 5506 1533 5565; x_wconf 89' lang='lat' dir='ltr'><strong>et</strong></span> <span class='ocrx_word' id='word_1_530' title='bbox 1549 5503 1716 5581; x_wconf 91' lang='lat' dir='ltr'><strong>Herbipo-</strong></span> 
     </span>
     <span class='ocr_line' id='line_1_103' title="bbox 924 5600 1716 5681; baseline -0.003 -17"><span class='ocrx_word' id='word_1_531' title='bbox 924 5605 1026 5666; x_wconf 89' lang='lat' dir='ltr'><strong>lensis</strong></span> <span class='ocrx_word' id='word_1_532' title='bbox 1042 5604 1180 5681; x_wconf 90' lang='lat' dir='ltr'><strong>capituli</strong></span> <span class='ocrx_word' id='word_1_533' title='bbox 1192 5620 1231 5666; x_wconf 91' lang='lat' dir='ltr'><strong>ac</strong></span> <span class='ocrx_word' id='word_1_534' title='bbox 1242 5601 1403 5664; x_wconf 86' lang='lat' dir='ltr'><strong>nobilium</strong></span> <span class='ocrx_word' id='word_1_535' title='bbox 1416 5601 1563 5664; x_wconf 87' lang='lat' dir='ltr'><strong>virorum</strong></span> <span class='ocrx_word' id='word_1_536' title='bbox 1577 5600 1716 5663; x_wconf 80' lang='lat' dir='ltr'><strong>Gotlridi</strong></span> 
     </span>
     <span class='ocr_line' id='line_1_104' title="bbox 923 5698 1718 5772; baseline -0.005 -7"><span class='ocrx_word' id='word_1_537' title='bbox 923 5703 957 5766; x_wconf 89' lang='lat' dir='ltr'><strong>et</strong></span> <span class='ocrx_word' id='word_1_538' title='bbox 971 5701 1112 5764; x_wconf 89' lang='lat' dir='ltr'><strong>Conradi</strong></span> <span class='ocrx_word' id='word_1_539' title='bbox 1126 5702 1166 5764; x_wconf 92' lang='lat' dir='ltr'><strong>de</strong></span> <span class='ocrx_word' id='word_1_540' title='bbox 1179 5700 1329 5764; x_wconf 86' lang='lat' dir='ltr'><strong>llonlocb</strong></span> <span class='ocrx_word' id='word_1_541' title='bbox 1342 5699 1493 5772; x_wconf 83' lang='lat' dir='ltr'><strong>fratrum,</strong></span> <span class='ocrx_word' id='word_1_542' title='bbox 1509 5698 1718 5761; x_wconf 74' lang='lat' dir='ltr'><strong>communitae</strong></span> 
     </span>
    </p>
   </div>
   <div class='ocr_carea' id='block_1_16' title="bbox 0 0 2044 6328">
    <p class='ocr_par' dir='ltr' id='par_1_17' title="bbox 0 0 2044 6328">
     <span class='ocr_line' id='line_1_105' title="bbox 0 0 2044 6328; baseline 0 6"><span class='ocrx_word' id='word_1_543' title='bbox 0 0 2044 6328; x_wconf 95' lang='lat' dir='ltr'><strong> </strong></span> 
     </span>
    </p>
   </div>
  </div>
 </body>
</html>
