4018 6320
71 379 128 439 745

69 533 158 597 vobis
171 532 403 604 successerint,
420 531 453 595 et
476 530 606 594 illibata
623 528 850 607 permaneant.

71 629 242 707 inquibus
271 630 343 692 haec
377 629 522 706 propriis
554 627 708 689 duximus
735 626 851 704 expri-

69 724 181 786 menda
191 723 372 786 vocabulis.
389 726 511 784 Locum
522 724 630 800 ipsum
642 723 676 782 in
687 737 751 799 quo
767 736 854 798 prae-

69 821 166 883 fetum
177 820 414 882 monasterium
425 821 525 881 situm
539 821 600 891 est,
613 835 688 880 cum
701 817 852 878 omnibus

68 917 271 994 pertinentiis
297 918 379 978 suis.
405 917 655 987 possessiones,
684 915 797 976 domos
821 915 853 976 et

67 1018 168 1077 terras
183 1029 266 1091 quas
291 1013 419 1075 habetis
441 1014 476 1074 in
493 1013 614 1089 oppido
637 1011 793 1089 Aquensi,
816 1011 852 1071 in

67 1113 178 1188 Vyleo,
200 1111 234 1170 in
247 1113 369 1187 Epene,
388 1111 424 1172 in
439 1111 574 1181 Kutten,
591 1111 624 1171 et
638 1109 678 1170 ad
696 1109 852 1170 Sanctum

67 1208 237 1270 Andream.
255 1207 498 1278 Possessiones,
519 1208 628 1268 terras
651 1206 684 1267 et
704 1204 852 1266 redditus

67 1319 146 1379 quos
166 1301 296 1363 habetis
313 1303 349 1363 in
364 1301 594 1372 Steinstraten,
609 1299 645 1362 in
662 1299 805 1370 Sleiden,
819 1298 852 1360 in

67 1395 240 1468 iiaeretich,
255 1396 290 1456 in
311 1395 526 1466 ndenhoven,
548 1395 583 1454 in
599 1394 745 1468 Sintege,
770 1395 802 1454 et
817 1392 854 1452 in

66 1493 237 1570 Bopardia,
255 1509 331 1554 cum
347 1493 463 1570 pratis,
478 1493 598 1563 vineis,
615 1490 726 1558 terris,
738 1503 854 1551 nemo-

66 1591 166 1662 ribus,
180 1590 331 1666 usuagiis
341 1592 374 1652 et
383 1590 526 1666 pascuis,
541 1587 686 1650 inbosco
699 1586 850 1663 etplan0,

67 1687 102 1748 in
118 1688 209 1764 aquis
225 1689 258 1750 et
272 1687 482 1758 molendinis,
491 1686 528 1747 in
545 1685 612 1749 viis
624 1685 658 1747 et
675 1684 803 1746 semitis
821 1685 854 1745 et

67 1783 214 1846 omnibus
229 1783 306 1845 aliis
322 1783 530 1845 libertatibus
546 1785 579 1844 et
590 1779 852 1843 immunitatibus

66 1882 143 1941 suis.
160 1884 247 1942 Sane
257 1881 407 1942 laborum
419 1881 605 1942 vestrorum
618 1879 658 1940 de
673 1878 853 1956 possessio·

66 1979 161 2040 nibus
177 1977 300 2044 habitis
313 1979 389 2040 ante
400 1977 582 2038 Concilium
595 1974 762 2052 generale,
781 1974 852 2036 sive

65 2076 162 2136 etiam
175 2076 355 2147 novalium,
371 2091 445 2152 quae
465 2074 610 2150 propriis
628 2072 781 2136 menibus
796 2071 854 2134 aut

66 2172 247 2249 sumptibus
273 2173 403 2243 colitiS,
432 2171 472 2232 de
495 2171 616 2242 hortis,
642 2170 797 2246 virgultis
821 2170 854 2230 et

66 2269 301 2346 piscationibus
329 2269 469 2342 vestris,
504 2269 557 2330 vel
581 2268 622 2329 de
641 2267 853 2329 nutrimentis

65 2368 258 2430 animalium
276 2368 476 2437 vestrorum,
492 2366 605 2427 nullus
620 2382 639 2426 a
654 2365 748 2427 vohis
768 2365 854 2426 deci·

66 2479 135 2526 mas
155 2465 289 2540 exigere
301 2465 356 2525 vel
374 2465 573 2540 extorquere
588 2463 778 2538 praesumat.
801 2462 854 2523 Li·

65 2563 136 2623 ceat
150 2575 279 2638 quoque
292 2559 387 2622 vobis
402 2574 561 2636 personas
577 2558 699 2620 liberas
714 2558 746 2620 et
760 2557 854 2618 ahso-

65 2659 150 2719 lutas
170 2673 189 2718 e
212 2657 335 2718 saeculo
358 2656 521 2732 fugientes
541 2655 581 2716 ud
602 2655 852 2716 conversionem

65 2756 222 2832 recipere,
244 2755 278 2816 et
291 2769 349 2816 eas
371 2753 493 2830 absque
508 2752 770 2814 contradictione
785 2753 852 2812 ali-

65 2868 127 2929 qua
139 2853 296 2914 retinere.
314 2850 532 2912 Prohibemus
546 2851 693 2926 insuper,
714 2850 751 2910 ut
770 2849 852 2912 nulli

65 2965 215 3011 sororum
229 2952 427 3020 vestrarum,
449 2948 523 3024 post
537 2947 656 3009 factam
672 2947 707 3008 in
719 2961 854 3008 monas-

64 3047 148 3108 terio
162 3048 274 3108 vestro
289 3045 540 3122 professionem,
556 3043 661 3106 fassit
675 3043 854 3106 sineahba·

63 3144 153 3205 tissae
164 3159 233 3205 suae
245 3143 381 3204 licentis
392 3142 432 3204 de
443 3141 557 3204 eodem
572 3141 645 3202 loco
663 3140 851 3203 discedere:

64 3239 286 3302 discedentem
297 3255 376 3302 vero
391 3238 515 3315 absque
530 3239 751 3300 communium
764 3238 855 3300 litte-

65 3352 178 3398 rarum
208 3337 394 3398 vestrarum
416 3336 570 3398 cautione
592 3335 704 3396 nullus
733 3335 854 3396 audeat

64 3436 221 3496 retinere.
251 3433 336 3496 Illud
365 3433 547 3496 districtius
575 3432 786 3504 inhibentes,
812 3449 853 3494 ne

63 3535 170 3595 terras
191 3547 251 3592 seu
279 3531 447 3608 quodlibet
474 3529 672 3592 beneficium
701 3530 852 3592 ecolesiae

63 3631 183 3691 vestrm
206 3629 361 3690 collatum
386 3627 486 3690 liceat
511 3627 611 3689 alicui
633 3627 854 3704 personaliter

63 3726 145 3798 dari,
168 3727 237 3788 sive
253 3726 319 3787 alio
339 3725 435 3787 modo
453 3724 611 3796 alienari,
633 3723 757 3801 absque
773 3738 854 3784 con·

63 3839 162 3885 sensu
183 3823 284 3886 totius
309 3823 456 3900 capituli,
478 3822 531 3883 vel
554 3821 690 3898 majoris
714 3821 772 3881 aut
792 3835 851 3881 sa-

62 3921 167 3982 nioris
177 3920 281 3998 partis
292 3920 408 3995 ipsius.
422 3919 536 3996 Siquae
544 3933 624 3980 vero
632 3917 853 3978 alienationes

62 4019 111 4078 vel
122 4018 320 4079 donationes
331 4017 432 4078 aliter
446 4031 544 4093 quam
559 4015 746 4077 dictumest
757 4013 852 4076 factae

63 4114 195 4186 fuerint,
212 4130 269 4175 eas
289 4113 402 4175 irritas
424 4128 497 4174 esse
513 4128 696 4174 censemus.
713 4115 853 4188 Insuper

63 4211 259 4274 auctoritate
275 4210 463 4287 Apostolica
486 4207 686 4281 inhibemus,
706 4224 747 4270 ne
765 4209 852 4269 ullus

62 4311 235 4385 episcopus
256 4308 309 4370 vel
324 4307 479 4386 quaelibet
500 4307 567 4368 alia
583 4321 723 4382 persona
745 4305 786 4367 ud
803 4321 854 4383 sy-

62 4407 165 4468 nodos
179 4405 232 4468 vel
252 4406 434 4467 conventus
460 4403 610 4465 forenses
635 4419 694 4466 vos
712 4403 778 4475 ire,
798 4403 852 4463 vel

56 4503 181 4579 judicio
204 4503 293 4564 stare
316 4501 358 4563 de
376 4500 487 4564 vestra
502 4501 637 4577 propria
653 4499 850 4571 substantia,

59 4600 108 4660 vel
132 4597 399 4676 possessionibus
420 4597 542 4660 vestris
566 4596 740 4674 subjacere
767 4611 853 4657 com·

60 4697 180 4772 pellat:
199 4711 260 4758 nec
273 4696 314 4758 ad
330 4695 444 4758 domos
459 4695 587 4756 vestras
603 4709 704 4756 causa
717 4693 852 4755 ordines

61 4792 266 4863 celebrandi,
291 4807 410 4853 causas
433 4790 619 4862 tractandi,
642 4789 695 4852 vel
722 4789 852 4865 aliquos

61 4892 241 4952 conventus
254 4888 403 4965 publicos
414 4888 629 4960 convocandi,
645 4887 760 4949 venire
771 4902 853 4962 prae-

61 4989 178 5050 sumat.
193 4987 460 5062 Neoregularem
470 4985 665 5047 electionem
677 4984 852 5046 abbatissae

60 5088 178 5148 vestrae
194 5083 363 5160 impediat,
383 5084 440 5145 aut
454 5082 494 5144 de
506 5081 709 5144 instituenda
724 5081 776 5142 vel
797 5095 854 5140 re·

62 5184 147 5244 mota
176 5195 216 5242 ea
240 5196 314 5256 quae
338 5195 398 5256 pro
417 5183 565 5256 tempore
592 5178 713 5250 fuerit,
736 5178 853 5239 contra

63 5283 185 5341 statuta
201 5276 431 5338 cisterciensis
447 5276 574 5336 ordinis
590 5289 625 5336 se
643 5275 852 5352 aliquatenus

63 5375 268 5438 intromittat.
298 5377 363 5436 Pro
390 5374 641 5434 consecratione
664 5386 744 5435 vero
762 5372 851 5433 alta·

62 5474 145 5534 rium
161 5487 223 5533 seu
235 5471 463 5542 ecclesiarum,
477 5470 548 5531 sive
563 5485 622 5546 pro
635 5468 708 5530 oleo
724 5469 850 5540 sancto,

62 5573 111 5632 vel
126 5569 275 5648 quolibet
296 5569 362 5630 alio
382 5569 609 5632 ecclesiastico
630 5568 850 5639 sacramento,

64 5669 172 5730 nullus
192 5682 212 5729 a
236 5666 340 5739 vobis,
365 5665 426 5728 sub
448 5665 583 5728 obtentu
602 5663 851 5727 consuetudinis

676 369 905 432 nemroth.
928 369 1007 430 LIB.
1032 369 1087 428 IX.

1640 363 1700 424 mo

907 528 960 589 vel
971 527 1038 590 alio
1053 525 1160 598 modo,
1176 523 1472 602 quidquamvaleat
1482 523 1695 600 extorquere:

907 624 964 686 sed
979 625 1051 686 baec
1063 623 1174 685 omnia
1189 622 1294 698 gratis
1312 621 1406 683 vobis
1424 621 1598 698 episcopus
1620 619 1698 680 dioc·

907 737 1048 784 cosanus
1076 720 1254 798 impendat.
1292 720 1448 796 Alioquin
1472 718 1573 779 liceat
1604 716 1699 780 vohis

908 833 1149 896 quemcumque
1175 816 1360 878 malueritis
1384 815 1584 877 catholicum
1606 814 1699 876 adire

907 916 1100 983 antistitem,
1115 915 1257 991 gratiam
1272 917 1305 975 et
1324 913 1586 976 communionem
1599 915 1700 988 Apos-

906 1014 1015 1074 tolicae
1041 1013 1136 1075 Sedis
1156 1012 1351 1084 habentem,
1373 1011 1429 1088 qui
1457 1011 1571 1071 nostra
1595 1010 1698 1070 fretus

906 1107 1696 1186 auctoritate,vohisquodpostulaturimpendat.

907 1206 1000 1279 Quod
1016 1207 1046 1268 si
1060 1206 1154 1267 sedes
1170 1206 1351 1267 dioecesani
1369 1205 1516 1281 episcopi
1541 1204 1625 1265 forte
1638 1219 1700 1264 va·

908 1304 1044 1376 caverit,
1063 1303 1197 1364 interim
1213 1303 1325 1364 omnia
1338 1301 1564 1364 ecclesiastica
1584 1315 1700 1362 sacru-

907 1402 1018 1463 menta
1036 1415 1055 1461 e
1075 1400 1195 1462 vicinis
1218 1399 1382 1476 episcopis
1406 1399 1572 1474 accipere,
1594 1397 1699 1458 libere
1731 1435 1745 1450 ι

907 1497 940 1560 et
954 1497 1078 1574 absque
1088 1496 1349 1559 contradictione
1360 1494 1515 1572 possitis:
1530 1495 1578 1555 sic
1588 1496 1699 1556 tameo

907 1597 944 1656 ut
966 1609 1010 1656 ex
1031 1595 1095 1655 hoc
1118 1593 1153 1653 in
1177 1593 1345 1669 posterum
1368 1592 1511 1668 propriis
1535 1590 1699 1667 episcopis

907 1691 1035 1752 nullum
1054 1690 1284 1768 praejudicium
1307 1690 1496 1764 generetur.
1518 1688 1602 1759 Quin
1618 1702 1698 1748 vero

908 1789 1073 1850 interdum
1095 1787 1303 1864 propriorum
1324 1787 1553 1862 episcoporum
1569 1784 1699 1862 copiam

907 1902 974 1947 non
996 1885 1136 1956 hahetis,
1161 1885 1189 1944 si
1206 1899 1303 1960 quem
1323 1884 1525 1960 episcopum,
1541 1884 1699 1943 Romanae

908 1983 1003 2045 Sedis
1024 1981 1075 2060 (ut
1092 1979 1251 2060 diximus)
1268 1981 1410 2056 gratiam
1435 1980 1468 2041 et
1492 1979 1700 2040 communio-

908 2095 982 2141 nem
998 2078 1185 2150 habentem,
1204 2079 1237 2139 et
1256 2077 1377 2153 dequo
1399 2077 1531 2151 plenam
1546 2075 1698 2137 notitiam

907 2177 1072 2245 habeatis,
1090 2191 1150 2253 per
1160 2191 1220 2238 vos
1236 2174 1379 2236 transire
1401 2173 1586 2249 contigerit,
1607 2172 1700 2234 abeo

907 2273 1155 2335 henedictiones
1176 2286 1334 2333 vasorum
1356 2271 1388 2332 et
1409 2269 1563 2340 vestium,
1581 2285 1700 2331 conse-

908 2372 1074 2433 crationes
1099 2369 1272 2437 altarium,
1296 2366 1544 2428 benedictiones
1570 2365 1702 2426 monia-

907 2469 999 2540 lium,
1014 2467 1213 2528 auctoritate
1227 2465 1425 2542 spostolicae
1442 2463 1537 2525 Sedis
1551 2463 1700 2540 recipere

907 2565 1058 2628 valeatis.

948 2664 1052 2724 Porro
1078 2662 1106 2722 si
1145 2659 1292 2739 episcopi
1316 2659 1369 2720 vel
1396 2659 1455 2720 alii
1484 2657 1701 2718 ecclesiarum

908 2760 1054 2822 rectores
1077 2759 1112 2819 in
1137 2757 1375 2819 monasterium
1388 2757 1537 2818 vestrum
1550 2755 1602 2816 vel
1626 2769 1702 2830 per-

909 2871 1008 2918 sonas
1036 2855 1119 2916 inihi
1150 2854 1348 2915 constitutas
1382 2851 1622 2928 suspensionis,
1646 2865 1701 2912 ex-

909 2951 1219 3014 communicationis
1243 2950 1297 3011 vel
1327 2948 1494 3010 interdicti
1519 2947 1700 3009 sententias

909 3048 1202 3126 promulgaverint,
1223 3063 1283 3108 seu
1298 3046 1396 3108 etiam
1422 3046 1455 3107 in
1477 3044 1700 3106 mercenarios

908 3147 1048 3218 vestros,
1069 3161 1128 3222 pro
1146 3161 1186 3206 eo
1206 3144 1292 3221 quod
1310 3143 1456 3205 decimas
1476 3142 1562 3204 sicut
1577 3142 1699 3204 dictum

908 3245 958 3306 est
983 3259 1050 3304 non
1068 3242 1273 3320 persolvitis,
1298 3242 1369 3303 sive
1390 3241 1502 3318 aliqua
1524 3239 1701 3324 occasione

907 3357 1023 3404 eorum
1038 3355 1111 3418 quae
1128 3339 1170 3402 ab
1184 3339 1373 3417 Apostolica
1388 3337 1593 3414 benignitate
1606 3337 1700 3400 vohis

908 3439 1035 3500 indulta
1057 3438 1144 3508 sunt,
1166 3452 1225 3498 seu
1246 3435 1473 3498 benefactores
1488 3439 1627 3507 vestros,
1640 3449 1700 3512 pro

907 3551 947 3597 eo
960 3535 1045 3613 quod
1064 3535 1175 3611 aliqua
1186 3533 1280 3595 vohis
1297 3532 1457 3594 beneficia
1473 3532 1526 3593 vel
1541 3531 1701 3608 obsequia

907 3647 950 3694 ex
958 3632 1097 3693 caritate
1113 3629 1338 3707 praestiterint,
1355 3630 1408 3690 vel
1424 3629 1465 3690 ad
1481 3627 1700 3689 laborandum

907 3727 1108 3804 adjuverint,
1130 3726 1165 3785 in
1188 3725 1255 3786 illis
1279 3724 1410 3796 diebus,
1441 3725 1476 3786 in
1501 3723 1619 3800 quihus
1640 3738 1699 3784 vos

907 3824 1078 3896 laboratis,
1095 3825 1128 3884 et
1142 3823 1200 3884 alii
1213 3821 1391 3898 ferientum
1409 3823 1556 3884 eamdem
1572 3822 1702 3882 senten·

907 3920 987 3983 tiam
1015 3919 1234 3997 protulerint,
1261 3919 1369 3995 ipsam
1392 3922 1549 3996 tanquam
1585 3919 1700 3980 contre

909 4018 1003 4080 Sedis
1016 4017 1214 4095 Apostolicee
1229 4017 1356 4078 indulta
1368 4017 1529 4094 prolatam
1545 4016 1700 4078 duximus

907 4114 1116 4177 irritandam.
1130 4114 1200 4176 Nec
1214 4114 1334 4176 litterae
1350 4114 1427 4175 ullae
1441 4113 1630 4176 firmitatem
1644 4114 1701 4174 ha·

906 4212 1029 4284 beant,
1064 4227 1146 4289 quas
1174 4211 1276 4273 tacito
1309 4211 1443 4272 nomine
1471 4211 1699 4274 Cisterciensis

908 4309 1034 4372 ordinis
1063 4309 1096 4372 et
1119 4309 1413 4384 contratenorem
1436 4309 1701 4384 Apostolicorum

907 4407 1159 4484 privilegiorum
1186 4406 1363 4481 contigerit
1388 4405 1570 4482 impetrari.
1609 4407 1702 4465 Prae-

908 4505 1000 4564 terea
1016 4518 1091 4563 cum
1106 4516 1279 4563 commune
1295 4501 1504 4562 interdictum
1520 4502 1619 4563 terrae
1633 4499 1702 4562 fue-

906 4599 971 4672 rit,
1004 4600 1104 4660 liceat
1137 4599 1231 4660 vobis
1265 4597 1483 4658 nihilominus
1517 4598 1552 4658 in
1589 4598 1701 4660 vestro

907 4697 1131 4768 monasterio,
1166 4695 1313 4757 exclusis
1349 4695 1644 4756 excommunicatis
1668 4695 1701 4758 et

906 4793 1112 4866 interdictis,
1140 4792 1253 4854 divina
1276 4790 1388 4854 officia
1410 4792 1591 4854 celebrare.
1619 4792 1700 4855 Paci

907 4906 1037 4969 quoque
1051 4890 1084 4952 et
1105 4889 1340 4966 tranquillitati
1362 4891 1481 4952 vestrae
1504 4891 1643 4967 paterne
1663 4891 1698 4950 in

906 4989 1077 5065 posterum
1101 4987 1324 5049 sollicitudine
1346 4987 1521 5063 providere
1538 4987 1698 5061 volentes,

906 5085 1106 5147 auctoritate
1118 5083 1307 5161 Apostolica
1323 5083 1546 5161 prohibemus,
1561 5085 1598 5146 ut
1612 5083 1699 5146 infre

907 5182 1080 5266 clausuras
1095 5181 1244 5243 locorum
1266 5197 1326 5242 seu
1340 5181 1555 5257 grangiarum
1570 5182 1701 5243 vestre·

906 5295 979 5339 rum
1008 5278 1120 5339 nullus
1152 5279 1304 5354 rapinam
1333 5294 1393 5338 seu
1418 5278 1542 5339 furtum
1564 5277 1697 5351 facere,

907 5376 1019 5451 ignem
1053 5389 1230 5451 apponere,
1254 5375 1449 5450 sanguinem
1474 5373 1624 5448 fundere,
1643 5375 1701 5437 ho-

906 5473 1028 5532 minem
1044 5473 1167 5533 temere
1190 5485 1309 5546 capere
1330 5470 1383 5533 vel
1407 5469 1611 5544 interlicere,
1639 5487 1699 5534 seu

906 5569 1699 5630 violentiamaudeatexercere.Praetereaomnes

906 5665 1078 5731 libertates
1103 5681 1122 5727 a
1152 5663 1452 5746 predecessoribus
1475 5664 1600 5730 nostris
1627 5667 1701 5730 Ro-

1727 450 1737 482 t
