4018 6320
304 303 364 364 735
924 300 1100 364 HONORII
1122 303 1167 366 111
1190 305 1338 368 ophim.

1890 318 1943 380 733

302 476 370 523 crae
384 458 558 536 religionis
585 457 756 536 infringat.
778 461 973 538 Eapropter,
988 460 1101 524 dilecti
1155 479 1216 526 rex
1241 465 1376 538 Siciliae,
1406 467 1608 530 monasterio
1635 469 1746 536 restro
1771 478 1939 550 concessit,

302 561 338 621 in
351 561 491 620 Domino
507 558 580 631 lilii,
596 559 716 620 uestris
741 557 842 636 justis
863 559 1101 635 postulationi·
1155 577 1215 638 pro
1226 563 1399 625 excambio
1414 564 1542 626 casalis
1562 568 1704 640 comitis,
1718 571 1805 646 quod
1820 588 1940 634 monas

301 657 364 718 bus
377 658 557 719 clementer
569 657 761 728 annuimus,
777 659 810 719 et
828 655 1014 734 praesertim
1028 674 1100 720 mo-
1154 659 1275 720 terium
1290 663 1438 724 vestrum
1453 661 1541 724 dono
1556 665 1649 740 regio
1661 667 1869 743 possidebat;
1890 686 1939 732 ec-

302 757 487 818 nasterium
504 757 536 816 S.
555 755 714 832 Stephani
728 754 768 817 de
782 757 898 828 Bosco,
913 755 948 816 in
970 771 1034 832 quo
1047 755 1100 816 di·
1154 755 1290 819 alesiam
1301 759 1413 820 Sancti
1424 760 1556 822 Nicolai
1576 761 1616 823 de
1637 765 1777 826 Teramo
1798 766 1833 826 in
1848 768 1937 828 terri-

299 854 380 916 vino
392 854 471 916 estis
487 852 644 932 obsequio
657 853 849 930 mancipati,
865 854 907 915 ad
927 855 1099 930 exemplar
1155 853 1240 916 torio
1254 855 1347 930 Stili;
1363 857 1582 920 tenimentum
1595 861 1742 922 Catanaei
1756 862 1844 924 inira
1862 864 1935 926 lines

300 952 409 1014 felicis
423 951 666 1014 recordationis
681 951 850 1013 Coelestini
865 954 899 1014 et
913 952 1097 1014 innocentii
1154 953 1187 1011 S·
1201 953 1336 1014 Leonlis
1349 957 1382 1014 et
1393 955 1501 1018 terras
1516 957 1718 1030 Casemonae,
1735 960 1822 1021 sicut
1832 961 1866 1022 in
1879 962 1936 1038 pri·

300 1052 357 1124 111,
370 1050 652 1128 praedecessorum
666 1051 855 1112 nostrorum
868 1052 1097 1111 Romanorum
1151 1047 1285 1126 vilegiis
1294 1051 1498 1126 continetur3
1510 1053 1631 1126 locum,
1643 1057 1700 1133 qui
1710 1057 1933 1119 Matrimonun

300 1149 504 1226 pontificum,
520 1147 580 1210 sub
599 1147 687 1210 beati
708 1147 800 1210 Petri
823 1147 855 1210 et
876 1149 990 1210 nostra
1016 1164 1096 1224 pro·
1151 1147 1348 1224 appellatur,
1377 1165 1451 1211 cum
1479 1152 1690 1227 pertinentiis
1713 1155 1786 1215 suis
1801 1177 1809 1215 a
1823 1157 1932 1230 locum,

297 1247 442 1308 tectione
470 1246 680 1322 suscipimus,
712 1247 745 1308 et
770 1247 943 1324 praesentis
981 1245 1096 1321 scripti
1152 1245 1208 1320 qui
1223 1245 1559 1318 diciturBurburula,
1578 1251 1612 1311 in
1633 1251 1815 1314 tenimento
1840 1255 1933 1316 Mileti

298 1344 475 1422 privilegio
488 1345 742 1429 communimus,
757 1343 920 1420 inprimis
932 1343 1095 1422 siquidem
1148 1341 1244 1415 juata
1259 1343 1453 1404 Francicam
1469 1344 1504 1404 in
1526 1344 1671 1407 diversis
1697 1345 1781 1408 locis
1807 1349 1839 1408 et
1858 1349 1931 1410 alias

298 1441 491 1514 statuentes,
509 1442 545 1504 ut
560 1441 640 1503 ordo
657 1442 871 1514 monasticus
897 1441 954 1520 qui
969 1457 1094 1502 secun·
1149 1437 1257 1498 terras
1273 1439 1313 1500 de
1341 1441 1492 1502 Mutare:
1509 1441 1544 1503 in
1572 1442 1687 1504 Sicilia
1712 1444 1749 1504 in
1775 1446 1930 1506 territorio

297 1540 375 1600 dum
401 1539 576 1601 Dominum
599 1539 631 1600 et
655 1539 746 1600 beati
761 1539 932 1600 Benedicti
944 1539 1094 1614 regulam

299 1638 398 1716 atque
411 1636 653 1698 institutionem
670 1637 938 1698 Cisterciensium
954 1635 1094 1698 fratrum

295 1735 331 1797 in
346 1735 461 1797 eodem
476 1735 678 1797 monasterio
692 1735 862 1796 institutus
873 1751 947 1795 esse
958 1735 1095 1810 dignos-

296 1835 394 1907 citur,
412 1833 580 1911 perpetuis
592 1833 716 1894 ibidem
731 1832 934 1910 temporibus
951 1833 1094 1894 inviola-

293 1931 408 1993 biliter
422 1931 627 1992 observetur.
653 1931 830 2008 ipsumque
853 1930 1092 1993 monasterium

294 2029 355 2091 sub
370 2029 585 2107 proprietate,
611 2045 651 2090 ac
680 2028 873 2090 defensione
893 2029 1092 2105 apostolicae

295 2129 390 2190 Sedis
405 2128 608 2205 permaneat,
626 2143 687 2188 nec
712 2126 814 2188 alicui
838 2142 1001 2202 personae,
1025 2126 1091 2186 nisi

293 2229 444 2289 Romano
459 2225 609 2302 pontifici
633 2225 762 2286 tanturn
788 2224 969 2302 subjaceat.
993 2227 1089 2285 Prae-

293 2325 386 2386 terea
406 2337 632 2400 quascumque
658 2320 896 2398 possessiones
923 2335 1092 2398 quaecum-

293 2438 357 2500 que
370 2420 459 2482 bona
474 2420 563 2481 idem
576 2419 814 2480 monasterium
833 2419 868 2479 in
891 2417 1090 2495 praesentia-

293 2520 467 2596 rumJ'uste
482 2533 521 2579 ac
536 2518 696 2580 canonice
725 2517 882 2594 possidet,
903 2515 962 2578 aut
984 2513 1049 2577 ini
1071 2547 1090 2561 -

1150 1535 1243 1606 Pisii,
1259 1536 1435 1598 ecclesiam
1451 1541 1484 1600 S.
1501 1540 1742 1618 christophori,
1762 1559 1836 1604 cum
1860 1559 1930 1620 per-

1148 1632 1297 1695 tinentiis
1310 1635 1392 1708 suis,
1408 1638 1441 1699 et
1451 1637 1668 1700 tenimentum
1678 1640 1799 1702 Policii
1810 1641 1844 1700 in
1858 1641 1930 1702 die·

1148 1731 1218 1791 cesi
1234 1732 1488 1809 cephaludensi.
1509 1737 1546 1796 ln
1567 1737 1688 1812 Apulia
1714 1737 1750 1798 in
1773 1738 1927 1800 territorio

1148 1829 1258 1890 Boniti
1273 1830 1449 1892 ecclesiam
1465 1834 1498 1894 S.
1516 1833 1647 1896 Nicolai
1662 1833 1702 1894 de
1712 1834 1851 1901 casella,
1864 1852 1926 1896 cun

1147 1927 1218 1988 suis
1247 1929 1468 2004 pertinentiis,
1495 1931 1581 1993 sicut
1615 1931 1794 1994 (laufridus
1830 1949 1926 1995 comes

1147 2024 1291 2087 Alesinae
1308 2042 1372 2102 per
1379 2027 1637 2105 chirographum
1650 2031 1849 2092 monasterio
1859 2047 1926 2092 ves-

1146 2123 1197 2182 tro
1226 2125 1392 2186 concessit
1407 2146 1415 2186 a
1431 2127 1465 2187 et
1489 2127 1667 2188 ecclesiam
1691 2129 1726 2188 S.
1747 2129 1873 2190 Nicolai
1892 2130 1925 2190 de

1147 2219 1350 2283 Grimorellis
1366 2237 1439 2284 cum
1453 2223 1663 2300 pertinentiis
1678 2226 1770 2287 suis:
1784 2242 1924 2304 quaeom-

1146 2317 1203 2378 nia
1227 2317 1314 2379 idern
1339 2321 1588 2393 monasterium,
1615 2325 1794 2400 antequam
1816 2324 1924 2386 Cister-

1146 2415 1308 2478 ciensium
1323 2415 1463 2479 fratrum
1478 2419 1632 2482 instituta
1647 2421 1839 2498 susciperet,
1859 2437 1924 2498 pos-

1145 2513 1284 2575 sidebat.
1299 2516 1337 2575 In
1351 2516 1521 2578 territorio
1536 2519 1734 2586 arenarum,
1750 2521 1920 2596 possessio-

292 2617 405 2680 turum
434 2615 649 2678 concessione
675 2613 879 2692 pontificum,
911 2613 1090 2689 largitione
1145 2625 1204 2671 nes
1218 2611 1323 2672 Vallis
1336 2613 1444 2690 longae
1457 2629 1533 2676 cum
1558 2617 1771 2691 pertinentiis
1786 2617 1862 2689 suis,
1887 2633 1922 2678 ex

291 2731 419 2792 regum.
436 2713 489 2776 vel
506 2712 704 2791 principum,
735 2711 902 2774 oblatione
929 2710 1086 2784 fidelium,
1144 2706 1379 2771 doquoaunis
1390 2709 1431 2771 de
1444 2713 1575 2773 breuis.
1588 2713 1813 2776 Nihilominus
1824 2715 1918 2784 etiam,

292 2829 352 2874 seu
368 2812 443 2874 aliis
468 2809 710 2887 justismodis,
732 2810 911 2886 praestante
936 2809 1086 2881 Domine,
1144 2807 1268 2868 terram
1289 2807 1465 2884 quamdam
1479 2809 1514 2869 in
1530 2809 1699 2872 territorio
1722 2813 1919 2888 Squilacense

292 2910 415 2988 poterit
429 2909 581 2985 adipisci,
599 2907 694 2968 firma
706 2905 800 2969 vobis
815 2907 1000 2984 vestrisque
1012 2923 1090 2968 suc-
1144 2905 1297 2980 positam,
1314 2921 1387 2982 quaa
1400 2906 1588 2982 Gasparina
1603 2907 1741 2980 dicitur;
1756 2899 1840 2972 sicut
1858 2925 1919 2970 ean

292 3007 482 3070 sessoribus
505 3007 538 3068 et
563 3005 691 3067 illibata
708 3007 935 3082 permaneant.
961 3004 998 3066 in
1013 3006 1089 3082 qui·
1142 3000 1237 3064 bonae
1253 3004 1422 3065 memoriae
1447 3003 1635 3080 Stephanus
1660 3007 1825 3082 quondam
1842 3007 1918 3066 llili-

291 3105 353 3167 bus
366 3105 437 3166 haec
461 3103 606 3182 propriis
622 3103 777 3164 duximus
797 3102 1015 3179 exprimenda
1029 3119 1088 3164 vo-
1141 3100 1246 3162 tensis
1259 3101 1435 3177 episcopus
1457 3101 1497 3162 de
1526 3117 1665 3164 assensu
1689 3102 1828 3165 fratrum
1851 3119 1918 3164 suo-

293 3202 433 3265 cabulis.
466 3203 587 3262 Locum
618 3201 727 3278 ipsum
760 3200 796 3261 in
823 3216 887 3276 quo
914 3200 1086 3276 praefatum
1142 3213 1227 3269 rum,
1243 3199 1447 3259 monasterio
1471 3201 1584 3261 vestro
1598 3201 1842 3264 rationabiliter
1853 3216 1919 3262 con-

292 3299 531 3360 monasterium
547 3297 645 3359 situm
660 3296 720 3368 est,
739 3313 812 3357 cum
836 3297 988 3358 omnibus
1011 3313 1088 3375 per·
1141 3296 1228 3367 tulit,
1245 3297 1278 3358 et
1287 3296 1402 3373 scripti
1420 3296 1472 3356 sui
1487 3297 1670 3360 munimine
1685 3298 1860 3370 roboravit,
1872 3313 1921 3359 ro-

291 3396 443 3459 tinentiis
454 3396 535 3466 suia,
545 3395 720 3456 e'cclesiam
731 3389 926 3457 Sanctorum
935 3395 1087 3456 Omnium
1141 3392 1192 3454 bis
1235 3394 1267 3454 et
1305 3394 1554 3456 successoribus
1591 3397 1712 3459 uestris
1740 3397 1921 3458 auctoritate

292 3494 516 3565 deBadulaio‚
546 3491 721 3554 ecclesiam
749 3493 862 3553 Sancti
888 3490 1026 3554 Joannis
1047 3493 1086 3554 de
1140 3491 1591 3568 Apostolicaconilrmamus.

291 3594 382 3654 Cucu
397 3593 431 3654 et
449 3593 641 3670 capistrum,
659 3589 835 3651 ecclesiam
856 3583 969 3652 Sancti
985 3589 1087 3652 Nico-
1180 3589 1363 3652 statuimus
1376 3591 1523 3668 insuper,
1538 3592 1574 3653 nt
1588 3593 1767 3669 predictus
1780 3593 1877 3666 locus,
1887 3595 1918 3653 in

290 3689 579 3761 laideCamerato,
592 3681 805 3765 etlocumqui
816 3685 1083 3760 diciturllrsalla,
1140 3703 1205 3765 quo
1221 3687 1438 3765 inspiratione
1453 3689 1575 3752 divinae
1592 3693 1710 3768 gratiae
1725 3693 1768 3754 ad
1783 3694 1920 3769 omnipo·

290 3787 348 3850 ubi
376 3787 559 3864 antiquitus
588 3786 827 3847 monasterium
860 3786 981 3858 fuerat,
1011 3803 1085 3848 cum
1140 3785 1312 3846 tentisDei
1326 3787 1499 3848 servitium
1514 3789 1762 3862 convenistis,a
1774 3793 1919 3868 jugo,po

290 3885 443 3950 omnihus
456 3884 604 3961 praediis,
617 3885 650 3945 et
661 3883 927 3960 possessionibus
939 3884 980 3945 ad
991 3883 1084 3945 illum
1139 3883 1270 3955 testate,
1288 3882 1425 3959 injurie,
1446 3884 1479 3946 et
1499 3883 1653 3948 molestia
1670 3886 1842 3948 hominum
1855 3901 1917 3948 om·

289 3984 400 4046 locum
414 3981 668 4061 pertinentibus,
693 3980 891 4060 ubicumque
905 3982 983 4053 sint,
1000 3981 1086 4044 sicui
1139 3980 1243 4052 nium,
1262 3979 1347 4042 liber
1360 3997 1435 4042 cum
1449 3981 1519 4042 tota
1533 3983 1638 4060 sylva,
1652 3987 1781 4058 monte,
1797 3987 1880 4046 terra
1892 3983 1919 4044 at

289 4079 515 4144 arecolendae
539 4077 708 4140 memoriae
735 4079 879 4154 Rogerio
903 4079 1022 4140 comite
1050 4079 1084 4142 iu
1140 4093 1226 4156 aqua
1240 4079 1276 4159 in
1290 4078 1433 4154 spatium
1448 4079 1547 4139 unius
1560 4079 1667 4158 leugae
1682 4081 1719 4142 in
1733 4083 1824 4143 omni
1837 4083 1917 4159 parte

289 4177 432 4242 ecclesia
471 4179 582 4238 restra
620 4176 828 4238 dedicatione
868 4175 962 4238 locus
996 4176 1085 4238 idem
1140 4177 1316 4254 adjacenti,
1333 4175 1366 4237 in
1383 4178 1541 4239 vestraet
1556 4189 1786 4240 successorum
1801 4169 1916 4242 resno-

289 4278 420 4340 oblatus
444 4276 495 4337 est
519 4296 527 4335 ε
552 4274 695 4336 villanos
722 4289 852 4351 quoque
876 4274 916 4336 de
949 4275 1084 4335 Stilensi
1139 4291 1213 4336 rum
1228 4273 1443 4351 dispositione
1459 4279 1667 4351 permaneat;
1691 4278 1781 4339 sicut
1799 4295 1819 4338 a
1839 4291 1915 4352 pra-

287 4375 469 4444 territorio,
481 4373 537 4452 qui
551 4373 799 4450 supraArsafrae
816 4372 1084 4449 possessionibus
1140 4372 1227 4435 dicto
1242 4373 1362 4433 comite
1378 4374 1521 4448 Rogerio
1536 4373 1837 4450 praedecessoribus
1847 4389 1915 4434 res-

288 4475 433 4536 manent.
455 4475 493 4534 In
519 4470 690 4533 territorio
707 4469 943 4546 squillacensi,
969 4472 1083 4530 Arun—
1138 4472 1199 4533 tris
1223 4470 1364 4531 donatus
1386 4471 1447 4541 est,
1464 4472 1497 4532 et
1517 4487 1538 4531 a
1559 4471 1667 4532 felicis
1691 4471 1915 4534 recordationis
1981 4523 1982 4534 .

288 4589 363 4634 cum
378 4570 489 4633 casale
504 4585 579 4630 cum
600 4567 751 4629 omnibus
777 4566 986 4643 pertinentiis
1002 4568 1082 4636 suis,
1139 4567 1438 4645 praedecessoribus
1460 4569 1584 4629 nostris
1606 4569 1773 4643 Paschali,
1791 4570 1914 4636 calisto,

288 4672 323 4732 et
335 4669 477 4731 villanos
493 4667 640 4745 ejusdem
663 4664 798 4736 casalis,
816 4665 914 4724 simul
938 4665 1037 4726 etiam
1053 4667 1085 4726 et
1140 4666 1343 4738 Innocentio,
1358 4665 1547 4726 Alexandro
1561 4667 1595 4726 et
1608 4667 1837 4742 praedictorum
1851 4668 1915 4725 Coe·

287 4767 443 4838 villanos
458 4765 659 4841 pertinentes
675 4762 716 4824 ad
742 4761 939 4824 Montabrun
968 4764 1001 4825 et
1015 4763 1085 4823 Oli·
1139 4765 1250 4826 lestini
1269 4766 1301 4826 et
1315 4763 1499 4824 innocentii
1518 4765 1574 4834 111,
1590 4765 1750 4825 Romanis
1763 4763 1914 4841 pontilici-
1980 4799 1981 4831 ,

287 4866 435 4935 sianum,
453 4865 688 4939 cuiuscumque
703 4861 770 4921 sint
785 4861 878 4930 artis,
900 4860 953 4919 val
981 4877 1085 4936 nego·
1138 4862 1198 4922 bus
1214 4863 1440 4923 confirmatus.
1467 4860 1601 4921 Nemini
1623 4861 1723 4924 etiarn
1738 4861 1824 4923 intra
1838 4875 1913 4936 prae-

287 4965 337 5034 tii,
355 4979 414 5023 seu
435 4961 634 5030 Marinaros,
651 4973 733 5035 quos
754 4957 839 5018 idem
859 4973 969 5018 comes
984 4959 1083 5034 paulo
1138 4961 1261 5022 dictum
1274 4959 1416 5036 spatium
1427 4958 1538 5028 liceat,
1548 4973 1691 5034 pascuae,
1704 4960 1911 5036 agriculturae,

288 5063 365 5124 ante
378 5059 488 5121 obitus
501 5058 553 5117 sui
578 5057 666 5116 diem
685 5056 758 5117 loco
773 5056 884 5116 vestro
899 5071 957 5132 per
972 5056 1084 5118 chiro·
1138 5072 1196 5119 seu
1223 5056 1427 5134 piscationis,
1456 5058 1514 5116 aut
1544 5055 1711 5131 lignorum
1743 5057 1909 5122 occasione,

285 5159 449 5236 graphum
471 5153 631 5216 obtulisse
656 5153 884 5229 cognoscitur3
911 5154 1022 5214 casale
1048 5157 1081 5214 S.
1137 5156 1190 5216 vel
1205 5167 1468 5232 quacumqueea
1482 5153 1911 5224 causa‚vobis,autsucces·

286 5255 427 5326 Leontii,
444 5269 518 5315 curn
540 5251 805 5313 immunitatibus
827 5251 860 5312 et
874 5251 1083 5327 pertinentiis
1138 5253 1269 5314 soribus
1295 5253 1415 5313 vestris
1448 5249 1622 5327 iniuriam,
1654 5265 1714 5312 seu
1746 5249 1908 5314 molestiam
1978 5271 1979 5314 ξ

286 5353 380 5427 suis3
407 5351 578 5427 granciam
608 5349 649 5430 de
675 5349 823 5423 Simor03
854 5349 1026 5423 granciam
1043 5348 1083 5410 de
1137 5352 1306 5426 irrogare;
1328 5349 1385 5410 sed
1400 5351 1506 5410 lotum
1530 5349 1713 5410 secundum
1727 5349 1908 5410 voluntatem

285 5451 406 5512 Cotron
432 5463 505 5510 cum
530 5446 682 5510 omnibus
708 5446 919 5522 pertinentiis
947 5461 1084 5506 earnm-
1137 5451 1281 5510 vestram
1304 5446 1515 5524 possideatis,
1536 5447 1732 5524 disponatis,
1756 5443 1906 5508 ordinetis,
1977 5483 1978 5500 .

284 5548 376 5622 dem3
394 5561 504 5607 serras
519 5547 552 5606 S.
569 5543 701 5605 Fautiui
717 5546 750 5604 et
770 5543 878 5604 terras
902 5544 936 5603 S.
949 5543 1081 5604 Nicolai
1136 5547 1169 5606 et
1197 5545 1351 5620 erogetis.
1384 5547 1470 5604 Sane
1498 5542 1649 5605 laborum
1676 5547 1853 5606 vestrorum
1874 5539 1906 5598 de

284 5647 324 5707 de
339 5643 462 5714 Trivio,
479 5657 560 5719 quas
576 5643 674 5703 clarae
688 5640 857 5702 memoriae
875 5641 1079 5714 Tancredus,
1136 5641 1401 5720 possessionibus
1426 5641 1548 5704 habitis
1568 5643 1644 5704 aute
1666 5643 1904 5714 conciliamus*
1976 5699 1977 5710 ,
