4006 6346
310 399 370 460 683
1892 401 1944 460 cst

926 403 1102 464 HONORII
1125 399 1170 464 ill
1191 402 1339 465 OPERA.

311 558 435 619 neralls
448 559 658 636 interpretes,
676 559 717 620 de
732 560 907 622 novalibus
920 564 994 639 post
1015 563 1102 622 idem
1157 563 1271 639 aliqui,
1289 560 1484 624 aemulantes
1500 561 1701 625 charismata
1716 559 1869 628 meliora,
1885 576 1945 621 mo-

310 656 492 717 Coucilium
509 657 820 733 acquisitisavobis
838 657 1103 722 intenduntdeci-
1157 661 1303 722 nasteria
1328 659 1432 721 vestri
1454 658 1582 720 ordinis
1603 659 1720 722 volunt
1740 673 1843 722 causa
1869 657 1945 717 reli-

309 768 380 814 mas
397 755 605 830 extorquere,
623 771 666 816 ne
681 755 844 832 superbis
859 772 918 817 vos
933 757 1103 832 contingat
1156 757 1272 832 gionis
1289 757 1426 827 intrare,
1447 758 1482 816 ut
1501 755 1547 816 ibi
1569 756 1708 816 Domino
1732 754 1941 824 famulentur,

309 849 456 911 indebita
472 851 705 912 molestatione
720 853 847 923 vexari,
865 869 927 914 nos
940 854 1102 929 interpre-
1156 854 1320 928 capellani
1342 869 1467 922 eorum,
1488 852 1592 914 donec
1611 849 1652 912 ab
1668 853 1750 929 ipsis
1772 852 1943 928 pecuniam

306 947 466 1008 tationem
494 948 625 1010 illorum
648 949 832 1010 intellectui
856 950 1100 1011 constitutionis
1155 965 1228 1027 quae
1241 951 1460 1012 mortuarium
1477 951 1699 1026 nuncupatur,
1715 950 1941 1026 extorqueant,

307 1045 457 1120 praedicti
473 1046 611 1106 Concilii
627 1062 727 1121 super
744 1047 1020 1107 cisterciensibus
1042 1046 1102 1106 de·
1156 1049 1253 1122 prout
1267 1061 1285 1106 a
1301 1047 1513 1124 parochianis
1528 1048 1599 1108 suis
1616 1046 1854 1108 decedentibus
1867 1061 1943 1108 con«

288 1141 513 1203 cimiseditae
529 1144 708 1203 asserimus
725 1144 945 1220 peregrinam.
977 1145 1013 1203 ln
1027 1144 1099 1218 ipsa
1155 1144 1333 1204 sueverunt
1352 1143 1515 1220 accipere,
1540 1143 1607 1204 illis
1632 1145 1756 1206 temere
1781 1158 1817 1204 se
1844 1156 1943 1218 oppo-

308 1239 439 1313 quidem
456 1239 1101 1315 expressecaveturutdealienlsterris
1154 1241 1246 1300 ndnt.
1275 1239 1430 1301 volentes
1455 1240 1557 1315 igitur
1587 1239 1727 1301 abusum
1751 1239 1943 1316 corruptele

307 1336 339 1395 et
354 1336 472 1396 amodo
487 1338 710 1414 acquirendis,
727 1339 754 1398 si
770 1353 827 1398 eas
841 1338 985 1414 propriis
998 1337 1101 1398 mani-
1130 1355 1132 1360 ·
1154 1335 1342 1412 hujusmodi
1362 1335 1499 1410 aboleri,
1521 1337 1718 1398 auctoritate
1736 1336 1832 1397 vobis
1860 1351 1943 1412 prae-

307 1430 369 1491 bus
385 1434 442 1493 aut
461 1434 645 1509 sumptibus
666 1435 847 1504 colueritis,
862 1435 1008 1495 decimas
1023 1450 1101 1510 per·
1154 1433 1297 1494 sentium
1311 1433 1522 1508 indulgemus
1543 1434 1588 1505 ut,
1605 1433 1857 1511 capellanorum
1874 1447 1943 1492 con·

308 1529 445 1590 solvatis
456 1531 606 1591 ecclesiis
619 1531 738 1608 qulbus
753 1532 882 1592 ratione
898 1531 1100 1608 prediorum
1154 1529 1350 1591 tradictione
1364 1530 1553 1608 hujusmodi
1568 1546 1633 1591 non
1650 1529 1814 1602 obstante,
1824 1529 1942 1592 liberas

305 1627 403 1688 autea
415 1627 628 1689 solvebantur
644 1651 651 1688 :
667 1629 765 1699 unde,
782 1629 810 1688 si
829 1629 871 1688 ad
886 1627 1099 1704 praepositum
1130 1645 1132 1653 ⁴
1155 1641 1314 1702 personas
1328 1628 1440 1688 advos
1456 1629 1577 1690 saeculo
1592 1627 1758 1704 fugientes
1774 1626 1881 1688 libere
1894 1641 1942 1686 re-

304 1725 631 1785 aciemdiscretionis
645 1726 873 1796 extenderent,
889 1724 1101 1786 advertentes
1154 1725 1266 1802 cipere
1278 1724 1429 1785 valeatis.
1448 1723 1540 1786 Nulli
1554 1741 1643 1802 ergo,
1662 1724 1725 1786 etc.
1750 1725 1868 1786 Datum
1884 1725 1942 1784 La-

304 1820 522 1881 nihilomlnus
534 1821 701 1898 dequibus
711 1821 886 1884 novalibus
901 1822 1100 1898 apostolicae

305 1918 399 1979 Sedis
413 1919 579 1994 intelligat
598 1919 837 1995 indulgentiam
853 1933 954 1996 super
976 1918 1099 1979 talibus

305 2127 400 2189 novae
414 2113 699 2189 interpretationis
712 2113 855 2174 ludibrio
871 2113 1006 2188 ingenia
1022 2112 1100 2173 lati·-

305 2211 433 2285 garent.
456 2211 645 2271 inhibemus
668 2212 772 2288 igitur
795 2212 992 2272 auctoritate
1012 2226 1100 2286 prae-

305 2307 458 2377 sentium,
476 2311 512 2368 ut
527 2307 637 2367 nullus
657 2324 677 2369 a
692 2307 798 2380 vobis,
825 2308 865 2368 de
885 2308 1060 2370 novalibus
1078 2323 1099 2368 a

304 2405 452 2480 tempore
475 2404 614 2465 Concilii
630 2404 772 2466 excultis
789 2405 841 2466 vel
870 2406 905 2466 in
929 2407 1098 2482 posterum

304 2501 448 2576 propriis
461 2501 611 2562 manibus
625 2503 683 2563 arri
695 2501 880 2578 sumptibus
893 2501 1096 2568 excolendis,
1129 2508 1132 2564 t

305 2597 450 2659 decimas
470 2600 605 2674 exigere
620 2599 672 2660 vel
691 2601 889 2675 extorquere
905 2599 1093 2675 praesumat.

307 2695 400 2755 Nulli
428 2711 507 2770 ergo
534 2697 668 2756 omnino
690 2696 860 2756 hominum
884 2695 984 2756 liceat
1011 2695 1098 2756 bano

305 2793 472 2867 paginam,
499 2794 559 2853 etc.
588 2795 705 2854 Datum
733 2793 899 2864 Laterani,
924 2795 969 2852 Ill
991 2807 1099 2853 nonas

302 2889 390 2965 julii,
406 2888 615 2965 pontificatus
629 2890 734 2951 nostri
749 2904 836 2951 anno
848 2892 974 2951 octavo.

633 3132 765 3222 tolli

329 3293 380 3380 ,fid
395 3291 548 3350 abactam
564 3292 825 3351 cisterciensem
841 3291 874 3351 et
889 3293 1072 3351 uvttccrsos

607 3389 793 3448 coabbates.

610 3526 701 3600 rjus
717 3525 794 3585 raas.

335 3649 442 3714 [llerlet,
452 3651 593 3702 cartulaire
602 3651 633 3700 tle
643 3649 761 3714 l’abhaye
774 3649 819 3700 des
830 3650 902 3700 Voux
915 3650 946 3700 de
956 3650 1064 3715 Cernay,

562 3737 581 3780 t.
595 3730 615 3788 1,
628 3745 654 3794 p.
666 3730 720 3788 239,
733 3745 757 3779 n.
771 3729 838 3793 itaq

303 3858 344 3928 De
365 3855 570 3914 consuetudine
585 3855 798 3927 capellanorum
810 3855 858 3927 qui
877 3855 1063 3912 mortuarium
1078 3870 1093 3914 a

338 3946 468 4018 personis
496 3943 671 4002 monasteria
696 3943 804 4002 ordinis
830 3943 1026 4002 cisterciensis
1048 3943 1093 4001 iu·

338 4033 477 4090 uentibus
490 4033 619 4104 exigunt.

342 4168 508 4228 Honorius
518 4168 703 4244 episcopus,
716 4182 831 4228 servus
840 4182 1011 4227 servorum
1021 4167 1092 4236 Dei,

303 4264 431 4327 dilectis
454 4264 569 4324 liliis...
592 4263 703 4324 abbati
725 4263 937 4324 cisterciensi
959 4265 992 4324 et
1013 4263 1093 4323 uni-

300 4363 407 4423 versis
422 4361 635 4425 coabbatibus
652 4363 723 4437 ejus
738 4361 772 4432 et
785 4359 943 4422 iratribus
957 4359 1018 4422 sub
1036 4376 1095 4421 eo-

300 4461 374 4522 dem
402 4461 517 4522 ordine
539 4462 607 4520 Deo
634 4457 865 4530 servientibus,
892 4458 1032 4519 salutem
1062 4458 1094 4518 et

300 4559 522 4635 apostolicam
537 4556 812 4618 benedictionem.
826 4635 828 4642 ,

340 4655 514 4718 Constituti
531 4658 627 4733 juxta
649 4653 786 4716 verbum
809 4651 990 4730 prophetae,
1014 4652 1093 4713 licet

299 4751 578 4814 insufficientibus
608 4752 750 4821 meritis,
783 4764 883 4826 super
917 4750 1031 4824 gentes
1060 4752 1093 4810 et

298 4863 402 4925 regna
418 4848 518 4909 olticii
534 4851 639 4910 nostri
655 4849 801 4910 debiturn
823 4848 980 4908 decenter
994 4861 1092 4907 exse-

299 4949 441 5025 quimur,
459 4962 533 5007 curu
551 4947 723 5007 evellimus
748 4945 921 5007 evellenda
942 4947 975 5004 et
995 4943 1092 5020 plan-

298 5043 396 5106 tanda
417 5043 614 5118 plantamus
641 5043 731 5104 recta
755 5042 900 5116 regimus
922 5041 955 5101 et
974 5039 1091 5116 dirigi-

298 5159 371 5203 mus
386 5140 566 5212 indirecta;
583 5139 795 5214 significastis
811 5138 973 5215 siquidem
995 5138 1090 5199 nobis

298 5239 384 5317 quod
411 5239 445 5298 in
473 5235 669 5315 quibusdam
706 5234 856 5313 partibus
887 5235 1089 5297 consuetudo

1153 1821 1272 1892 terant,
1294 1824 1338 1882 IV
1362 1838 1467 1884 nonas
1489 1823 1578 1901 julii,
1604 1821 1817 1900 pontificatus
1843 1821 1941 1884 nostri

1130 1915 1131 1920 ’
1154 1933 1242 1979 anno
1258 1919 1385 1981 octavo,

306 2015 369 2090 piis
383 2017 465 2076 locis
490 2032 696 2084 concessam,
714 2032 779 2077 non
796 2018 845 2077 sie
861 2017 949 2077 circa
966 2015 1099 2076 novalia
1130 2025 1131 2068 3

1472 2143 1650 2270 ccum

1173 2345 1225 2404 Act
1239 2345 1439 2414 Artzutttum,
1456 2346 1718 2408 Narbonenses
1731 2345 1927 2416 umbrasse.

1450 2483 1481 2540 ll
1493 2481 1555 2554 julii
1570 2481 1647 2539 itit.

1153 2615 1286 2682 [bouquet
1298 2615 1354 2668 Rec.
1363 2614 1406 2666 des
1416 2614 1489 2672 illst,
1501 2615 1568 2673 xlx,
1584 2629 1609 2678 p.
1625 2613 1684 2674 7533
1703 2615 1813 2678 liegest„
1823 2613 1869 2666 lib.
1880 2613 1937 2670 l'lll,

1470 2694 1544 2758 epist.
1558 2695 1625 2756 tra]

1129 2802 1132 2808 '
1153 2801 1343 2860 boimundum
1363 2803 1424 2868 vll,
1442 2800 1532 2858 filium
1546 2801 1679 2858 Tolosani
1694 2799 1839 2871 quondam
1854 2798 1934 2856 comi-

1187 2891 1232 2958 tis,
1250 2889 1481 2962 archiepiscopus
1506 2889 1644 2948 instanter
1663 2887 1780 2946 inducat
1804 2887 1840 2946 ad
1863 2886 1934 2944 resil-

1187 2977 1332 3045 luendum,
1351 2977 1469 3049 jubente
1486 2977 1620 3041 Honorio,
1638 2976 1837 3050 blagaloueusi
1852 2975 1933 3038 eccle·

1186 3066 1236 3124 sim
1250 3073 1375 3123 castrum
1390 3065 1532 3138 idelgorii,
1553 3063 1629 3137 quod
1641 3065 1688 3121 ille
1704 3065 1800 3137 inique
1822 3077 1934 3135 occupa-

1185 3163 1274 3212 vorat.

1191 3289 1356 3352 Honorius
1385 3289 1610 3367 episcopus...,
1640 3287 1826 3356 venerabili
1848 3287 1935 3350 fratri

1151 3388 1401 3466 archiepiscopo
1416 3385 1639 3459 Narbonensi,
1650 3386 1803 3459 salutem,
1820 3387 1880 3450 etc.

1190 3485 1291 3560 Angit
1305 3499 1365 3544 nos
1386 3483 1604 3544 communiter
1618 3483 1767 3547 omnium
1781 3482 1934 3544 ecclesia-

1150 3599 1225 3644 rum
1240 3581 1425 3644 Provinciae
1440 3581 1624 3642 communis
1638 3581 1798 3656 efflictim
1818 3581 1875 3642 sed
1888 3579 1936 3640 iu·

1151 3681 1201 3742 ter
1220 3695 1277 3740 eas
1304 3678 1553 3754 magalonensis
1576 3677 1717 3740 ecclesia
1739 3694 1854 3741 curam
1877 3691 1935 3738 non

1150 3778 1285 3858 indigne
1297 3776 1361 3838 sibi
1371 3777 1518 3838 vindicat
1530 3776 1720 3852 specialem,
1735 3777 1846 3836 castro
1861 3771 1935 3836 ltel-

1149 3876 1246 3951 gorii,
1262 3874 1348 3951 quod
1364 3873 1405 3935 ab
1418 3873 1607 3950 apostolica
1622 3872 1705 3934 Sede
1720 3872 1811 3935 tenet
1821 3872 1856 3934 in
1871 3871 1935 3934 leu-

1150 3971 1237 4042 dum,
1255 3971 1391 4046 indigne
1403 3969 1555 4046 spoliata.
1570 3971 1743 4030 Monemus
1759 3969 1861 4045 igitur
1875 3967 1935 4028 ira-

1149 4067 1337 4128 ternitatem
1351 4067 1442 4126 tuam
1457 4065 1594 4137 attente,
1617 4066 1650 4126 et
1674 4079 1733 4140 per
1753 4063 1935 4141 Apostolica

1150 4163 1208 4226 tibi
1232 4163 1368 4239 scripta,
1399 4162 1539 4223 tirmiter
1561 4161 1776 4238 injungendo,
1805 4159 1935 4222 manda-

1149 4277 1232 4333 mus,
1250 4261 1412 4337 quatenus
1427 4258 1531 4320 nobili
1546 4258 1618 4319 viro
1639 4255 1853 4336 maimundo)
1873 4256 1934 4316 lilio

1149 4357 1312 4434 quondam
1326 4357 1456 4417 comitis
1471 4355 1639 4425 Tolosam,
1665 4355 1722 4431 qui
1742 4356 1852 4417 castro
1870 4353 1934 4430 ipso

1148 4455 1323 4516 ecclesiam
1365 4453 1521 4529 spoliavit
1561 4452 1726 4524 eamdem,
1767 4451 1936 4526 diligenter

1148 4553 1324 4613 ostendeus
1346 4565 1444 4628 quam
1469 4549 1659 4625 specialiter
1685 4549 1750 4610 ista
1775 4563 1836 4608 nos
1862 4549 1934 4609 tan·

1146 4651 1203 4725 gat
1240 4648 1375 4727 injuria,
1414 4647 1577 4718 eumdem,
1610 4649 1645 4709 ut
1684 4646 1829 4706 castrum
1868 4657 1934 4706 cum

1147 4745 1356 4823 pertinentiis
1381 4743 1452 4806 suis
1484 4743 1635 4804 ecclesiae
1664 4741 1820 4804 restituat
1847 4741 1935 4802 ante-

1147 4845 1254 4916 dictae,
1271 4859 1310 4904 ac
1327 4841 1366 4903 de
1379 4842 1510 4904 damnis
1525 4840 1684 4917 irrogatis
1699 4839 1806 4900 eidem
1821 4837 1933 4900 condi·

1146 4958 1245 5017 gnam
1258 4939 1520 5002 satisfactionem
1536 4937 1716 5016 impendat,
1738 4953 1874 5000 moneas
1888 4935 1932 4996 el·

1146 5039 1303 5110 ilcaciter,
1318 5039 1350 5099 et
1365 5035 1514 5108 inducas
1533 5035 1578 5097 ita
1594 5034 1679 5114 quod
1695 5033 1867 5112 diligentia
1882 5036 1931 5096 tua

1146 5136 1277 5198 clareat·
1298 5135 1333 5197 in
1362 5133 1493 5205 ellectu,
1518 5134 1551 5194 et
1572 5148 1632 5194 nos
1658 5135 1791 5208 gratum
1818 5131 1931 5194 babere

1146 5233 1264 5294 merito
1281 5231 1470 5292 debeamus.
1500 5232 1617 5292 Datum
1638 5229 1806 5302 Laterani,
1824 5231 1852 5290 V
1867 5228 1931 5288 idus

298 5335 501 5424 detestabilis
538 5334 684 5405 inolevit,
712 5333 868 5394 videlicet
900 5333 985 5410 quod
1015 5348 1089 5394 cum
1140 5329 1474 5408 julii,anuooctavo.
