<?xml version="1.0" encoding="UTF-8"?>
<!DOCTYPE html PUBLIC "-//W3C//DTD XHTML 1.0 Transitional//EN"
    "http://www.w3.org/TR/xhtml1/DTD/xhtml1-transitional.dtd">
<html xmlns="http://www.w3.org/1999/xhtml" xml:lang="en" lang="en">
 <head>
  <title>
</title>
<meta http-equiv="Content-Type" content="text/html;charset=utf-8" />
  <meta name='ocr-system' content='tesseract 3.04.00' />
  <meta name='ocr-capabilities' content='ocr_page ocr_carea ocr_par ocr_line ocrx_word'/>
</head>
<body>
  <div class='ocr_page' id='page_1' title='image "./mediiaevibiblio06bottgoog_0464.png"; bbox 0 0 4080 6328; ppageno 0'>
   <div class='ocr_carea' id='block_1_1' title="bbox 104 277 1731 355">
    <p class='ocr_par' dir='ltr' id='par_1_1' title="bbox 104 277 1731 355">
     <span class='ocr_line' id='line_1_1' title="bbox 104 277 1731 355; baseline -0.002 -11"><span class='ocrx_word' id='word_1_1' title='bbox 104 282 161 344; x_wconf 79' lang='lat' dir='ltr'><strong>tal</strong></span> <span class='ocrx_word' id='word_1_2' title='bbox 410 279 647 340; x_wconf 27' lang='lat' dir='ltr'><strong>baruncello</strong></span> <span class='ocrx_word' id='word_1_3' title='bbox 678 280 855 341; x_wconf 88' lang='lat' dir='ltr'>HONORII</span> <span class='ocrx_word' id='word_1_4' title='bbox 883 280 928 342; x_wconf 90' lang='grc' dir='ltr'><strong>ΙΙΙ</strong></span> <span class='ocrx_word' id='word_1_5' title='bbox 959 278 1263 340; x_wconf 78' lang='lat' dir='ltr'><strong>PONTIFICATUS</strong></span> <span class='ocrx_word' id='word_1_6' title='bbox 1292 277 1421 339; x_wconf 84' lang='lat' dir='ltr'><strong>ANNO.</strong></span> <span class='ocrx_word' id='word_1_7' title='bbox 1618 344 1621 355; x_wconf 18' lang='lat' dir='ltr'><strong>p</strong></span> <span class='ocrx_word' id='word_1_8' title='bbox 1671 280 1731 341; x_wconf 87' lang='grc'><strong>898</strong></span> 
     </span>
    </p>
   </div>
   <div class='ocr_carea' id='block_1_2' title="bbox 15 427 1739 3071">
    <p class='ocr_par' dir='ltr' id='par_1_2' title="bbox 15 427 1738 2100">
     <span class='ocr_line' id='line_1_2' title="bbox 133 427 1727 518; baseline -0.001 -23"><span class='ocrx_word' id='word_1_9' title='bbox 133 427 165 496; x_wconf 82' lang='lat' dir='ltr'><strong>in</strong></span> <span class='ocrx_word' id='word_1_10' title='bbox 179 427 375 508; x_wconf 68' lang='lat' dir='ltr'><strong>Hispaniaea</strong></span> <span class='ocrx_word' id='word_1_11' title='bbox 391 443 569 510; x_wconf 78' lang='lat' dir='ltr'><strong>tempestate,</strong></span> <span class='ocrx_word' id='word_1_12' title='bbox 585 443 728 494; x_wconf 87' lang='lat' dir='ltr'><strong>corruerat</strong></span> <span class='ocrx_word' id='word_1_13' title='bbox 747 443 883 518; x_wconf 75' lang='lat' dir='ltr'><strong>potestas,</strong></span> <span class='ocrx_word' id='word_1_14' title='bbox 938 436 991 494; x_wconf 90' lang='lat' dir='ltr'><strong>bus</strong></span> <span class='ocrx_word' id='word_1_15' title='bbox 1009 436 1167 509; x_wconf 82' lang='lat' dir='ltr'><strong>principum</strong></span> <span class='ocrx_word' id='word_1_16' title='bbox 1190 435 1376 508; x_wconf 87' lang='lat' dir='ltr'><strong>quorumdam</strong></span> <span class='ocrx_word' id='word_1_17' title='bbox 1398 439 1427 491; x_wconf 88' lang='lat' dir='ltr'><strong>ct</strong></span> <span class='ocrx_word' id='word_1_18' title='bbox 1449 434 1536 492; x_wconf 88' lang='lat' dir='ltr'><strong>armis</strong></span> <span class='ocrx_word' id='word_1_19' title='bbox 1559 439 1727 493; x_wconf 89' lang='lat' dir='ltr'><strong>sustentata.</strong></span> 
     </span>
     <span class='ocr_line' id='line_1_3' title="bbox 98 522 1727 597; baseline -0.002 -14"><span class='ocrx_word' id='word_1_20' title='bbox 98 523 287 584; x_wconf 79' lang='lat' dir='ltr'><strong>Almohadum</strong></span> <span class='ocrx_word' id='word_1_21' title='bbox 299 531 411 597; x_wconf 90' lang='lat' dir='ltr'><strong>propter</strong></span> <span class='ocrx_word' id='word_1_22' title='bbox 425 526 517 582; x_wconf 88' lang='lat' dir='ltr'><strong>civilia</strong></span> <span class='ocrx_word' id='word_1_23' title='bbox 531 523 657 582; x_wconf 89' lang='lat' dir='ltr'><strong>dissidia.</strong></span> <span class='ocrx_word' id='word_1_24' title='bbox 675 524 729 582; x_wconf 89' lang='lat' dir='ltr'><strong>Sed</strong></span> <span class='ocrx_word' id='word_1_25' title='bbox 742 527 769 581; x_wconf 92' lang='lat' dir='ltr'><strong>in</strong></span> <span class='ocrx_word' id='word_1_26' title='bbox 783 526 884 583; x_wconf 87' lang='lat' dir='ltr'><strong>ilussia</strong></span> <span class='ocrx_word' id='word_1_27' title='bbox 940 525 1081 582; x_wconf 89' lang='lat' dir='ltr'><strong>Honorius</strong></span> <span class='ocrx_word' id='word_1_28' title='bbox 1107 537 1178 595; x_wconf 89' lang='lat' dir='ltr'><strong>ergo</strong></span> <span class='ocrx_word' id='word_1_29' title='bbox 1204 522 1377 592; x_wconf 82' lang='lat' dir='ltr'><strong>cardinalem</strong></span> <span class='ocrx_word' id='word_1_30' title='bbox 1402 523 1429 580; x_wconf 90' lang='lat' dir='ltr'><strong>S.</strong></span> <span class='ocrx_word' id='word_1_31' title='bbox 1448 523 1552 596; x_wconf 85' lang='lat' dir='ltr'><strong>Augeli</strong></span> <span class='ocrx_word' id='word_1_32' title='bbox 1576 524 1727 580; x_wconf 88' lang='lat' dir='ltr'><strong>diaconum</strong></span> 
     </span>
     <span class='ocr_line' id='line_1_4' title="bbox 98 611 1729 686; baseline -0.001 -16"><span class='ocrx_word' id='word_1_33' title='bbox 98 613 284 680; x_wconf 80' lang='lat' dir='ltr'><strong>meridionali,</strong></span> <span class='ocrx_word' id='word_1_34' title='bbox 301 615 409 670; x_wconf 79' lang='lat' dir='ltr'><strong>Tartari</strong></span> <span class='ocrx_word' id='word_1_35' title='bbox 422 627 438 670; x_wconf 89' lang='lat' dir='ltr'><strong>e</strong></span> <span class='ocrx_word' id='word_1_36' title='bbox 453 614 596 686; x_wconf 88' lang='lat' dir='ltr'><strong>biongoiia</strong></span> <span class='ocrx_word' id='word_1_37' title='bbox 611 615 676 681; x_wconf 90' lang='lat' dir='ltr'><strong>orti,</strong></span> <span class='ocrx_word' id='word_1_38' title='bbox 703 613 799 670; x_wconf 91' lang='lat' dir='ltr'><strong>omnia</strong></span> <span class='ocrx_word' id='word_1_39' title='bbox 816 612 882 670; x_wconf 89' lang='lat' dir='ltr'><strong>diri·</strong></span> <span class='ocrx_word' id='word_1_40' title='bbox 939 614 1065 686; x_wconf 91' lang='lat' dir='ltr'><strong>legatum</strong></span> <span class='ocrx_word' id='word_1_41' title='bbox 1080 612 1167 678; x_wconf 89' lang='lat' dir='ltr'><strong>misit,</strong></span> <span class='ocrx_word' id='word_1_42' title='bbox 1181 611 1255 668; x_wconf 91' lang='lat' dir='ltr'><strong>iutra</strong></span> <span class='ocrx_word' id='word_1_43' title='bbox 1272 625 1303 667; x_wconf 91' lang='lat' dir='ltr'><strong>se</strong></span> <span class='ocrx_word' id='word_1_44' title='bbox 1317 617 1453 682; x_wconf 89' lang='lat' dir='ltr'><strong>reputans</strong></span> <span class='ocrx_word' id='word_1_45' title='bbox 1464 625 1519 666; x_wconf 91' lang='lat' dir='ltr'><strong>uon</strong></span> <span class='ocrx_word' id='word_1_46' title='bbox 1540 611 1729 684; x_wconf 85' lang='lat' dir='ltr'><strong>abjiciendam</strong></span> 
     </span>
     <span class='ocr_line' id='line_1_5' title="bbox 98 699 1728 774; baseline -0.001 -16"><span class='ocrx_word' id='word_1_47' title='bbox 98 701 214 774; x_wconf 91' lang='lat' dir='ltr'><strong>piebant</strong></span> <span class='ocrx_word' id='word_1_48' title='bbox 241 701 409 769; x_wconf 87' lang='lat' dir='ltr'><strong>vastatione,</strong></span> <span class='ocrx_word' id='word_1_49' title='bbox 439 700 498 772; x_wconf 80' lang='lat' dir='ltr'><strong>J&#39;arn</strong></span> <span class='ocrx_word' id='word_1_50' title='bbox 527 702 617 774; x_wconf 91' lang='lat' dir='ltr'><strong>parati</strong></span> <span class='ocrx_word' id='word_1_51' title='bbox 645 700 681 758; x_wconf 92' lang='lat' dir='ltr'><strong>ad</strong></span> <span class='ocrx_word' id='word_1_52' title='bbox 707 702 885 760; x_wconf 78' lang='lat' dir='ltr'><strong>incursiones</strong></span> <span class='ocrx_word' id='word_1_53' title='bbox 939 715 1019 774; x_wconf 88' lang='lat' dir='ltr'><strong>spera</strong></span> <span class='ocrx_word' id='word_1_54' title='bbox 1033 700 1067 756; x_wconf 91' lang='lat' dir='ltr'><strong>de</strong></span> <span class='ocrx_word' id='word_1_55' title='bbox 1082 699 1301 772; x_wconf 87' lang='lat' dir='ltr'><strong>redintegranda</strong></span> <span class='ocrx_word' id='word_1_56' title='bbox 1318 701 1345 755; x_wconf 95' lang='lat' dir='ltr'><strong>in</strong></span> <span class='ocrx_word' id='word_1_57' title='bbox 1356 700 1411 756; x_wconf 91' lang='lat' dir='ltr'><strong>iilis</strong></span> <span class='ocrx_word' id='word_1_58' title='bbox 1424 699 1625 758; x_wconf 83' lang='lat' dir='ltr'><strong>infelicissimis</strong></span> <span class='ocrx_word' id='word_1_59' title='bbox 1635 703 1728 774; x_wconf 90' lang='lat' dir='ltr'><strong>regio·</strong></span> 
     </span>
     <span class='ocr_line' id='line_1_6' title="bbox 98 788 1730 862; baseline -0.001 -14"><span class='ocrx_word' id='word_1_60' title='bbox 98 789 285 848; x_wconf 88' lang='lat' dir='ltr'><strong>Barbarorum</strong></span> <span class='ocrx_word' id='word_1_61' title='bbox 305 789 492 847; x_wconf 82' lang='lat' dir='ltr'><strong>renovandae.</strong></span> <span class='ocrx_word' id='word_1_62' title='bbox 518 793 553 848; x_wconf 86' lang='lat' dir='ltr'><strong>El</strong></span> <span class='ocrx_word' id='word_1_63' title='bbox 574 790 806 862; x_wconf 88' lang='lat' dir='ltr'><strong>eratperioulum</strong></span> <span class='ocrx_word' id='word_1_64' title='bbox 822 805 883 848; x_wconf 87' lang='lat' dir='ltr'><strong>ma-</strong></span> <span class='ocrx_word' id='word_1_65' title='bbox 940 788 1023 846; x_wconf 81' lang='lat' dir='ltr'><strong>nibus</strong></span> <span class='ocrx_word' id='word_1_66' title='bbox 1042 803 1071 844; x_wconf 91' lang='lat' dir='ltr'><strong>ro</strong></span> <span class='ocrx_word' id='word_1_67' title='bbox 1098 788 1248 856; x_wconf 85' lang='lat' dir='ltr'><strong>catholica,</strong></span> <span class='ocrx_word' id='word_1_68' title='bbox 1273 803 1360 860; x_wconf 91' lang='lat' dir='ltr'><strong>quum</strong></span> <span class='ocrx_word' id='word_1_69' title='bbox 1385 788 1522 857; x_wconf 78' lang='lat' dir='ltr'><strong>Ecclesia,</strong></span> <span class='ocrx_word' id='word_1_70' title='bbox 1548 792 1730 860; x_wconf 89' lang='lat' dir='ltr'><strong>quantumvis</strong></span> 
     </span>
     <span class='ocr_line' id='line_1_7' title="bbox 96 876 1553 951; baseline -0.002 -17"><span class='ocrx_word' id='word_1_71' title='bbox 96 893 197 950; x_wconf 89' lang='lat' dir='ltr'><strong>guum.</strong></span> <span class='ocrx_word' id='word_1_72' title='bbox 214 880 255 936; x_wconf 87' lang='lat' dir='ltr'><strong>ile</strong></span> <span class='ocrx_word' id='word_1_73' title='bbox 274 876 375 951; x_wconf 92' lang='lat' dir='ltr'><strong>quibus</strong></span> <span class='ocrx_word' id='word_1_74' title='bbox 388 879 480 936; x_wconf 84' lang='lat' dir='ltr'><strong>blansi</strong></span> <span class='ocrx_word' id='word_1_75' title='bbox 500 878 622 949; x_wconf 92' lang='lat' dir='ltr'><strong>loquitur</strong></span> <span class='ocrx_word' id='word_1_76' title='bbox 639 879 675 936; x_wconf 88' lang='lat' dir='ltr'><strong>ita</strong></span> <span class='ocrx_word' id='word_1_77' title='bbox 697 880 829 936; x_wconf 81' lang='lat' dir='ltr'><strong>:Tartari</strong></span> <span class='ocrx_word' id='word_1_78' title='bbox 847 879 886 935; x_wconf 91' lang='lat' dir='ltr'><strong>iiii</strong></span> <span class='ocrx_word' id='word_1_79' title='bbox 940 883 1083 949; x_wconf 90' lang='lat' dir='ltr'><strong>quassata,</strong></span> <span class='ocrx_word' id='word_1_80' title='bbox 1100 891 1245 948; x_wconf 92' lang='lat' dir='ltr'><strong>nunquam</strong></span> <span class='ocrx_word' id='word_1_81' title='bbox 1263 884 1385 933; x_wconf 88' lang='lat' dir='ltr'><strong>corruat.</strong></span> <span class='ocrx_word' id='word_1_82' title='bbox 1551 891 1553 896; x_wconf 72' lang='grc'>’</span> 
     </span>
     <span class='ocr_line' id='line_1_8' title="bbox 97 964 1730 1039; baseline 0.001 -17"><span class='ocrx_word' id='word_1_83' title='bbox 97 980 154 1023; x_wconf 93' lang='lat' dir='ltr'><strong>non</strong></span> <span class='ocrx_word' id='word_1_84' title='bbox 167 973 234 1024; x_wconf 88' lang='lat' dir='ltr'><strong>ante</strong></span> <span class='ocrx_word' id='word_1_85' title='bbox 243 967 345 1023; x_wconf 90' lang='lat' dir='ltr'><strong>multos</strong></span> <span class='ocrx_word' id='word_1_86' title='bbox 358 967 608 1039; x_wconf 89' lang='lat' dir='ltr'><strong>annosimperium</strong></span> <span class='ocrx_word' id='word_1_87' title='bbox 620 981 705 1024; x_wconf 92' lang='lat' dir='ltr'><strong>suum</strong></span> <span class='ocrx_word' id='word_1_88' title='bbox 718 964 885 1024; x_wconf 79' lang='lat' dir='ltr'><strong>formarunt.</strong></span> <span class='ocrx_word' id='word_1_89' title='bbox 975 965 1058 1037; x_wconf 81' lang='lat' dir='ltr'><strong>Apud</strong></span> <span class='ocrx_word' id='word_1_90' title='bbox 1072 965 1206 1022; x_wconf 90' lang='lat' dir='ltr'><strong>insubres</strong></span> <span class='ocrx_word' id='word_1_91' title='bbox 1215 973 1243 1022; x_wconf 93' lang='lat' dir='ltr'><strong>et</strong></span> <span class='ocrx_word' id='word_1_92' title='bbox 1255 966 1416 1022; x_wconf 88' lang='lat' dir='ltr'><strong>Brixieusos</strong></span> <span class='ocrx_word' id='word_1_93' title='bbox 1428 974 1610 1022; x_wconf 87' lang='lat' dir='ltr'><strong>surrexerunt</strong></span> <span class='ocrx_word' id='word_1_94' title='bbox 1619 982 1730 1039; x_wconf 92' lang='lat' dir='ltr'><strong>quoquc</strong></span> 
     </span>
     <span class='ocr_line' id='line_1_9' title="bbox 96 1053 1730 1128; baseline 0.001 -16"><span class='ocrx_word' id='word_1_95' title='bbox 96 1054 188 1126; x_wconf 84' lang='lat' dir='ltr'><strong>Hujus</strong></span> <span class='ocrx_word' id='word_1_96' title='bbox 203 1053 330 1112; x_wconf 89' lang='lat' dir='ltr'><strong>conditor</strong></span> <span class='ocrx_word' id='word_1_97' title='bbox 345 1055 501 1126; x_wconf 83' lang='lat' dir='ltr'><strong>appelletur</strong></span> <span class='ocrx_word' id='word_1_98' title='bbox 515 1054 674 1127; x_wconf 88' lang='lat' dir='ltr'><strong>Chungius,</strong></span> <span class='ocrx_word' id='word_1_99' title='bbox 696 1071 746 1112; x_wconf 91' lang='lat' dir='ltr'><strong>scu</strong></span> <span class='ocrx_word' id='word_1_100' title='bbox 767 1056 887 1128; x_wconf 89' lang='lat' dir='ltr'><strong>Gingius</strong></span> <span class='ocrx_word' id='word_1_101' title='bbox 942 1054 1135 1125; x_wconf 71' lang='lat' dir='ltr'><strong>haereticiqui</strong></span> <span class='ocrx_word' id='word_1_102' title='bbox 1156 1069 1212 1111; x_wconf 92' lang='lat' dir='ltr'><strong>non</strong></span> <span class='ocrx_word' id='word_1_103' title='bbox 1238 1055 1329 1110; x_wconf 90' lang='lat' dir='ltr'><strong>solum</strong></span> <span class='ocrx_word' id='word_1_104' title='bbox 1351 1055 1487 1111; x_wconf 91' lang='lat' dir='ltr'><strong>ecclesias</strong></span> <span class='ocrx_word' id='word_1_105' title='bbox 1502 1055 1640 1126; x_wconf 91' lang='lat' dir='ltr'><strong>quasdam</strong></span> <span class='ocrx_word' id='word_1_106' title='bbox 1664 1055 1730 1114; x_wconf 88' lang='lat' dir='ltr'><strong>des·</strong></span> 
     </span>
     <span class='ocr_line' id='line_1_10' title="bbox 96 1142 1732 1215; baseline 0.001 -14"><span class='ocrx_word' id='word_1_107' title='bbox 96 1145 165 1202; x_wconf 86' lang='lat' dir='ltr'><strong>Gau.</strong></span> <span class='ocrx_word' id='word_1_108' title='bbox 192 1144 243 1200; x_wconf 91' lang='lat' dir='ltr'><strong>lile</strong></span> <span class='ocrx_word' id='word_1_109' title='bbox 266 1142 398 1200; x_wconf 91' lang='lat' dir='ltr'><strong>subditus</strong></span> <span class='ocrx_word' id='word_1_110' title='bbox 424 1144 556 1215; x_wconf 89' lang='lat' dir='ltr'><strong>primum,</strong></span> <span class='ocrx_word' id='word_1_111' title='bbox 581 1159 614 1200; x_wconf 90' lang='lat' dir='ltr'><strong>ao</strong></span> <span class='ocrx_word' id='word_1_112' title='bbox 637 1143 751 1200; x_wconf 89' lang='lat' dir='ltr'><strong>tandem</strong></span> <span class='ocrx_word' id='word_1_113' title='bbox 772 1145 887 1201; x_wconf 86' lang='lat' dir='ltr'><strong>invasor</strong></span> <span class='ocrx_word' id='word_1_114' title='bbox 942 1149 1087 1200; x_wconf 88' lang='lat' dir='ltr'><strong>traxerunt</strong></span> <span class='ocrx_word' id='word_1_115' title='bbox 1109 1142 1247 1200; x_wconf 89' lang='lat' dir='ltr'><strong>incendiis</strong></span> <span class='ocrx_word' id='word_1_116' title='bbox 1266 1150 1294 1200; x_wconf 86' lang='lat' dir='ltr'><strong>et</strong></span> <span class='ocrx_word' id='word_1_117' title='bbox 1316 1143 1413 1210; x_wconf 92' lang='lat' dir='ltr'><strong>ruinis,</strong></span> <span class='ocrx_word' id='word_1_118' title='bbox 1430 1143 1479 1200; x_wconf 87' lang='lat' dir='ltr'><strong>scd</strong></span> <span class='ocrx_word' id='word_1_119' title='bbox 1500 1143 1732 1215; x_wconf 84' lang='lat' dir='ltr'><strong>blasphemantes</strong></span> 
     </span>
     <span class='ocr_line' id='line_1_11' title="bbox 96 1230 1729 1304; baseline 0.001 -16"><span class='ocrx_word' id='word_1_120' title='bbox 96 1231 887 1304; x_wconf 80' lang='lat' dir='ltr'><strong>regniUng-Cau,quiTurquestan,seuTartoriaeorien-</strong></span> <span class='ocrx_word' id='word_1_121' title='bbox 942 1231 1083 1288; x_wconf 89' lang='lat' dir='ltr'><strong>latrabant</strong></span> <span class='ocrx_word' id='word_1_122' title='bbox 1103 1230 1178 1303; x_wconf 92' lang='lat' dir='ltr'><strong>quod</strong></span> <span class='ocrx_word' id='word_1_123' title='bbox 1198 1232 1482 1289; x_wconf 85' lang='lat' dir='ltr'><strong>excommunicabant</strong></span> <span class='ocrx_word' id='word_1_124' title='bbox 1497 1233 1654 1289; x_wconf 83' lang='lat' dir='ltr'><strong>Ecclesiam</strong></span> <span class='ocrx_word' id='word_1_125' title='bbox 1675 1235 1729 1290; x_wconf 82' lang='lat' dir='ltr'><strong>llo-</strong></span> 
     </span>
     <span class='ocr_line' id='line_1_12' title="bbox 98 1318 1733 1393; baseline 0.001 -17"><span class='ocrx_word' id='word_1_126' title='bbox 98 1321 147 1376; x_wconf 91' lang='lat' dir='ltr'><strong>tali</strong></span> <span class='ocrx_word' id='word_1_127' title='bbox 160 1319 328 1392; x_wconf 89' lang='lat' dir='ltr'><strong>imperabat,</strong></span> <span class='ocrx_word' id='word_1_128' title='bbox 339 1333 482 1376; x_wconf 90' lang='lat' dir='ltr'><strong>armorum</strong></span> <span class='ocrx_word' id='word_1_129' title='bbox 494 1335 610 1377; x_wconf 89' lang='lat' dir='ltr'><strong>suorum</strong></span> <span class='ocrx_word' id='word_1_130' title='bbox 621 1326 757 1378; x_wconf 90' lang='lat' dir='ltr'><strong>terrorem</strong></span> <span class='ocrx_word' id='word_1_131' title='bbox 772 1320 888 1393; x_wconf 91' lang='lat' dir='ltr'><strong>indique</strong></span> <span class='ocrx_word' id='word_1_132' title='bbox 943 1334 1058 1376; x_wconf 86' lang='lat' dir='ltr'><strong>manem</strong></span> <span class='ocrx_word' id='word_1_133' title='bbox 1074 1328 1102 1376; x_wconf 89' lang='lat' dir='ltr'><strong>ct</strong></span> <span class='ocrx_word' id='word_1_134' title='bbox 1117 1319 1245 1392; x_wconf 73' lang='lat' dir='ltr'><strong>eiusdem</strong></span> <span class='ocrx_word' id='word_1_135' title='bbox 1257 1318 1415 1376; x_wconf 89' lang='lat' dir='ltr'><strong>doctrinam</strong></span> <span class='ocrx_word' id='word_1_136' title='bbox 1434 1329 1596 1392; x_wconf 90' lang='lat' dir='ltr'><strong>sequentes.</strong></span> <span class='ocrx_word' id='word_1_137' title='bbox 1608 1323 1646 1378; x_wconf 93' lang='lat' dir='ltr'><strong>·In</strong></span> <span class='ocrx_word' id='word_1_138' title='bbox 1661 1337 1733 1392; x_wconf 94' lang='lat' dir='ltr'><strong>quos</strong></span> 
     </span>
     <span class='ocr_line' id='line_1_13' title="bbox 96 1406 1731 1481; baseline 0 -15"><span class='ocrx_word' id='word_1_139' title='bbox 96 1423 250 1481; x_wconf 88' lang='lat' dir='ltr'><strong>spargens,</strong></span> <span class='ocrx_word' id='word_1_140' title='bbox 274 1408 361 1480; x_wconf 89' lang='lat' dir='ltr'><strong>longe</strong></span> <span class='ocrx_word' id='word_1_141' title='bbox 382 1406 494 1478; x_wconf 89' lang='lat' dir='ltr'><strong>iateque</strong></span> <span class='ocrx_word' id='word_1_142' title='bbox 518 1408 669 1480; x_wconf 92' lang='lat' dir='ltr'><strong>imperium</strong></span> <span class='ocrx_word' id='word_1_143' title='bbox 694 1406 833 1478; x_wconf 88' lang='lat' dir='ltr'><strong>dilatavit,</strong></span> <span class='ocrx_word' id='word_1_144' title='bbox 860 1415 889 1465; x_wconf 91' lang='lat' dir='ltr'><strong>et</strong></span> <span class='ocrx_word' id='word_1_145' title='bbox 942 1408 1126 1464; x_wconf 88' lang='lat' dir='ltr'><strong>vehementer</strong></span> <span class='ocrx_word' id='word_1_146' title='bbox 1138 1408 1261 1480; x_wconf 89' lang='lat' dir='ltr'><strong>loquitur</strong></span> <span class='ocrx_word' id='word_1_147' title='bbox 1277 1409 1439 1465; x_wconf 82' lang='lat' dir='ltr'><strong>Honorius:</strong></span> <span class='ocrx_word' id='word_1_148' title='bbox 1456 1408 1595 1467; x_wconf 86' lang='lat' dir='ltr'><strong>Volumus</strong></span> <span class='ocrx_word' id='word_1_149' title='bbox 1606 1416 1634 1466; x_wconf 90' lang='lat' dir='ltr'><strong>et</strong></span> <span class='ocrx_word' id='word_1_150' title='bbox 1649 1425 1731 1466; x_wconf 93' lang='lat' dir='ltr'><strong>man-</strong></span> 
     </span>
     <span class='ocr_line' id='line_1_14' title="bbox 97 1494 1731 1570; baseline 0.001 -17"><span class='ocrx_word' id='word_1_151' title='bbox 97 1496 269 1568; x_wconf 79' lang='lat' dir='ltr'><strong>ampiiaudae</strong></span> <span class='ocrx_word' id='word_1_152' title='bbox 292 1511 351 1552; x_wconf 75' lang='lat' dir='ltr'><strong>sue</strong></span> <span class='ocrx_word' id='word_1_153' title='bbox 378 1494 493 1552; x_wconf 90' lang='lat' dir='ltr'><strong>ditionis</strong></span> <span class='ocrx_word' id='word_1_154' title='bbox 518 1511 614 1564; x_wconf 90' lang='lat' dir='ltr'><strong>causa,</strong></span> <span class='ocrx_word' id='word_1_155' title='bbox 638 1510 717 1553; x_wconf 91' lang='lat' dir='ltr'><strong>arma</strong></span> <span class='ocrx_word' id='word_1_156' title='bbox 744 1498 830 1554; x_wconf 91' lang='lat' dir='ltr'><strong>etiam</strong></span> <span class='ocrx_word' id='word_1_157' title='bbox 859 1497 887 1552; x_wconf 93' lang='lat' dir='ltr'><strong>in</strong></span> <span class='ocrx_word' id='word_1_158' title='bbox 943 1494 1054 1564; x_wconf 88' lang='lat' dir='ltr'><strong>demus,</strong></span> <span class='ocrx_word' id='word_1_159' title='bbox 1070 1497 1171 1569; x_wconf 92' lang='lat' dir='ltr'><strong>inquit,</strong></span> <span class='ocrx_word' id='word_1_160' title='bbox 1188 1503 1219 1553; x_wconf 90' lang='lat' dir='ltr'><strong>ut</strong></span> <span class='ocrx_word' id='word_1_161' title='bbox 1239 1503 1329 1553; x_wconf 90' lang='lat' dir='ltr'><strong>turres</strong></span> <span class='ocrx_word' id='word_1_162' title='bbox 1349 1504 1473 1553; x_wconf 88' lang='lat' dir='ltr'><strong>armatas</strong></span> <span class='ocrx_word' id='word_1_163' title='bbox 1498 1497 1534 1554; x_wconf 91' lang='lat' dir='ltr'><strong>de</strong></span> <span class='ocrx_word' id='word_1_164' title='bbox 1549 1497 1651 1568; x_wconf 91' lang='lat' dir='ltr'><strong>quibus</strong></span> <span class='ocrx_word' id='word_1_165' title='bbox 1665 1514 1731 1570; x_wconf 88' lang='lat' dir='ltr'><strong>spe-</strong></span> 
     </span>
     <span class='ocr_line' id='line_1_15' title="bbox 97 1583 1734 1658; baseline 0 -15"><span class='ocrx_word' id='word_1_166' title='bbox 97 1586 278 1658; x_wconf 87' lang='lat' dir='ltr'><strong>Georgianos</strong></span> <span class='ocrx_word' id='word_1_167' title='bbox 302 1584 372 1642; x_wconf 87' lang='lat' dir='ltr'><strong>tulit.</strong></span> <span class='ocrx_word' id='word_1_168' title='bbox 395 1587 559 1656; x_wconf 85' lang='lat' dir='ltr'><strong>Propterea,</strong></span> <span class='ocrx_word' id='word_1_169' title='bbox 582 1585 683 1658; x_wconf 91' lang='lat' dir='ltr'><strong>regina</strong></span> <span class='ocrx_word' id='word_1_170' title='bbox 707 1585 838 1658; x_wconf 80' lang='lat' dir='ltr'><strong>Georgiae</strong></span> <span class='ocrx_word' id='word_1_171' title='bbox 853 1585 888 1642; x_wconf 90' lang='lat' dir='ltr'><strong>ad</strong></span> <span class='ocrx_word' id='word_1_172' title='bbox 943 1585 1043 1642; x_wconf 87' lang='lat' dir='ltr'><strong>elalius</strong></span> <span class='ocrx_word' id='word_1_173' title='bbox 1057 1591 1085 1641; x_wconf 89' lang='lat' dir='ltr'><strong>et</strong></span> <span class='ocrx_word' id='word_1_174' title='bbox 1100 1583 1298 1641; x_wconf 89' lang='lat' dir='ltr'><strong>vehementius</strong></span> <span class='ocrx_word' id='word_1_175' title='bbox 1313 1584 1348 1641; x_wconf 92' lang='lat' dir='ltr'><strong>ad</strong></span> <span class='ocrx_word' id='word_1_176' title='bbox 1364 1585 1491 1643; x_wconf 87' lang='lat' dir='ltr'><strong>insanias</strong></span> <span class='ocrx_word' id='word_1_177' title='bbox 1512 1585 1674 1658; x_wconf 84' lang='lat' dir='ltr'><strong>hujusmodi</strong></span> <span class='ocrx_word' id='word_1_178' title='bbox 1690 1594 1734 1644; x_wconf 90' lang='lat' dir='ltr'><strong>est</strong></span> 
     </span>
     <span class='ocr_line' id='line_1_16' title="bbox 98 1671 1731 1747; baseline 0.001 -17"><span class='ocrx_word' id='word_1_179' title='bbox 98 1673 258 1730; x_wconf 84' lang='lat' dir='ltr'><strong>Honorium</strong></span> <span class='ocrx_word' id='word_1_180' title='bbox 270 1673 377 1730; x_wconf 90' lang='lat' dir='ltr'><strong>litteras</strong></span> <span class='ocrx_word' id='word_1_181' title='bbox 386 1673 471 1741; x_wconf 86' lang='lat' dir='ltr'><strong>misit,</strong></span> <span class='ocrx_word' id='word_1_182' title='bbox 488 1671 633 1743; x_wconf 88' lang='lat' dir='ltr'><strong>inquibus</strong></span> <span class='ocrx_word' id='word_1_183' title='bbox 648 1679 744 1730; x_wconf 88' lang='lat' dir='ltr'><strong>narrat</strong></span> <span class='ocrx_word' id='word_1_184' title='bbox 757 1673 889 1730; x_wconf 85' lang='lat' dir='ltr'><strong>Tartaros</strong></span> <span class='ocrx_word' id='word_1_185' title='bbox 943 1685 1120 1744; x_wconf 89' lang='lat' dir='ltr'><strong>processum,</strong></span> <span class='ocrx_word' id='word_1_186' title='bbox 1132 1671 1278 1730; x_wconf 82' lang='lat' dir='ltr'><strong>diruantur</strong></span> <span class='ocrx_word' id='word_1_187' title='bbox 1290 1673 1417 1740; x_wconf 90' lang='lat' dir='ltr'><strong>omniuo,</strong></span> <span class='ocrx_word' id='word_1_188' title='bbox 1430 1681 1458 1730; x_wconf 90' lang='lat' dir='ltr'><strong>et</strong></span> <span class='ocrx_word' id='word_1_189' title='bbox 1472 1689 1562 1745; x_wconf 89' lang='lat' dir='ltr'><strong>usque</strong></span> <span class='ocrx_word' id='word_1_190' title='bbox 1584 1675 1620 1731; x_wconf 91' lang='lat' dir='ltr'><strong>ad</strong></span> <span class='ocrx_word' id='word_1_191' title='bbox 1633 1676 1731 1747; x_wconf 89' lang='lat' dir='ltr'><strong>puive-</strong></span> 
     </span>
     <span class='ocr_line' id='line_1_17' title="bbox 97 1759 1733 1834; baseline 0.002 -17"><span class='ocrx_word' id='word_1_192' title='bbox 97 1761 223 1834; x_wconf 89' lang='lat' dir='ltr'><strong>prlmum</strong></span> <span class='ocrx_word' id='word_1_193' title='bbox 238 1762 331 1818; x_wconf 92' lang='lat' dir='ltr'><strong>crucis</strong></span> <span class='ocrx_word' id='word_1_194' title='bbox 353 1761 468 1834; x_wconf 89' lang='lat' dir='ltr'><strong>signum</strong></span> <span class='ocrx_word' id='word_1_195' title='bbox 492 1761 638 1832; x_wconf 86' lang='lat' dir='ltr'><strong>accepisse</strong></span> <span class='ocrx_word' id='word_1_196' title='bbox 658 1760 693 1818; x_wconf 90' lang='lat' dir='ltr'><strong>ad</strong></span> <span class='ocrx_word' id='word_1_197' title='bbox 714 1760 889 1818; x_wconf 91' lang='lat' dir='ltr'><strong>illudendum</strong></span> <span class='ocrx_word' id='word_1_198' title='bbox 944 1775 1003 1824; x_wconf 84' lang='lat' dir='ltr'><strong>rena</strong></span> <span class='ocrx_word' id='word_1_199' title='bbox 1025 1759 1218 1829; x_wconf 89' lang='lat' dir='ltr'><strong>detrahantur,</strong></span> <span class='ocrx_word' id='word_1_200' title='bbox 1246 1775 1304 1820; x_wconf 90' lang='lat' dir='ltr'><strong>uon</strong></span> <span class='ocrx_word' id='word_1_201' title='bbox 1331 1761 1536 1818; x_wconf 79' lang='lat' dir='ltr'><strong>reaediiicnndae</strong></span> <span class='ocrx_word' id='word_1_202' title='bbox 1555 1763 1590 1820; x_wconf 92' lang='lat' dir='ltr'><strong>de</strong></span> <span class='ocrx_word' id='word_1_203' title='bbox 1619 1771 1733 1834; x_wconf 73' lang='lat' dir='ltr'><strong>cetero,</strong></span> 
     </span>
     <span class='ocr_line' id='line_1_18' title="bbox 15 1847 1732 1926; baseline 0.001 -20"><span class='ocrx_word' id='word_1_204' title='bbox 15 1921 16 1926; x_wconf 8' lang='grc' dir='ltr'>ἵ</span> <span class='ocrx_word' id='word_1_205' title='bbox 96 1857 124 1906; x_wconf 89' lang='lat' dir='ltr'><strong>et</strong></span> <span class='ocrx_word' id='word_1_206' title='bbox 138 1851 296 1906; x_wconf 87' lang='lat' dir='ltr'><strong>exercitum</strong></span> <span class='ocrx_word' id='word_1_207' title='bbox 317 1847 433 1918; x_wconf 78' lang='lat' dir='ltr'><strong>fudisse,</strong></span> <span class='ocrx_word' id='word_1_208' title='bbox 452 1848 503 1906; x_wconf 88' lang='lat' dir='ltr'><strong>scd</strong></span> <span class='ocrx_word' id='word_1_209' title='bbox 518 1854 615 1920; x_wconf 86' lang='lat' dir='ltr'><strong>postea</strong></span> <span class='ocrx_word' id='word_1_210' title='bbox 634 1849 790 1922; x_wconf 85' lang='lat' dir='ltr'><strong>Georgiaoi</strong></span> <span class='ocrx_word' id='word_1_211' title='bbox 805 1863 889 1906; x_wconf 90' lang='lat' dir='ltr'><strong>suurn</strong></span> <span class='ocrx_word' id='word_1_212' title='bbox 943 1850 989 1906; x_wconf 86' lang='lat' dir='ltr'><strong>vel</strong></span> <span class='ocrx_word' id='word_1_213' title='bbox 1003 1849 1032 1906; x_wconf 90' lang='lat' dir='ltr'><strong>iu</strong></span> <span class='ocrx_word' id='word_1_214' title='bbox 1048 1863 1165 1908; x_wconf 84' lang='lat' dir='ltr'><strong>acervos</strong></span> <span class='ocrx_word' id='word_1_215' title='bbox 1179 1849 1305 1921; x_wconf 90' lang='lat' dir='ltr'><strong>lapidum</strong></span> <span class='ocrx_word' id='word_1_216' title='bbox 1320 1851 1349 1906; x_wconf 89' lang='lat' dir='ltr'><strong>in</strong></span> <span class='ocrx_word' id='word_1_217' title='bbox 1369 1851 1537 1906; x_wconf 90' lang='lat' dir='ltr'><strong>memoriam</strong></span> <span class='ocrx_word' id='word_1_218' title='bbox 1563 1858 1592 1907; x_wconf 91' lang='lat' dir='ltr'><strong>et</strong></span> <span class='ocrx_word' id='word_1_219' title='bbox 1606 1853 1732 1908; x_wconf 85' lang='lat' dir='ltr'><strong>testimo·</strong></span> 
     </span>
     <span class='ocr_line' id='line_1_19' title="bbox 96 1936 1737 2012; baseline 0.001 -18"><span class='ocrx_word' id='word_1_220' title='bbox 96 1952 226 1995; x_wconf 90' lang='lat' dir='ltr'><strong>errorem</strong></span> <span class='ocrx_word' id='word_1_221' title='bbox 241 1945 432 2009; x_wconf 83' lang='lat' dir='ltr'><strong>agnoscentes</strong></span> <span class='ocrx_word' id='word_1_222' title='bbox 449 1937 553 1994; x_wconf 91' lang='lat' dir='ltr'><strong>multos</strong></span> <span class='ocrx_word' id='word_1_223' title='bbox 573 1936 747 2006; x_wconf 86' lang='lat' dir='ltr'><strong>ceciderunt,</strong></span> <span class='ocrx_word' id='word_1_224' title='bbox 768 1945 797 1995; x_wconf 90' lang='lat' dir='ltr'><strong>et</strong></span> <span class='ocrx_word' id='word_1_225' title='bbox 809 1939 889 2010; x_wconf 91' lang='lat' dir='ltr'><strong>quasi</strong></span> <span class='ocrx_word' id='word_1_226' title='bbox 944 1938 1022 1995; x_wconf 93' lang='lat' dir='ltr'><strong>nium</strong></span> <span class='ocrx_word' id='word_1_227' title='bbox 1039 1953 1132 2011; x_wconf 81' lang='lat' dir='ltr'><strong>poeoae</strong></span> <span class='ocrx_word' id='word_1_228' title='bbox 1144 1945 1228 1996; x_wconf 85' lang='lat' dir='ltr'><strong>tantae</strong></span> <span class='ocrx_word' id='word_1_229' title='bbox 1243 1939 1376 2008; x_wconf 86' lang='lat' dir='ltr'><strong>vesaniae,</strong></span> <span class='ocrx_word' id='word_1_230' title='bbox 1391 1940 1518 2010; x_wconf 90' lang='lat' dir='ltr'><strong>tantique</strong></span> <span class='ocrx_word' id='word_1_231' title='bbox 1533 1940 1660 1997; x_wconf 91' lang='lat' dir='ltr'><strong>criminis</strong></span> <span class='ocrx_word' id='word_1_232' title='bbox 1676 1955 1737 2012; x_wconf 90' lang='lat' dir='ltr'><strong>per·</strong></span> 
     </span>
     <span class='ocr_line' id='line_1_20' title="bbox 97 2025 1738 2100; baseline 0.002 -18"><span class='ocrx_word' id='word_1_233' title='bbox 97 2025 133 2083; x_wconf 91' lang='lat' dir='ltr'><strong>ad</strong></span> <span class='ocrx_word' id='word_1_234' title='bbox 148 2027 255 2099; x_wconf 86' lang='lat' dir='ltr'><strong>viginti</strong></span> <span class='ocrx_word' id='word_1_235' title='bbox 266 2027 363 2082; x_wconf 91' lang='lat' dir='ltr'><strong>miliia.</strong></span> <span class='ocrx_word' id='word_1_236' title='bbox 944 2039 1095 2096; x_wconf 70' lang='lat' dir='ltr'><strong>mansurae.</strong></span> <span class='ocrx_word' id='word_1_237' title='bbox 1110 2029 1141 2084; x_wconf 91' lang='lat' dir='ltr'><strong>in</strong></span> <span class='ocrx_word' id='word_1_238' title='bbox 1163 2025 1266 2098; x_wconf 89' lang='lat' dir='ltr'><strong>quibus</strong></span> <span class='ocrx_word' id='word_1_239' title='bbox 1280 2027 1397 2088; x_wconf 89' lang='lat' dir='ltr'><strong>vocibus</strong></span> <span class='ocrx_word' id='word_1_240' title='bbox 1415 2025 1576 2084; x_wconf 90' lang='lat' dir='ltr'><strong>audivimus</strong></span> <span class='ocrx_word' id='word_1_241' title='bbox 1590 2029 1668 2085; x_wconf 90' lang='lat' dir='ltr'><strong>iilum</strong></span> <span class='ocrx_word' id='word_1_242' title='bbox 1689 2029 1738 2100; x_wconf 92' lang='lat' dir='ltr'><strong>qui</strong></span> 
     </span>
    </p>

    <p class='ocr_par' dir='ltr' id='par_1_3' title="bbox 94 2101 1739 2985">
     <span class='ocr_line' id='line_1_21' title="bbox 131 2101 1615 2187; baseline 0.001 -16"><span class='ocrx_word' id='word_1_243' title='bbox 131 2117 166 2171; x_wconf 90' lang='lat' dir='ltr'><strong>In</strong></span> <span class='ocrx_word' id='word_1_244' title='bbox 188 2128 265 2171; x_wconf 91' lang='lat' dir='ltr'><strong>anno</strong></span> <span class='ocrx_word' id='word_1_245' title='bbox 283 2115 423 2185; x_wconf 87' lang='lat' dir='ltr'><strong>sequenti,</strong></span> <span class='ocrx_word' id='word_1_246' title='bbox 443 2112 472 2171; x_wconf 94' lang='lat' dir='ltr'><strong>id</strong></span> <span class='ocrx_word' id='word_1_247' title='bbox 496 2121 539 2170; x_wconf 94' lang='lat' dir='ltr'><strong>est</strong></span> <span class='ocrx_word' id='word_1_248' title='bbox 560 2113 589 2170; x_wconf 94' lang='lat' dir='ltr'><strong>iu</strong></span> <span class='ocrx_word' id='word_1_249' title='bbox 607 2127 682 2170; x_wconf 90' lang='lat' dir='ltr'><strong>anno</strong></span> <span class='ocrx_word' id='word_1_250' title='bbox 704 2129 779 2171; x_wconf 93' lang='lat' dir='ltr'><strong>nono</strong></span> <span class='ocrx_word' id='word_1_251' title='bbox 799 2115 889 2187; x_wconf 91' lang='lat' dir='ltr'><strong>ponti·</strong></span> <span class='ocrx_word' id='word_1_252' title='bbox 940 2114 1030 2182; x_wconf 49' lang='lat' dir='ltr'><strong>¹verba</strong></span> <span class='ocrx_word' id='word_1_253' title='bbox 1046 2113 1151 2187; x_wconf 89' lang='lat' dir='ltr'><strong>proiert</strong></span> <span class='ocrx_word' id='word_1_254' title='bbox 1163 2121 1300 2186; x_wconf 92' lang='lat' dir='ltr'><strong>tanquam</strong></span> <span class='ocrx_word' id='word_1_255' title='bbox 1315 2101 1482 2187; x_wconf 89' lang='lat' dir='ltr'><strong>potestatem</strong></span> <span class='ocrx_word' id='word_1_256' title='bbox 1496 2115 1615 2173; x_wconf 84' lang='lat' dir='ltr'><strong>itabens.</strong></span> 
     </span>
     <span class='ocr_line' id='line_1_22' title="bbox 96 2189 1736 2278; baseline 0.001 -18"><span class='ocrx_word' id='word_1_257' title='bbox 96 2201 212 2272; x_wconf 80' lang='lat' dir='ltr'><strong>beatas,</strong></span> <span class='ocrx_word' id='word_1_258' title='bbox 231 2203 307 2260; x_wconf 90' lang='lat' dir='ltr'><strong>misit</strong></span> <span class='ocrx_word' id='word_1_259' title='bbox 325 2203 467 2260; x_wconf 85' lang='lat' dir='ltr'><strong>Honorius</strong></span> <span class='ocrx_word' id='word_1_260' title='bbox 479 2201 550 2258; x_wconf 92' lang='lat' dir='ltr'><strong>duos</strong></span> <span class='ocrx_word' id='word_1_261' title='bbox 562 2200 720 2259; x_wconf 88' lang='lat' dir='ltr'><strong>cardinales</strong></span> <span class='ocrx_word' id='word_1_262' title='bbox 734 2201 770 2258; x_wconf 92' lang='lat' dir='ltr'><strong>ad</strong></span> <span class='ocrx_word' id='word_1_263' title='bbox 785 2201 887 2260; x_wconf 84' lang='lat' dir='ltr'><strong>Frede·</strong></span> <span class='ocrx_word' id='word_1_264' title='bbox 979 2205 1108 2260; x_wconf 89' lang='lat' dir='ltr'><strong>Isannus</strong></span> <span class='ocrx_word' id='word_1_265' title='bbox 1123 2211 1167 2260; x_wconf 90' lang='lat' dir='ltr'><strong>est</strong></span> <span class='ocrx_word' id='word_1_266' title='bbox 1180 2205 1209 2260; x_wconf 90' lang='lat' dir='ltr'><strong>in</strong></span> <span class='ocrx_word' id='word_1_267' title='bbox 1225 2218 1281 2274; x_wconf 92' lang='lat' dir='ltr'><strong>quo</strong></span> <span class='ocrx_word' id='word_1_268' title='bbox 1292 2203 1416 2276; x_wconf 86' lang='lat' dir='ltr'><strong>insignis</strong></span> <span class='ocrx_word' id='word_1_269' title='bbox 1430 2195 1577 2276; x_wconf 86' lang='lat' dir='ltr'><strong>impostor,</strong></span> <span class='ocrx_word' id='word_1_270' title='bbox 1587 2189 1615 2260; x_wconf 76' lang='lat' dir='ltr'><strong>ir&#39;r</strong></span> <span class='ocrx_word' id='word_1_271' title='bbox 1626 2206 1736 2278; x_wconf 83' lang='lat' dir='ltr'><strong>Belgis,</strong></span> 
     </span>
     <span class='ocr_line' id='line_1_23' title="bbox 95 2290 1738 2366; baseline 0.003 -20"><span class='ocrx_word' id='word_1_272' title='bbox 95 2291 201 2359; x_wconf 90' lang='lat' dir='ltr'><strong>ricum,</strong></span> <span class='ocrx_word' id='word_1_273' title='bbox 218 2291 265 2364; x_wconf 91' lang='lat' dir='ltr'><strong>qui</strong></span> <span class='ocrx_word' id='word_1_274' title='bbox 280 2299 373 2350; x_wconf 86' lang='lat' dir='ltr'><strong>cartas</strong></span> <span class='ocrx_word' id='word_1_275' title='bbox 388 2291 469 2363; x_wconf 90' lang='lat' dir='ltr'><strong>leges</strong></span> <span class='ocrx_word' id='word_1_276' title='bbox 485 2295 685 2362; x_wconf 85' lang='lat' dir='ltr'><strong>proponerem.</strong></span> <span class='ocrx_word' id='word_1_277' title='bbox 702 2305 773 2362; x_wconf 90' lang='lat' dir='ltr'><strong>quas</strong></span> <span class='ocrx_word' id='word_1_278' title='bbox 785 2291 810 2347; x_wconf 92' lang='lat' dir='ltr'><strong>si</strong></span> <span class='ocrx_word' id='word_1_279' title='bbox 825 2294 890 2348; x_wconf 86' lang='lat' dir='ltr'><strong>Fre·</strong></span> <span class='ocrx_word' id='word_1_280' title='bbox 944 2291 1023 2348; x_wconf 89' lang='lat' dir='ltr'><strong>visus</strong></span> <span class='ocrx_word' id='word_1_281' title='bbox 1037 2299 1080 2348; x_wconf 90' lang='lat' dir='ltr'><strong>est</strong></span> <span class='ocrx_word' id='word_1_282' title='bbox 1095 2294 1142 2364; x_wconf 94' lang='lat' dir='ltr'><strong>qui</strong></span> <span class='ocrx_word' id='word_1_283' title='bbox 1154 2307 1185 2348; x_wconf 91' lang='lat' dir='ltr'><strong>se</strong></span> <span class='ocrx_word' id='word_1_284' title='bbox 1206 2290 1375 2348; x_wconf 90' lang='lat' dir='ltr'><strong>Balduinum</strong></span> <span class='ocrx_word' id='word_1_285' title='bbox 1393 2293 1738 2366; x_wconf 77' lang='lat' dir='ltr'><strong>constantinopolitanum</strong></span> 
     </span>
     <span class='ocr_line' id='line_1_24' title="bbox 95 2378 1736 2452; baseline 0.002 -16"><span class='ocrx_word' id='word_1_286' title='bbox 95 2378 211 2436; x_wconf 88' lang='lat' dir='ltr'><strong>dericus</strong></span> <span class='ocrx_word' id='word_1_287' title='bbox 227 2379 354 2448; x_wconf 81' lang='lat' dir='ltr'><strong>violaret,</strong></span> <span class='ocrx_word' id='word_1_288' title='bbox 369 2378 550 2436; x_wconf 91' lang='lat' dir='ltr'><strong>anathemate</strong></span> <span class='ocrx_word' id='word_1_289' title='bbox 565 2379 743 2449; x_wconf 88' lang='lat' dir='ltr'><strong>plecteretur,</strong></span> <span class='ocrx_word' id='word_1_290' title='bbox 759 2380 889 2436; x_wconf 90' lang='lat' dir='ltr'><strong>scilicet:</strong></span> <span class='ocrx_word' id='word_1_291' title='bbox 945 2381 1146 2452; x_wconf 85' lang='lat' dir='ltr'><strong>imperatorem</strong></span> <span class='ocrx_word' id='word_1_292' title='bbox 1160 2379 1321 2448; x_wconf 88' lang='lat' dir='ltr'><strong>simulabat,</strong></span> <span class='ocrx_word' id='word_1_293' title='bbox 1340 2386 1368 2436; x_wconf 90' lang='lat' dir='ltr'><strong>el</strong></span> <span class='ocrx_word' id='word_1_294' title='bbox 1389 2381 1529 2452; x_wconf 91' lang='lat' dir='ltr'><strong>supplicio</strong></span> <span class='ocrx_word' id='word_1_295' title='bbox 1545 2381 1663 2440; x_wconf 77' lang='lat' dir='ltr'><strong>abiectus</strong></span> <span class='ocrx_word' id='word_1_296' title='bbox 1684 2391 1736 2440; x_wconf 91' lang='lat' dir='ltr'><strong>est.</strong></span> 
     </span>
     <span class='ocr_line' id='line_1_25' title="bbox 95 2466 1736 2543; baseline 0.002 -18"><span class='ocrx_word' id='word_1_297' title='bbox 95 2469 175 2526; x_wconf 89' lang='lat' dir='ltr'><strong>intra</strong></span> <span class='ocrx_word' id='word_1_298' title='bbox 187 2466 307 2524; x_wconf 93' lang='lat' dir='ltr'><strong>duorum</strong></span> <span class='ocrx_word' id='word_1_299' title='bbox 322 2481 461 2524; x_wconf 89' lang='lat' dir='ltr'><strong>annorum</strong></span> <span class='ocrx_word' id='word_1_300' title='bbox 477 2466 600 2538; x_wconf 89' lang='lat' dir='ltr'><strong>spatium</strong></span> <span class='ocrx_word' id='word_1_301' title='bbox 615 2466 712 2539; x_wconf 89' lang='lat' dir='ltr'><strong>copias</strong></span> <span class='ocrx_word' id='word_1_302' title='bbox 726 2468 756 2523; x_wconf 92' lang='lat' dir='ltr'><strong>in</strong></span> <span class='ocrx_word' id='word_1_303' title='bbox 776 2469 891 2525; x_wconf 83' lang='lat' dir='ltr'><strong>Terram</strong></span> <span class='ocrx_word' id='word_1_304' title='bbox 946 2470 982 2526; x_wconf 89' lang='lat' dir='ltr'><strong>Ut</strong></span> <span class='ocrx_word' id='word_1_305' title='bbox 996 2466 1106 2524; x_wconf 83' lang='lat' dir='ltr'><strong>insidiae</strong></span> <span class='ocrx_word' id='word_1_306' title='bbox 1120 2468 1298 2537; x_wconf 87' lang='lat' dir='ltr'><strong>bellatorum,</strong></span> <span class='ocrx_word' id='word_1_307' title='bbox 1315 2468 1356 2525; x_wconf 90' lang='lat' dir='ltr'><strong>sic</strong></span> <span class='ocrx_word' id='word_1_308' title='bbox 1371 2467 1447 2525; x_wconf 89' lang='lat' dir='ltr'><strong>iraus</strong></span> <span class='ocrx_word' id='word_1_309' title='bbox 1458 2469 1604 2540; x_wconf 76' lang='lat' dir='ltr'><strong>cuiusdam</strong></span> <span class='ocrx_word' id='word_1_310' title='bbox 1618 2472 1736 2543; x_wconf 85' lang='lat' dir='ltr'><strong>privati:</strong></span> 
     </span>
     <span class='ocr_line' id='line_1_26' title="bbox 96 2553 1739 2630; baseline 0.003 -18"><span class='ocrx_word' id='word_1_311' title='bbox 96 2557 234 2613; x_wconf 90' lang='lat' dir='ltr'><strong>Sanctam</strong></span> <span class='ocrx_word' id='word_1_312' title='bbox 254 2554 378 2622; x_wconf 87' lang='lat' dir='ltr'><strong>duceret,</strong></span> <span class='ocrx_word' id='word_1_313' title='bbox 398 2555 474 2611; x_wconf 89' lang='lat' dir='ltr'><strong>mille</strong></span> <span class='ocrx_word' id='word_1_314' title='bbox 496 2554 606 2626; x_wconf 85' lang='lat' dir='ltr'><strong>equites</strong></span> <span class='ocrx_word' id='word_1_315' title='bbox 626 2553 742 2611; x_wconf 90' lang='lat' dir='ltr'><strong>biennio</strong></span> <span class='ocrx_word' id='word_1_316' title='bbox 765 2556 793 2612; x_wconf 92' lang='lat' dir='ltr'><strong>iu</strong></span> <span class='ocrx_word' id='word_1_317' title='bbox 814 2555 890 2626; x_wconf 76' lang='lat' dir='ltr'><strong>ep’us-</strong></span> <span class='ocrx_word' id='word_1_318' title='bbox 947 2557 1021 2613; x_wconf 90' lang='lat' dir='ltr'><strong>uuila</strong></span> <span class='ocrx_word' id='word_1_319' title='bbox 1037 2571 1103 2629; x_wconf 88' lang='lat' dir='ltr'><strong>spes</strong></span> <span class='ocrx_word' id='word_1_320' title='bbox 1118 2564 1165 2614; x_wconf 91' lang='lat' dir='ltr'><strong>aut</strong></span> <span class='ocrx_word' id='word_1_321' title='bbox 1186 2555 1253 2613; x_wconf 87' lang='lat' dir='ltr'><strong>bulo</strong></span> <span class='ocrx_word' id='word_1_322' title='bbox 1272 2563 1320 2613; x_wconf 90' lang='lat' dir='ltr'><strong>aut</strong></span> <span class='ocrx_word' id='word_1_323' title='bbox 1333 2557 1388 2614; x_wconf 89' lang='lat' dir='ltr'><strong>illis</strong></span> <span class='ocrx_word' id='word_1_324' title='bbox 1406 2557 1460 2614; x_wconf 89' lang='lat' dir='ltr'><strong>uisi</strong></span> <span class='ocrx_word' id='word_1_325' title='bbox 1476 2559 1690 2630; x_wconf 82' lang='lat' dir='ltr'><strong>crucesignatos</strong></span> <span class='ocrx_word' id='word_1_326' title='bbox 1707 2575 1739 2617; x_wconf 90' lang='lat' dir='ltr'><strong>sa</strong></span> 
     </span>
     <span class='ocr_line' id='line_1_27' title="bbox 95 2642 1572 2716; baseline 0.002 -16"><span class='ocrx_word' id='word_1_327' title='bbox 95 2644 162 2700; x_wconf 92' lang='lat' dir='ltr'><strong>dem</strong></span> <span class='ocrx_word' id='word_1_328' title='bbox 175 2643 333 2700; x_wconf 88' lang='lat' dir='ltr'><strong>subsidium</strong></span> <span class='ocrx_word' id='word_1_329' title='bbox 346 2642 507 2711; x_wconf 86' lang='lat' dir='ltr'><strong>sustineret,</strong></span> <span class='ocrx_word' id='word_1_330' title='bbox 520 2650 633 2700; x_wconf 91' lang='lat' dir='ltr'><strong>centum</strong></span> <span class='ocrx_word' id='word_1_331' title='bbox 642 2643 757 2700; x_wconf 92' lang='lat' dir='ltr'><strong>navium</strong></span> <span class='ocrx_word' id='word_1_332' title='bbox 771 2645 892 2702; x_wconf 89' lang='lat' dir='ltr'><strong>classem</strong></span> <span class='ocrx_word' id='word_1_333' title='bbox 947 2645 1145 2702; x_wconf 87' lang='lat' dir='ltr'><strong>ostendebant.</strong></span> <span class='ocrx_word' id='word_1_334' title='bbox 1162 2647 1196 2702; x_wconf 82' lang='lat' dir='ltr'><strong>m</strong></span> <span class='ocrx_word' id='word_1_335' title='bbox 1210 2644 1265 2702; x_wconf 93' lang='lat' dir='ltr'><strong>boc</strong></span> <span class='ocrx_word' id='word_1_336' title='bbox 1278 2659 1391 2716; x_wconf 91' lang='lat' dir='ltr'><strong>quoque</strong></span> <span class='ocrx_word' id='word_1_337' title='bbox 1404 2646 1572 2704; x_wconf 91' lang='lat' dir='ltr'><strong>notandum.</strong></span> 
     </span>
     <span class='ocr_line' id='line_1_28' title="bbox 94 2707 1738 2806; baseline 0.004 -19"><span class='ocrx_word' id='word_1_338' title='bbox 94 2731 250 2798; x_wconf 82' lang='lat' dir='ltr'><strong>conflaret,</strong></span> <span class='ocrx_word' id='word_1_339' title='bbox 266 2731 471 2802; x_wconf 87' lang='lat' dir='ltr'><strong>quinquaginta</strong></span> <span class='ocrx_word' id='word_1_340' title='bbox 487 2731 618 2787; x_wconf 91' lang='lat' dir='ltr'><strong>triremes</strong></span> <span class='ocrx_word' id='word_1_341' title='bbox 634 2731 753 2803; x_wconf 84' lang='lat' dir='ltr'><strong>egregie</strong></span> <span class='ocrx_word' id='word_1_342' title='bbox 769 2731 889 2788; x_wconf 88' lang='lat' dir='ltr'><strong>iustrue-</strong></span> <span class='ocrx_word' id='word_1_343' title='bbox 972 2731 1089 2790; x_wconf 65' lang='lat' dir='ltr'><strong>Eodem</strong></span> <span class='ocrx_word' id='word_1_344' title='bbox 1100 2747 1186 2801; x_wconf 93' lang='lat' dir='ltr'><strong>anuo,</strong></span> <span class='ocrx_word' id='word_1_345' title='bbox 1203 2733 1240 2790; x_wconf 89' lang='lat' dir='ltr'><strong>ait</strong></span> <span class='ocrx_word' id='word_1_346' title='bbox 1254 2707 1426 2806; x_wconf 66' lang='lat' dir='ltr'><strong>ilaybeidus</strong></span> <span class='ocrx_word' id='word_1_347' title='bbox 1436 2735 1738 2794; x_wconf 88' lang='lat' dir='ltr'><strong>HonoriusLaurcotio</strong></span> 
     </span>
     <span class='ocr_line' id='line_1_29' title="bbox 95 2817 1737 2894; baseline 0.002 -18"><span class='ocrx_word' id='word_1_348' title='bbox 95 2825 141 2876; x_wconf 89' lang='lat' dir='ltr'><strong>tas</strong></span> <span class='ocrx_word' id='word_1_349' title='bbox 164 2819 196 2874; x_wconf 93' lang='lat' dir='ltr'><strong>in</strong></span> <span class='ocrx_word' id='word_1_350' title='bbox 216 2817 279 2890; x_wconf 85' lang='lat' dir='ltr'><strong>ejus</strong></span> <span class='ocrx_word' id='word_1_351' title='bbox 298 2818 434 2890; x_wconf 90' lang='lat' dir='ltr'><strong>portubus</strong></span> <span class='ocrx_word' id='word_1_352' title='bbox 458 2825 578 2886; x_wconf 89' lang='lat' dir='ltr'><strong>teneret,</strong></span> <span class='ocrx_word' id='word_1_353' title='bbox 595 2825 623 2874; x_wconf 91' lang='lat' dir='ltr'><strong>et</strong></span> <span class='ocrx_word' id='word_1_354' title='bbox 646 2817 755 2875; x_wconf 89' lang='lat' dir='ltr'><strong>duobus</strong></span> <span class='ocrx_word' id='word_1_355' title='bbox 770 2820 893 2877; x_wconf 92' lang='lat' dir='ltr'><strong>millibus</strong></span> <span class='ocrx_word' id='word_1_356' title='bbox 947 2820 1161 2894; x_wconf 90' lang='lat' dir='ltr'><strong>archiepiscopo</strong></span> <span class='ocrx_word' id='word_1_357' title='bbox 1177 2821 1343 2878; x_wconf 87' lang='lat' dir='ltr'><strong>Dubiinensi</strong></span> <span class='ocrx_word' id='word_1_358' title='bbox 1355 2822 1666 2880; x_wconf 90' lang='lat' dir='ltr'><strong>sanctorumbonorem</strong></span> <span class='ocrx_word' id='word_1_359' title='bbox 1679 2825 1737 2880; x_wconf 93' lang='lat' dir='ltr'><strong>cui-</strong></span> 
     </span>
     <span class='ocr_line' id='line_1_30' title="bbox 94 2905 1738 2985; baseline 0.007 -25"><span class='ocrx_word' id='word_1_360' title='bbox 94 2907 239 2979; x_wconf 88' lang='lat' dir='ltr'><strong>equitum,</strong></span> <span class='ocrx_word' id='word_1_361' title='bbox 255 2921 411 2982; x_wconf 88' lang='lat' dir='ltr'><strong>eorumque</strong></span> <span class='ocrx_word' id='word_1_362' title='bbox 425 2906 582 2976; x_wconf 87' lang='lat' dir='ltr'><strong>comitatui,</strong></span> <span class='ocrx_word' id='word_1_363' title='bbox 599 2905 749 2980; x_wconf 88' lang='lat' dir='ltr'><strong>trajectum</strong></span> <span class='ocrx_word' id='word_1_364' title='bbox 766 2907 855 2966; x_wconf 89' lang='lat' dir='ltr'><strong>daret.</strong></span> <span class='ocrx_word' id='word_1_365' title='bbox 947 2915 1063 2981; x_wconf 89' lang='lat' dir='ltr'><strong>tumque</strong></span> <span class='ocrx_word' id='word_1_366' title='bbox 1077 2909 1214 2979; x_wconf 86' lang='lat' dir='ltr'><strong>decrevit,</strong></span> <span class='ocrx_word' id='word_1_367' title='bbox 1235 2907 1301 2966; x_wconf 90' lang='lat' dir='ltr'><strong>dato</strong></span> <span class='ocrx_word' id='word_1_368' title='bbox 1315 2908 1469 2982; x_wconf 90' lang='lat' dir='ltr'><strong>diplomate</strong></span> <span class='ocrx_word' id='word_1_369' title='bbox 1489 2911 1571 2985; x_wconf 88' lang='lat' dir='ltr'><strong>cujus</strong></span> <span class='ocrx_word' id='word_1_370' title='bbox 1591 2913 1738 2972; x_wconf 88' lang='lat' dir='ltr'><strong>exordium</strong></span> 
     </span>
    </p>

    <p class='ocr_par' dir='ltr' id='par_1_4' title="bbox 131 2993 1443 3071">
     <span class='ocr_line' id='line_1_31' title="bbox 131 2993 1443 3071; baseline -0.003 -15"><span class='ocrx_word' id='word_1_371' title='bbox 131 2996 278 3063; x_wconf 79' lang='lat' dir='ltr'><strong>Creverat,</strong></span> <span class='ocrx_word' id='word_1_372' title='bbox 294 2995 324 3052; x_wconf 91' lang='lat' dir='ltr'><strong>iu</strong></span> <span class='ocrx_word' id='word_1_373' title='bbox 339 2994 439 3064; x_wconf 84' lang='lat' dir='ltr'><strong>Gallia,</strong></span> <span class='ocrx_word' id='word_1_374' title='bbox 455 2993 653 3068; x_wconf 85' lang='lat' dir='ltr'><strong>Albigensium</strong></span> <span class='ocrx_word' id='word_1_375' title='bbox 677 2994 806 3066; x_wconf 88' lang='lat' dir='ltr'><strong>audacia,</strong></span> <span class='ocrx_word' id='word_1_376' title='bbox 819 2996 887 3052; x_wconf 84' lang='lat' dir='ltr'><strong>viri·</strong></span> <span class='ocrx_word' id='word_1_377' title='bbox 946 3005 1010 3056; x_wconf 90' lang='lat' dir='ltr'><strong>cst:</strong></span> <span class='ocrx_word' id='word_1_378' title='bbox 1027 2997 1182 3071; x_wconf 76' lang='lat' dir='ltr'><strong>ineffabilis</strong></span> <span class='ocrx_word' id='word_1_379' title='bbox 1194 2997 1443 3068; x_wconf 77' lang='lat' dir='ltr'><strong>procidenticilcl.</strong></span> 
     </span>
    </p>
   </div>
   <div class='ocr_carea' id='block_1_3' title="bbox 294 3511 1541 3617">
    <p class='ocr_par' dir='ltr' id='par_1_5' title="bbox 294 3511 1541 3617">
     <span class='ocr_line' id='line_1_32' title="bbox 294 3511 1541 3617; baseline -0.003 -15"><span class='ocrx_word' id='word_1_380' title='bbox 294 3515 359 3602; x_wconf 86' lang='lat' dir='ltr'><strong>DE</strong></span> <span class='ocrx_word' id='word_1_381' title='bbox 395 3514 586 3604; x_wconf 80' lang='lat' dir='ltr'><strong>audiam</strong></span> <span class='ocrx_word' id='word_1_382' title='bbox 624 3511 846 3601; x_wconf 86' lang='lat' dir='ltr'>HONORII</span> <span class='ocrx_word' id='word_1_383' title='bbox 883 3513 944 3599; x_wconf 87' lang='grc' dir='ltr'><strong>ΙΙΙ</strong></span> <span class='ocrx_word' id='word_1_384' title='bbox 982 3511 1350 3600; x_wconf 82' lang='lat' dir='ltr'><strong>PONTIFIGATUS</strong></span> <span class='ocrx_word' id='word_1_385' title='bbox 1387 3512 1541 3617; x_wconf 85' lang='lat' dir='ltr'><strong>ANNO,</strong></span> 
     </span>
    </p>
   </div>
   <div class='ocr_carea' id='block_1_4' title="bbox 670 3716 1170 3802">
    <p class='ocr_par' dir='ltr' id='par_1_6' title="bbox 670 3716 1170 3802">
     <span class='ocr_line' id='line_1_33' title="bbox 670 3716 1170 3802; baseline -0.004 -25"><span class='ocrx_word' id='word_1_386' title='bbox 670 3717 825 3802; x_wconf 76' lang='lat' dir='ltr'><strong>neque</strong></span> <span class='ocrx_word' id='word_1_387' title='bbox 854 3717 1016 3778; x_wconf 82' lang='lat' dir='ltr'><strong>ructus</strong></span> <span class='ocrx_word' id='word_1_388' title='bbox 1047 3716 1170 3798; x_wconf 78' lang='lat' dir='ltr'><strong>rrae.</strong></span> 
     </span>
    </p>
   </div>
   <div class='ocr_carea' id='block_1_5' title="bbox 74 3887 1738 4240">
    <p class='ocr_par' dir='ltr' id='par_1_7' title="bbox 74 3887 1738 4240">
     <span class='ocr_line' id='line_1_34' title="bbox 74 3887 1738 3974; baseline -0.002 -10"><span class='ocrx_word' id='word_1_389' title='bbox 74 3963 78 3974; x_wconf 84' lang='grc'><strong>,</strong></span> <span class='ocrx_word' id='word_1_390' title='bbox 131 3903 293 3964; x_wconf 88' lang='lat' dir='ltr'><strong>ilonorium</strong></span> <span class='ocrx_word' id='word_1_391' title='bbox 312 3904 353 3960; x_wconf 93' lang='lat' dir='ltr'><strong>ili</strong></span> <span class='ocrx_word' id='word_1_392' title='bbox 372 3901 446 3962; x_wconf 91' lang='lat' dir='ltr'><strong>Petri</strong></span> <span class='ocrx_word' id='word_1_393' title='bbox 461 3887 626 3959; x_wconf 81' lang='lat' dir='ltr'><strong>cathedram</strong></span> <span class='ocrx_word' id='word_1_394' title='bbox 642 3915 734 3957; x_wconf 89' lang='lat' dir='ltr'><strong>annos</strong></span> <span class='ocrx_word' id='word_1_395' title='bbox 748 3897 849 3958; x_wconf 88' lang='lat' dir='ltr'><strong>decem</strong></span> <span class='ocrx_word' id='word_1_396' title='bbox 864 3905 893 3956; x_wconf 90' lang='lat' dir='ltr'><strong>et</strong></span> <span class='ocrx_word' id='word_1_397' title='bbox 946 3897 999 3956; x_wconf 88' lang='lat' dir='ltr'><strong>sub</strong></span> <span class='ocrx_word' id='word_1_398' title='bbox 1013 3898 1058 3956; x_wconf 87' lang='lat' dir='ltr'><strong>iris</strong></span> <span class='ocrx_word' id='word_1_399' title='bbox 1072 3897 1167 3956; x_wconf 86' lang='lat' dir='ltr'><strong>verbis</strong></span> <span class='ocrx_word' id='word_1_400' title='bbox 1182 3915 1189 3956; x_wconf 94' lang='lat'><strong>:</strong></span> <span class='ocrx_word' id='word_1_401' title='bbox 1203 3898 1370 3969; x_wconf 76' lang='lat' dir='ltr'><strong>apostolico</strong></span> <span class='ocrx_word' id='word_1_402' title='bbox 1381 3899 1468 3968; x_wconf 80' lang='lat' dir='ltr'><strong>Sedis,</strong></span> <span class='ocrx_word' id='word_1_403' title='bbox 1478 3899 1506 3956; x_wconf 90' lang='lat' dir='ltr'><strong>in</strong></span> <span class='ocrx_word' id='word_1_404' title='bbox 1518 3899 1738 3972; x_wconf 90' lang='lat' dir='ltr'><strong>quadoclaratur</strong></span> 
     </span>
     <span class='ocr_line' id='line_1_35' title="bbox 94 3987 1738 4068; baseline -0.001 -17"><span class='ocrx_word' id='word_1_405' title='bbox 94 4007 217 4051; x_wconf 90' lang='lat' dir='ltr'><strong>meuses</strong></span> <span class='ocrx_word' id='word_1_406' title='bbox 231 3998 295 4048; x_wconf 89' lang='lat' dir='ltr'><strong>octo</strong></span> <span class='ocrx_word' id='word_1_407' title='bbox 310 3991 435 4047; x_wconf 88' lang='lat' dir='ltr'><strong>tenuisse</strong></span> <span class='ocrx_word' id='word_1_408' title='bbox 456 3989 620 4063; x_wconf 84' lang='lat' dir='ltr'><strong>ilaynaidus</strong></span> <span class='ocrx_word' id='word_1_409' title='bbox 640 3988 717 4054; x_wconf 85' lang='lat' dir='ltr'><strong>dicit,</strong></span> <span class='ocrx_word' id='word_1_410' title='bbox 746 3995 773 4044; x_wconf 91' lang='lat' dir='ltr'><strong>et</strong></span> <span class='ocrx_word' id='word_1_411' title='bbox 788 3987 892 4045; x_wconf 90' lang='lat' dir='ltr'><strong>obiisse</strong></span> <span class='ocrx_word' id='word_1_412' title='bbox 946 3988 1234 4045; x_wconf 82' lang='lat' dir='ltr'><strong>excommunicationi</strong></span> <span class='ocrx_word' id='word_1_413' title='bbox 1249 3987 1409 4068; x_wconf 84' lang='lat' dir='ltr'><strong>¹subjacere</strong></span> <span class='ocrx_word' id='word_1_414' title='bbox 1441 3989 1506 4045; x_wconf 85' lang='lat' dir='ltr'><strong>iatae</strong></span> <span class='ocrx_word' id='word_1_415' title='bbox 1534 3992 1682 4048; x_wconf 82' lang='lat' dir='ltr'><strong>sententias</strong></span> <span class='ocrx_word' id='word_1_416' title='bbox 1709 3999 1738 4049; x_wconf 91' lang='lat' dir='ltr'><strong>et</strong></span> 
     </span>
     <span class='ocr_line' id='line_1_36' title="bbox 94 4074 1738 4153; baseline -0.002 -14"><span class='ocrx_word' id='word_1_417' title='bbox 94 4091 229 4153; x_wconf 92' lang='lat' dir='ltr'><strong>tempore</strong></span> <span class='ocrx_word' id='word_1_418' title='bbox 244 4093 300 4150; x_wconf 95' lang='lat' dir='ltr'><strong>quo</strong></span> <span class='ocrx_word' id='word_1_419' title='bbox 319 4079 443 4134; x_wconf 90' lang='lat' dir='ltr'><strong>maxime</strong></span> <span class='ocrx_word' id='word_1_420' title='bbox 457 4077 624 4151; x_wconf 89' lang='lat' dir='ltr'><strong>sperabatur</strong></span> <span class='ocrx_word' id='word_1_421' title='bbox 637 4092 682 4134; x_wconf 87' lang='lat' dir='ltr'><strong>res</strong></span> <span class='ocrx_word' id='word_1_422' title='bbox 696 4076 850 4134; x_wconf 89' lang='lat' dir='ltr'><strong>orientales</strong></span> <span class='ocrx_word' id='word_1_423' title='bbox 865 4076 892 4132; x_wconf 89' lang='lat' dir='ltr'><strong>iu</strong></span> <span class='ocrx_word' id='word_1_424' title='bbox 946 4076 1063 4148; x_wconf 89' lang='lat' dir='ltr'><strong>speciali</strong></span> <span class='ocrx_word' id='word_1_425' title='bbox 1075 4074 1160 4132; x_wconf 90' lang='lat' dir='ltr'><strong>modo</strong></span> <span class='ocrx_word' id='word_1_426' title='bbox 1170 4075 1307 4134; x_wconf 88' lang='lat' dir='ltr'><strong>Pontiiice</strong></span> <span class='ocrx_word' id='word_1_427' title='bbox 1316 4078 1444 4134; x_wconf 83' lang='lat' dir='ltr'><strong>Romano</strong></span> <span class='ocrx_word' id='word_1_428' title='bbox 1455 4086 1606 4136; x_wconf 80' lang='lat' dir='ltr'><strong>reservatae</strong></span> <span class='ocrx_word' id='word_1_429' title='bbox 1618 4097 1626 4135; x_wconf 90' lang='lat'>:</span> <span class='ocrx_word' id='word_1_430' title='bbox 1637 4095 1738 4136; x_wconf 92' lang='lat' dir='ltr'><strong>omnes</strong></span> 
     </span>
     <span class='ocr_line' id='line_1_37' title="bbox 94 4164 1737 4240; baseline -0.002 -13"><span class='ocrx_word' id='word_1_431' title='bbox 94 4171 207 4227; x_wconf 89' lang='lat' dir='ltr'><strong>meiius</strong></span> <span class='ocrx_word' id='word_1_432' title='bbox 218 4167 336 4236; x_wconf 88' lang='lat' dir='ltr'><strong>restitui,</strong></span> <span class='ocrx_word' id='word_1_433' title='bbox 349 4167 429 4223; x_wconf 89' lang='lat' dir='ltr'><strong>idest</strong></span> <span class='ocrx_word' id='word_1_434' title='bbox 441 4180 528 4238; x_wconf 95' lang='lat' dir='ltr'><strong>quum</strong></span> <span class='ocrx_word' id='word_1_435' title='bbox 539 4165 769 4222; x_wconf 85' lang='lat' dir='ltr'><strong>florentissimam</strong></span> <span class='ocrx_word' id='word_1_436' title='bbox 782 4165 812 4221; x_wconf 92' lang='lat' dir='ltr'><strong>iu</strong></span> <span class='ocrx_word' id='word_1_437' title='bbox 825 4164 890 4220; x_wconf 91' lang='lat' dir='ltr'><strong>sub·</strong></span> <span class='ocrx_word' id='word_1_438' title='bbox 947 4164 1157 4232; x_wconf 81' lang='lat' dir='ltr'><strong>interficientes,</strong></span> <span class='ocrx_word' id='word_1_439' title='bbox 1175 4165 1346 4233; x_wconf 88' lang='lat' dir='ltr'><strong>mutilantes,</strong></span> <span class='ocrx_word' id='word_1_440' title='bbox 1365 4166 1564 4237; x_wconf 89' lang='lat' dir='ltr'><strong>percutientes,</strong></span> <span class='ocrx_word' id='word_1_441' title='bbox 1580 4169 1737 4240; x_wconf 90' lang='lat' dir='ltr'><strong>capientes,</strong></span> 
     </span>
    </p>
   </div>
   <div class='ocr_carea' id='block_1_6' title="bbox 95 4252 1842 4327">
    <p class='ocr_par' dir='ltr' id='par_1_8' title="bbox 95 4252 1842 4327">
     <span class='ocr_line' id='line_1_38' title="bbox 95 4252 1842 4327; baseline -0.002 -13"><span class='ocrx_word' id='word_1_442' title='bbox 95 4257 205 4314; x_wconf 88' lang='lat' dir='ltr'><strong>sidium</strong></span> <span class='ocrx_word' id='word_1_443' title='bbox 219 4257 313 4312; x_wconf 82' lang='lat' dir='ltr'><strong>Terrae</strong></span> <span class='ocrx_word' id='word_1_444' title='bbox 328 4255 439 4312; x_wconf 72' lang='lat' dir='ltr'><strong>Sanctae</strong></span> <span class='ocrx_word' id='word_1_445' title='bbox 451 4253 659 4326; x_wconf 88' lang='lat' dir='ltr'><strong>expeditionem</strong></span> <span class='ocrx_word' id='word_1_446' title='bbox 674 4257 786 4309; x_wconf 92' lang='lat' dir='ltr'><strong>summo</strong></span> <span class='ocrx_word' id='word_1_447' title='bbox 801 4252 892 4310; x_wconf 91' lang='lat' dir='ltr'><strong>studio</strong></span> <span class='ocrx_word' id='word_1_448' title='bbox 946 4259 1136 4321; x_wconf 92' lang='lat' dir='ltr'><strong>carcerantes,</strong></span> <span class='ocrx_word' id='word_1_449' title='bbox 1146 4253 1316 4321; x_wconf 83' lang='lat' dir='ltr'><strong>detinentes,</strong></span> <span class='ocrx_word' id='word_1_450' title='bbox 1327 4255 1370 4310; x_wconf 87' lang='lat' dir='ltr'><strong>vei</strong></span> <span class='ocrx_word' id='word_1_451' title='bbox 1382 4252 1520 4311; x_wconf 90' lang='lat' dir='ltr'><strong>hostiliter</strong></span> <span class='ocrx_word' id='word_1_452' title='bbox 1529 4264 1738 4327; x_wconf 88' lang='lat' dir='ltr'><strong>consequentes</strong></span> <span class='ocrx_word' id='word_1_453' title='bbox 1840 4305 1842 4310; x_wconf 90' lang='lat'><em>.</em></span> 
     </span>
    </p>
   </div>
   <div class='ocr_carea' id='block_1_7' title="bbox 76 4339 1748 5644">
    <p class='ocr_par' dir='ltr' id='par_1_9' title="bbox 76 4339 1748 5644">
     <span class='ocr_line' id='line_1_39' title="bbox 95 4339 1736 4418; baseline -0.001 -16"><span class='ocrx_word' id='word_1_454' title='bbox 95 4343 228 4418; x_wconf 79' lang='lat' dir='ltr'><strong>pontifex</strong></span> <span class='ocrx_word' id='word_1_455' title='bbox 242 4349 365 4415; x_wconf 90' lang='lat' dir='ltr'><strong>urgeret.</strong></span> <span class='ocrx_word' id='word_1_456' title='bbox 382 4344 460 4411; x_wconf 79' lang='lat' dir='ltr'><strong>Qua,</strong></span> <span class='ocrx_word' id='word_1_457' title='bbox 477 4357 511 4398; x_wconf 93' lang='lat' dir='ltr'><strong>eo</strong></span> <span class='ocrx_word' id='word_1_458' title='bbox 525 4342 586 4414; x_wconf 87' lang='lat' dir='ltr'><strong>jam</strong></span> <span class='ocrx_word' id='word_1_459' title='bbox 608 4339 754 4411; x_wconf 79' lang='lat' dir='ltr'><strong>defuneto,</strong></span> <span class='ocrx_word' id='word_1_460' title='bbox 780 4347 892 4414; x_wconf 92' lang='lat' dir='ltr'><strong>propter</strong></span> <span class='ocrx_word' id='word_1_461' title='bbox 947 4342 975 4398; x_wconf 88' lang='lat' dir='ltr'><strong>S.</strong></span> <span class='ocrx_word' id='word_1_462' title='bbox 986 4343 1019 4399; x_wconf 86' lang='lat' dir='ltr'><strong>il.</strong></span> <span class='ocrx_word' id='word_1_463' title='bbox 1033 4344 1065 4398; x_wconf 88' lang='grc' dir='ltr'><strong>Ε.</strong></span> <span class='ocrx_word' id='word_1_464' title='bbox 1081 4340 1250 4410; x_wconf 88' lang='lat' dir='ltr'><strong>cardinales,</strong></span> <span class='ocrx_word' id='word_1_465' title='bbox 1262 4355 1372 4398; x_wconf 88' lang='lat' dir='ltr'><strong>nccuou</strong></span> <span class='ocrx_word' id='word_1_466' title='bbox 1384 4357 1417 4398; x_wconf 90' lang='lat' dir='ltr'><strong>ea</strong></span> <span class='ocrx_word' id='word_1_467' title='bbox 1434 4343 1611 4412; x_wconf 88' lang='lat' dir='ltr'><strong>mandantes,</strong></span> <span class='ocrx_word' id='word_1_468' title='bbox 1623 4345 1736 4402; x_wconf 90' lang='lat' dir='ltr'><strong>veirata</strong></span> 
     </span>
     <span class='ocr_line' id='line_1_40' title="bbox 95 4428 1748 4504; baseline -0.002 -12"><span class='ocrx_word' id='word_1_469' title='bbox 95 4433 246 4492; x_wconf 86' lang='lat' dir='ltr'><strong>Frederici</strong></span> <span class='ocrx_word' id='word_1_470' title='bbox 259 4433 286 4489; x_wconf 95' lang='lat' dir='ltr'><strong>ii</strong></span> <span class='ocrx_word' id='word_1_471' title='bbox 301 4429 448 4504; x_wconf 82' lang='lat' dir='ltr'><strong>perfidiam</strong></span> <span class='ocrx_word' id='word_1_472' title='bbox 462 4431 574 4502; x_wconf 89' lang='lat' dir='ltr'><strong>penitus</strong></span> <span class='ocrx_word' id='word_1_473' title='bbox 588 4429 720 4487; x_wconf 90' lang='lat' dir='ltr'><strong>concidit.</strong></span> <span class='ocrx_word' id='word_1_474' title='bbox 947 4428 1093 4497; x_wconf 91' lang='lat' dir='ltr'><strong>babentes,</strong></span> <span class='ocrx_word' id='word_1_475' title='bbox 1110 4444 1161 4486; x_wconf 89' lang='lat' dir='ltr'><strong>seu</strong></span> <span class='ocrx_word' id='word_1_476' title='bbox 1181 4437 1348 4501; x_wconf 73' lang='lat' dir='ltr'><strong>prestantes</strong></span> <span class='ocrx_word' id='word_1_477' title='bbox 1368 4433 1396 4487; x_wconf 93' lang='lat' dir='ltr'><strong>iu</strong></span> <span class='ocrx_word' id='word_1_478' title='bbox 1418 4431 1461 4487; x_wconf 89' lang='lat' dir='ltr'><strong>eis</strong></span> <span class='ocrx_word' id='word_1_479' title='bbox 1476 4431 1622 4501; x_wconf 90' lang='lat' dir='ltr'><strong>auxilium,</strong></span> <span class='ocrx_word' id='word_1_480' title='bbox 1642 4431 1748 4489; x_wconf 86' lang='lat' dir='ltr'><strong>eonsi·&#39;</strong></span> 
     </span>
     <span class='ocr_line' id='line_1_41' title="bbox 132 4516 1588 4590; baseline -0.003 -12"><span class='ocrx_word' id='word_1_481' title='bbox 132 4525 168 4580; x_wconf 93' lang='lat' dir='ltr'><strong>in</strong></span> <span class='ocrx_word' id='word_1_482' title='bbox 182 4535 259 4578; x_wconf 90' lang='lat' dir='ltr'><strong>anno</strong></span> <span class='ocrx_word' id='word_1_483' title='bbox 274 4518 395 4588; x_wconf 91' lang='lat' dir='ltr'><strong>decimo,</strong></span> <span class='ocrx_word' id='word_1_484' title='bbox 407 4518 639 4575; x_wconf 89' lang='lat' dir='ltr'><strong>constitutionem</strong></span> <span class='ocrx_word' id='word_1_485' title='bbox 650 4517 738 4574; x_wconf 92' lang='lat' dir='ltr'><strong>edidit</strong></span> <span class='ocrx_word' id='word_1_486' title='bbox 752 4517 893 4574; x_wconf 88' lang='lat' dir='ltr'><strong>Honorius</strong></span> <span class='ocrx_word' id='word_1_487' title='bbox 946 4518 1014 4573; x_wconf 93' lang='lat' dir='ltr'><strong>lium</strong></span> <span class='ocrx_word' id='word_1_488' title='bbox 1027 4517 1072 4573; x_wconf 92' lang='lat' dir='ltr'><strong>vei</strong></span> <span class='ocrx_word' id='word_1_489' title='bbox 1086 4516 1223 4589; x_wconf 77' lang='lat' dir='ltr'><strong>invocem,</strong></span> <span class='ocrx_word' id='word_1_490' title='bbox 1241 4517 1333 4590; x_wconf 78' lang='lat'><strong>(1869,</strong></span> <span class='ocrx_word' id='word_1_491' title='bbox 1349 4522 1388 4577; x_wconf 84' lang='lat' dir='ltr'><strong>lv</strong></span> <span class='ocrx_word' id='word_1_492' title='bbox 1404 4518 1466 4575; x_wconf 89' lang='lat' dir='ltr'><strong>idus</strong></span> <span class='ocrx_word' id='word_1_493' title='bbox 1481 4518 1588 4590; x_wconf 81' lang='lat' dir='ltr'><strong>octob.)</strong></span> 
     </span>
     <span class='ocr_line' id='line_1_42' title="bbox 95 4604 1735 4680; baseline -0.001 -13"><span class='ocrx_word' id='word_1_494' title='bbox 95 4617 201 4668; x_wconf 86' lang='lat' dir='ltr'><strong>contra</strong></span> <span class='ocrx_word' id='word_1_495' title='bbox 229 4623 279 4665; x_wconf 90' lang='lat' dir='ltr'><strong>eos</strong></span> <span class='ocrx_word' id='word_1_496' title='bbox 300 4608 348 4680; x_wconf 92' lang='lat' dir='ltr'><strong>qui</strong></span> <span class='ocrx_word' id='word_1_497' title='bbox 368 4608 396 4664; x_wconf 88' lang='lat' dir='ltr'><strong>S.</strong></span> <span class='ocrx_word' id='word_1_498' title='bbox 417 4607 450 4664; x_wconf 82' lang='lat' dir='ltr'><strong>a.</strong></span> <span class='ocrx_word' id='word_1_499' title='bbox 476 4609 507 4663; x_wconf 89' lang='grc' dir='ltr'><strong>Ε.</strong></span> <span class='ocrx_word' id='word_1_500' title='bbox 533 4605 695 4662; x_wconf 89' lang='lat' dir='ltr'><strong>cardinales</strong></span> <span class='ocrx_word' id='word_1_501' title='bbox 715 4604 826 4677; x_wconf 87' lang='lat' dir='ltr'><strong>injuriis</strong></span> <span class='ocrx_word' id='word_1_502' title='bbox 846 4613 893 4661; x_wconf 89' lang='lat' dir='ltr'><strong>aut</strong></span> <span class='ocrx_word' id='word_1_503' title='bbox 982 4605 1075 4662; x_wconf 87' lang='lat' dir='ltr'><strong>Etiam</strong></span> <span class='ocrx_word' id='word_1_504' title='bbox 1089 4605 1118 4662; x_wconf 91' lang='lat' dir='ltr'><strong>iu</strong></span> <span class='ocrx_word' id='word_1_505' title='bbox 1134 4606 1225 4662; x_wconf 90' lang='lat' dir='ltr'><strong>maios</strong></span> <span class='ocrx_word' id='word_1_506' title='bbox 1245 4607 1378 4664; x_wconf 91' lang='lat' dir='ltr'><strong>bomines</strong></span> <span class='ocrx_word' id='word_1_507' title='bbox 1392 4614 1420 4664; x_wconf 92' lang='lat' dir='ltr'><strong>et</strong></span> <span class='ocrx_word' id='word_1_508' title='bbox 1434 4606 1610 4664; x_wconf 79' lang='lat' dir='ltr'><strong>facinorosos</strong></span> <span class='ocrx_word' id='word_1_509' title='bbox 1628 4607 1735 4680; x_wconf 90' lang='lat' dir='ltr'><strong>episto·</strong></span> 
     </span>
     <span class='ocr_line' id='line_1_43' title="bbox 76 4692 1735 4768; baseline -0.001 -14"><span class='ocrx_word' id='word_1_510' title='bbox 76 4739 78 4743; x_wconf 68' lang='lat'><strong>,</strong></span> <span class='ocrx_word' id='word_1_511' title='bbox 95 4696 236 4754; x_wconf 85' lang='lat' dir='ltr'><strong>uiolentia</strong></span> <span class='ocrx_word' id='word_1_512' title='bbox 251 4710 308 4752; x_wconf 91' lang='lat' dir='ltr'><strong>uon</strong></span> <span class='ocrx_word' id='word_1_513' title='bbox 322 4701 454 4751; x_wconf 90' lang='lat' dir='ltr'><strong>verentur</strong></span> <span class='ocrx_word' id='word_1_514' title='bbox 468 4693 620 4750; x_wconf 90' lang='lat' dir='ltr'><strong>lacessere.</strong></span> <span class='ocrx_word' id='word_1_515' title='bbox 638 4694 690 4762; x_wconf 85' lang='lat' dir='ltr'><strong>Qui</strong></span> <span class='ocrx_word' id='word_1_516' title='bbox 706 4692 791 4750; x_wconf 89' lang='lat' dir='ltr'><strong>iuerit</strong></span> <span class='ocrx_word' id='word_1_517' title='bbox 803 4693 890 4750; x_wconf 91' lang='lat' dir='ltr'><strong>bosti-</strong></span> <span class='ocrx_word' id='word_1_518' title='bbox 946 4693 1002 4750; x_wconf 92' lang='lat' dir='ltr'><strong>iam</strong></span> <span class='ocrx_word' id='word_1_519' title='bbox 1018 4693 1129 4766; x_wconf 87' lang='lat' dir='ltr'><strong>scripsit</strong></span> <span class='ocrx_word' id='word_1_520' title='bbox 1141 4695 1291 4750; x_wconf 86' lang='lat' dir='ltr'><strong>Honorius.</strong></span> <span class='ocrx_word' id='word_1_521' title='bbox 1306 4697 1377 4752; x_wconf 90' lang='lat' dir='ltr'><strong>Nam</strong></span> <span class='ocrx_word' id='word_1_522' title='bbox 1393 4694 1422 4751; x_wconf 92' lang='lat' dir='ltr'><strong>bi</strong></span> <span class='ocrx_word' id='word_1_523' title='bbox 1436 4697 1500 4752; x_wconf 85' lang='lat' dir='ltr'><strong>vias</strong></span> <span class='ocrx_word' id='word_1_524' title='bbox 1514 4695 1641 4768; x_wconf 87' lang='lat' dir='ltr'><strong>publicas</strong></span> <span class='ocrx_word' id='word_1_525' title='bbox 1651 4697 1735 4754; x_wconf 91' lang='lat' dir='ltr'><strong>obse-</strong></span> 
     </span>
     <span class='ocr_line' id='line_1_44' title="bbox 94 4780 1735 4856; baseline -0.001 -13"><span class='ocrx_word' id='word_1_526' title='bbox 94 4786 162 4844; x_wconf 89' lang='lat' dir='ltr'><strong>iiter</strong></span> <span class='ocrx_word' id='word_1_527' title='bbox 179 4785 332 4851; x_wconf 88' lang='lat' dir='ltr'><strong>insecutus,</strong></span> <span class='ocrx_word' id='word_1_528' title='bbox 348 4783 447 4854; x_wconf 90' lang='lat' dir='ltr'><strong>inquit,</strong></span> <span class='ocrx_word' id='word_1_529' title='bbox 458 4789 506 4838; x_wconf 90' lang='lat' dir='ltr'><strong>aut</strong></span> <span class='ocrx_word' id='word_1_530' title='bbox 517 4783 699 4854; x_wconf 89' lang='lat' dir='ltr'><strong>percusserit,</strong></span> <span class='ocrx_word' id='word_1_531' title='bbox 716 4782 891 4852; x_wconf 90' lang='lat' dir='ltr'><strong>autceperit‚</strong></span> <span class='ocrx_word' id='word_1_532' title='bbox 947 4780 1059 4850; x_wconf 90' lang='lat' dir='ltr'><strong>debant,</strong></span> <span class='ocrx_word' id='word_1_533' title='bbox 1076 4781 1171 4854; x_wconf 91' lang='lat' dir='ltr'><strong>plures</strong></span> <span class='ocrx_word' id='word_1_534' title='bbox 1185 4797 1221 4838; x_wconf 85' lang='lat' dir='ltr'><strong>ex</strong></span> <span class='ocrx_word' id='word_1_535' title='bbox 1238 4782 1344 4840; x_wconf 91' lang='lat' dir='ltr'><strong>iamilia</strong></span> <span class='ocrx_word' id='word_1_536' title='bbox 1369 4783 1513 4841; x_wconf 82' lang='lat' dir='ltr'><strong>Pontificis</strong></span> <span class='ocrx_word' id='word_1_537' title='bbox 1533 4785 1735 4856; x_wconf 86' lang='lat' dir='ltr'><strong>spoliaverant,</strong></span> 
     </span>
     <span class='ocr_line' id='line_1_45' title="bbox 95 4868 1737 4943; baseline -0.001 -12"><span class='ocrx_word' id='word_1_538' title='bbox 95 4875 143 4932; x_wconf 86' lang='lat' dir='ltr'><strong>vel</strong></span> <span class='ocrx_word' id='word_1_539' title='bbox 167 4872 263 4930; x_wconf 87' lang='lat' dir='ltr'><strong>socius</strong></span> <span class='ocrx_word' id='word_1_540' title='bbox 282 4871 365 4928; x_wconf 89' lang='lat' dir='ltr'><strong>inerit</strong></span> <span class='ocrx_word' id='word_1_541' title='bbox 388 4870 537 4938; x_wconf 83' lang='lat' dir='ltr'><strong>incientis,</strong></span> <span class='ocrx_word' id='word_1_542' title='bbox 561 4877 608 4926; x_wconf 90' lang='lat' dir='ltr'><strong>aut</strong></span> <span class='ocrx_word' id='word_1_543' title='bbox 627 4869 687 4926; x_wconf 83' lang='lat' dir='ltr'><strong>tisri</strong></span> <span class='ocrx_word' id='word_1_544' title='bbox 704 4868 891 4937; x_wconf 87' lang='lat' dir='ltr'><strong>mandaverit,</strong></span> <span class='ocrx_word' id='word_1_545' title='bbox 947 4876 995 4926; x_wconf 89' lang='lat' dir='ltr'><strong>aut</strong></span> <span class='ocrx_word' id='word_1_546' title='bbox 1002 4869 1150 4926; x_wconf 85' lang='lat' dir='ltr'><strong>venientes</strong></span> <span class='ocrx_word' id='word_1_547' title='bbox 1160 4869 1196 4926; x_wconf 93' lang='lat' dir='ltr'><strong>ad</strong></span> <span class='ocrx_word' id='word_1_548' title='bbox 1209 4868 1310 4927; x_wconf 88' lang='lat' dir='ltr'><strong>Sedern</strong></span> <span class='ocrx_word' id='word_1_549' title='bbox 1322 4870 1514 4943; x_wconf 74' lang='lat' dir='ltr'><strong>apostolicam</strong></span> <span class='ocrx_word' id='word_1_550' title='bbox 1529 4880 1558 4930; x_wconf 92' lang='lat' dir='ltr'><strong>et</strong></span> <span class='ocrx_word' id='word_1_551' title='bbox 1571 4871 1737 4930; x_wconf 79' lang='lat' dir='ltr'><strong>recedentes</strong></span> 
     </span>
     <span class='ocr_line' id='line_1_46' title="bbox 94 4955 1736 5033; baseline -0.002 -14"><span class='ocrx_word' id='word_1_552' title='bbox 94 4962 144 5020; x_wconf 84' lang='lat' dir='ltr'><strong>vel</strong></span> <span class='ocrx_word' id='word_1_553' title='bbox 161 4959 268 5017; x_wconf 89' lang='lat' dir='ltr'><strong>iactum</strong></span> <span class='ocrx_word' id='word_1_554' title='bbox 283 4965 376 5016; x_wconf 92' lang='lat' dir='ltr'><strong>ratum</strong></span> <span class='ocrx_word' id='word_1_555' title='bbox 391 4955 532 5026; x_wconf 89' lang='lat' dir='ltr'><strong>babuerit,</strong></span> <span class='ocrx_word' id='word_1_556' title='bbox 549 4964 598 5014; x_wconf 90' lang='lat' dir='ltr'><strong>aut</strong></span> <span class='ocrx_word' id='word_1_557' title='bbox 617 4957 766 5014; x_wconf 91' lang='lat' dir='ltr'><strong>consilium</strong></span> <span class='ocrx_word' id='word_1_558' title='bbox 785 4955 893 5018; x_wconf 85' lang='lat' dir='ltr'><strong>dederit</strong></span> <span class='ocrx_word' id='word_1_559' title='bbox 946 4955 1127 5024; x_wconf 86' lang='lat' dir='ltr'><strong>divexabant,</strong></span> <span class='ocrx_word' id='word_1_560' title='bbox 1138 4964 1167 5012; x_wconf 88' lang='lat' dir='ltr'><strong>et</strong></span> <span class='ocrx_word' id='word_1_561' title='bbox 1179 4957 1255 5014; x_wconf 86' lang='lat' dir='ltr'><strong>varia</strong></span> <span class='ocrx_word' id='word_1_562' title='bbox 1270 4957 1416 5016; x_wconf 87' lang='lat' dir='ltr'><strong>iatrocinia</strong></span> <span class='ocrx_word' id='word_1_563' title='bbox 1430 4959 1608 5017; x_wconf 85' lang='lat' dir='ltr'><strong>exercebant.</strong></span> <span class='ocrx_word' id='word_1_564' title='bbox 1620 4963 1660 5017; x_wconf 85' lang='lat' dir='ltr'><strong>ile</strong></span> <span class='ocrx_word' id='word_1_565' title='bbox 1672 4961 1736 5033; x_wconf 92' lang='lat' dir='ltr'><strong>qui·</strong></span> 
     </span>
     <span class='ocr_line' id='line_1_47' title="bbox 95 5043 1737 5119; baseline -0.001 -13"><span class='ocrx_word' id='word_1_566' title='bbox 95 5050 145 5107; x_wconf 83' lang='lat' dir='ltr'><strong>vei</strong></span> <span class='ocrx_word' id='word_1_567' title='bbox 162 5049 299 5116; x_wconf 86' lang='lat' dir='ltr'><strong>laxarem,</strong></span> <span class='ocrx_word' id='word_1_568' title='bbox 321 5050 394 5104; x_wconf 90' lang='lat' dir='ltr'><strong>siout</strong></span> <span class='ocrx_word' id='word_1_569' title='bbox 408 5046 483 5103; x_wconf 82' lang='lat' dir='ltr'><strong>lmsae</strong></span> <span class='ocrx_word' id='word_1_570' title='bbox 502 5045 629 5103; x_wconf 89' lang='lat' dir='ltr'><strong>criminis</strong></span> <span class='ocrx_word' id='word_1_571' title='bbox 651 5045 807 5117; x_wconf 85' lang='lat' dir='ltr'><strong>majestatis</strong></span> <span class='ocrx_word' id='word_1_572' title='bbox 828 5059 891 5117; x_wconf 88' lang='lat' dir='ltr'><strong>per·</strong></span> <span class='ocrx_word' id='word_1_573' title='bbox 947 5043 999 5100; x_wconf 93' lang='lat' dir='ltr'><strong>bus</strong></span> <span class='ocrx_word' id='word_1_574' title='bbox 1018 5045 1110 5102; x_wconf 84' lang='lat' dir='ltr'><strong>blansi</strong></span> <span class='ocrx_word' id='word_1_575' title='bbox 1129 5053 1225 5102; x_wconf 91' lang='lat' dir='ltr'><strong>narrat</strong></span> <span class='ocrx_word' id='word_1_576' title='bbox 1243 5045 1318 5102; x_wconf 91' lang='lat' dir='ltr'><strong>banc</strong></span> <span class='ocrx_word' id='word_1_577' title='bbox 1340 5055 1449 5119; x_wconf 91' lang='lat' dir='ltr'><strong>pestem</strong></span> <span class='ocrx_word' id='word_1_578' title='bbox 1470 5048 1578 5105; x_wconf 88' lang='lat' dir='ltr'><strong>initium</strong></span> <span class='ocrx_word' id='word_1_579' title='bbox 1602 5047 1737 5106; x_wconf 87' lang='lat' dir='ltr'><strong>babuisse</strong></span> 
     </span>
     <span class='ocr_line' id='line_1_48' title="bbox 97 5131 1737 5210; baseline 0 -17"><span class='ocrx_word' id='word_1_580' title='bbox 97 5143 189 5210; x_wconf 92' lang='lat' dir='ltr'><strong>petuo</strong></span> <span class='ocrx_word' id='word_1_581' title='bbox 203 5137 239 5192; x_wconf 91' lang='lat' dir='ltr'><strong>sit</strong></span> <span class='ocrx_word' id='word_1_582' title='bbox 253 5135 377 5204; x_wconf 82' lang='lat' dir='ltr'><strong>infamis,</strong></span> <span class='ocrx_word' id='word_1_583' title='bbox 392 5132 535 5190; x_wconf 87' lang='lat' dir='ltr'><strong>diffidatus</strong></span> <span class='ocrx_word' id='word_1_584' title='bbox 549 5141 577 5190; x_wconf 91' lang='lat' dir='ltr'><strong>et</strong></span> <span class='ocrx_word' id='word_1_585' title='bbox 596 5131 737 5204; x_wconf 89' lang='lat' dir='ltr'><strong>bauditus,</strong></span> <span class='ocrx_word' id='word_1_586' title='bbox 753 5135 790 5190; x_wconf 90' lang='lat' dir='ltr'><strong>sit</strong></span> <span class='ocrx_word' id='word_1_587' title='bbox 803 5135 890 5190; x_wconf 89' lang='lat' dir='ltr'><strong>intes·</strong></span> <span class='ocrx_word' id='word_1_588' title='bbox 948 5133 976 5189; x_wconf 93' lang='lat' dir='ltr'><strong>in</strong></span> <span class='ocrx_word' id='word_1_589' title='bbox 986 5146 1090 5190; x_wconf 90' lang='lat' dir='ltr'><strong>vesana</strong></span> <span class='ocrx_word' id='word_1_590' title='bbox 1102 5132 1288 5203; x_wconf 90' lang='lat' dir='ltr'><strong>quorumdam</strong></span> <span class='ocrx_word' id='word_1_591' title='bbox 1299 5134 1462 5207; x_wconf 88' lang='lat' dir='ltr'><strong>cupiditate,</strong></span> <span class='ocrx_word' id='word_1_592' title='bbox 1473 5136 1521 5207; x_wconf 92' lang='lat' dir='ltr'><strong>qui</strong></span> <span class='ocrx_word' id='word_1_593' title='bbox 1531 5137 1737 5209; x_wconf 83' lang='lat' dir='ltr'><strong>crucesignatis</strong></span> 
     </span>
     <span class='ocr_line' id='line_1_49' title="bbox 97 5219 1737 5294; baseline -0.001 -11"><span class='ocrx_word' id='word_1_594' title='bbox 97 5224 197 5283; x_wconf 84' lang='lat' dir='ltr'><strong>rabilis</strong></span> <span class='ocrx_word' id='word_1_595' title='bbox 220 5239 274 5279; x_wconf 93' lang='lat' dir='ltr'><strong>neo</strong></span> <span class='ocrx_word' id='word_1_596' title='bbox 297 5223 333 5280; x_wconf 89' lang='lat' dir='ltr'><strong>ad</strong></span> <span class='ocrx_word' id='word_1_597' title='bbox 357 5222 474 5294; x_wconf 73' lang='lat' dir='ltr'><strong>alicuius</strong></span> <span class='ocrx_word' id='word_1_598' title='bbox 498 5220 573 5278; x_wconf 92' lang='lat' dir='ltr'><strong>bona</strong></span> <span class='ocrx_word' id='word_1_599' title='bbox 594 5228 725 5291; x_wconf 83' lang='lat' dir='ltr'><strong>vocetur3</strong></span> <span class='ocrx_word' id='word_1_600' title='bbox 751 5223 844 5278; x_wconf 91' lang='lat' dir='ltr'><strong>nuilus</strong></span> <span class='ocrx_word' id='word_1_601' title='bbox 867 5221 893 5277; x_wconf 91' lang='lat' dir='ltr'><strong>ci</strong></span> <span class='ocrx_word' id='word_1_602' title='bbox 948 5219 1222 5278; x_wconf 88' lang='lat' dir='ltr'><strong>exitinercinsidias</strong></span> <span class='ocrx_word' id='word_1_603' title='bbox 1237 5221 1546 5293; x_wconf 90' lang='lat' dir='ltr'><strong>parabant.Nonenim</strong></span> <span class='ocrx_word' id='word_1_604' title='bbox 1560 5231 1625 5280; x_wconf 91' lang='lat' dir='ltr'><strong>ante</strong></span> <span class='ocrx_word' id='word_1_605' title='bbox 1640 5239 1737 5282; x_wconf 88' lang='lat' dir='ltr'><strong>sacras</strong></span> 
     </span>
     <span class='ocr_line' id='line_1_50' title="bbox 98 5307 1738 5386; baseline -0.001 -15"><span class='ocrx_word' id='word_1_606' title='bbox 98 5313 197 5370; x_wconf 89' lang='lat' dir='ltr'><strong>debita</strong></span> <span class='ocrx_word' id='word_1_607' title='bbox 211 5309 329 5367; x_wconf 90' lang='lat' dir='ltr'><strong>reddare</strong></span> <span class='ocrx_word' id='word_1_608' title='bbox 344 5317 488 5380; x_wconf 88' lang='lat' dir='ltr'><strong>teneatur;</strong></span> <span class='ocrx_word' id='word_1_609' title='bbox 508 5307 643 5381; x_wconf 92' lang='lat' dir='ltr'><strong>quidquid</strong></span> <span class='ocrx_word' id='word_1_610' title='bbox 660 5310 688 5365; x_wconf 90' lang='lat' dir='ltr'><strong>in</strong></span> <span class='ocrx_word' id='word_1_611' title='bbox 709 5309 790 5366; x_wconf 90' lang='lat' dir='ltr'><strong>bonis</strong></span> <span class='ocrx_word' id='word_1_612' title='bbox 812 5311 891 5366; x_wconf 90' lang='lat' dir='ltr'><strong>inve·</strong></span> <span class='ocrx_word' id='word_1_613' title='bbox 948 5307 1142 5380; x_wconf 91' lang='lat' dir='ltr'><strong>expeditiones</strong></span> <span class='ocrx_word' id='word_1_614' title='bbox 1153 5309 1447 5367; x_wconf 84' lang='lat' dir='ltr'><strong>itacoucursusirebat</strong></span> <span class='ocrx_word' id='word_1_615' title='bbox 1459 5311 1609 5369; x_wconf 90' lang='lat' dir='ltr'><strong>viatorum.</strong></span> <span class='ocrx_word' id='word_1_616' title='bbox 1620 5314 1738 5386; x_wconf 84' lang='lat' dir='ltr'><strong>Propter</strong></span> 
     </span>
     <span class='ocr_line' id='line_1_51' title="bbox 99 5395 1738 5471; baseline 0.002 -16"><span class='ocrx_word' id='word_1_617' title='bbox 99 5401 196 5456; x_wconf 89' lang='lat' dir='ltr'><strong>nietur</strong></span> <span class='ocrx_word' id='word_1_618' title='bbox 210 5399 300 5470; x_wconf 88' lang='lat' dir='ltr'><strong>ipsius</strong></span> <span class='ocrx_word' id='word_1_619' title='bbox 311 5397 371 5453; x_wconf 88' lang='lat' dir='ltr'><strong>iisci</strong></span> <span class='ocrx_word' id='word_1_620' title='bbox 385 5395 510 5454; x_wconf 87' lang='lat' dir='ltr'><strong>dominio</strong></span> <span class='ocrx_word' id='word_1_621' title='bbox 526 5397 692 5468; x_wconf 90' lang='lat' dir='ltr'><strong>applicetur,</strong></span> <span class='ocrx_word' id='word_1_622' title='bbox 700 5397 894 5468; x_wconf 86' lang='lat' dir='ltr'><strong>praetereaque</strong></span> <span class='ocrx_word' id='word_1_623' title='bbox 948 5396 1023 5466; x_wconf 91' lang='lat' dir='ltr'><strong>quod</strong></span> <span class='ocrx_word' id='word_1_624' title='bbox 1037 5403 1079 5452; x_wconf 90' lang='lat' dir='ltr'><strong>ter</strong></span> <span class='ocrx_word' id='word_1_625' title='bbox 1094 5397 1246 5467; x_wconf 87' lang='lat' dir='ltr'><strong>quotannis</strong></span> <span class='ocrx_word' id='word_1_626' title='bbox 1266 5398 1417 5455; x_wconf 86' lang='lat' dir='ltr'><strong>anathema</strong></span> <span class='ocrx_word' id='word_1_627' title='bbox 1432 5401 1666 5471; x_wconf 90' lang='lat' dir='ltr'><strong>pronuntiabatur</strong></span> <span class='ocrx_word' id='word_1_628' title='bbox 1683 5403 1738 5459; x_wconf 90' lang='lat' dir='ltr'><strong>ritu</strong></span> 
     </span>
     <span class='ocr_line' id='line_1_52' title="bbox 99 5483 1736 5562; baseline 0.001 -18"><span class='ocrx_word' id='word_1_629' title='bbox 99 5486 276 5544; x_wconf 87' lang='lat' dir='ltr'><strong>sententiam</strong></span> <span class='ocrx_word' id='word_1_630' title='bbox 309 5485 612 5542; x_wconf 87' lang='lat' dir='ltr'><strong>excommunicationis</strong></span> <span class='ocrx_word' id='word_1_631' title='bbox 648 5485 783 5546; x_wconf 86' lang='lat' dir='ltr'><strong>incurrat.</strong></span> <span class='ocrx_word' id='word_1_632' title='bbox 822 5485 895 5542; x_wconf 87' lang='lat' dir='ltr'><strong>Huic</strong></span> <span class='ocrx_word' id='word_1_633' title='bbox 948 5483 1068 5540; x_wconf 89' lang='lat' dir='ltr'><strong>solemni</strong></span> <span class='ocrx_word' id='word_1_634' title='bbox 1082 5484 1110 5540; x_wconf 91' lang='lat' dir='ltr'><strong>iu</strong></span> <span class='ocrx_word' id='word_1_635' title='bbox 1129 5493 1308 5562; x_wconf 86' lang='lat' dir='ltr'><strong>grassatores</strong></span> <span class='ocrx_word' id='word_1_636' title='bbox 1332 5485 1506 5559; x_wconf 87' lang='lat' dir='ltr'><strong>publicarum</strong></span> <span class='ocrx_word' id='word_1_637' title='bbox 1522 5489 1736 5559; x_wconf 87' lang='lat' dir='ltr'><strong>viarum,vide·</strong></span> 
     </span>
     <span class='ocr_line' id='line_1_53' title="bbox 100 5571 1739 5644; baseline 0.004 -14"><span class='ocrx_word' id='word_1_638' title='bbox 100 5571 298 5630; x_wconf 88' lang='lat' dir='ltr'><strong>constitutioni</strong></span> <span class='ocrx_word' id='word_1_639' title='bbox 324 5573 478 5641; x_wconf 88' lang='lat' dir='ltr'><strong>respondet</strong></span> <span class='ocrx_word' id='word_1_640' title='bbox 501 5571 550 5628; x_wconf 92' lang='lat' dir='ltr'><strong>iiia</strong></span> <span class='ocrx_word' id='word_1_641' title='bbox 574 5584 660 5644; x_wconf 88' lang='lat' dir='ltr'><strong>quam</strong></span> <span class='ocrx_word' id='word_1_642' title='bbox 684 5573 751 5629; x_wconf 88' lang='lat' dir='ltr'><strong>Pius</strong></span> <span class='ocrx_word' id='word_1_643' title='bbox 772 5573 812 5629; x_wconf 87' lang='lat' dir='ltr'><strong>iii</strong></span> <span class='ocrx_word' id='word_1_644' title='bbox 833 5573 895 5630; x_wconf 88' lang='lat' dir='ltr'><strong>tulit</strong></span> <span class='ocrx_word' id='word_1_645' title='bbox 948 5572 1014 5629; x_wconf 87' lang='lat' dir='ltr'><strong>licet</strong></span> <span class='ocrx_word' id='word_1_646' title='bbox 1035 5573 1062 5628; x_wconf 95' lang='lat' dir='ltr'><strong>in</strong></span> <span class='ocrx_word' id='word_1_647' title='bbox 1082 5573 1168 5630; x_wconf 89' lang='lat' dir='ltr'><strong>Coena</strong></span> <span class='ocrx_word' id='word_1_648' title='bbox 1190 5575 1317 5644; x_wconf 87' lang='lat' dir='ltr'><strong>bomini,</strong></span> <span class='ocrx_word' id='word_1_649' title='bbox 1341 5576 1370 5631; x_wconf 87' lang='lat' dir='ltr'><strong>in</strong></span> <span class='ocrx_word' id='word_1_650' title='bbox 1396 5573 1476 5634; x_wconf 91' lang='lat' dir='ltr'><strong>iestis</strong></span> <span class='ocrx_word' id='word_1_651' title='bbox 1503 5578 1688 5636; x_wconf 71' lang='lat' dir='ltr'><strong>ascensionis</strong></span> <span class='ocrx_word' id='word_1_652' title='bbox 1710 5583 1739 5644; x_wconf 86' lang='lat' dir='ltr'><strong>ct</strong></span> 
     </span>
    </p>
   </div>
   <div class='ocr_carea' id='block_1_8' title="bbox 301 5695 1530 5782">
    <p class='ocr_par' dir='ltr' id='par_1_10' title="bbox 301 5695 1530 5782">
     <span class='ocr_line' id='line_1_54' title="bbox 301 5695 1530 5782; baseline 0.002 -32"><span class='ocrx_word' id='word_1_653' title='bbox 301 5708 415 5752; x_wconf 80' lang='lat' dir='ltr'><strong>raason.</strong></span> <span class='ocrx_word' id='word_1_654' title='bbox 433 5708 506 5752; x_wconf 83' lang='lat' dir='ltr'><strong>roxa</strong></span> <span class='ocrx_word' id='word_1_655' title='bbox 520 5695 568 5754; x_wconf 85' lang='lat' dir='ltr'><strong>IV.</strong></span> <span class='ocrx_word' id='word_1_656' title='bbox 702 5775 705 5782; x_wconf 21' lang='lat' dir='ltr'>y</span> <span class='ocrx_word' id='word_1_657' title='bbox 1494 5695 1530 5758; x_wconf 76' lang='lat'><strong>29&#39;</strong></span> 
     </span>
    </p>
   </div>
   <div class='ocr_carea' id='block_1_9' title="bbox 0 0 2047 6324">
    <p class='ocr_par' dir='ltr' id='par_1_11' title="bbox 0 0 2047 6324">
     <span class='ocr_line' id='line_1_55' title="bbox 0 0 2047 6324; baseline 0 0"><span class='ocrx_word' id='word_1_658' title='bbox 0 0 2047 6324; x_wconf 95' lang='lat' dir='ltr'><strong> </strong></span> 
     </span>
    </p>
   </div>
  </div>
 </body>
</html>
