4102 6322
688 397 918 460 EPISTOLAE.
940 394 1020 462 Lm.
1041 401 1097 463 Vl.

56 557 208 618 solvetis.
226 556 267 619 Si
284 555 358 634 quis
372 555 475 634 igitur
486 556 523 618 in
537 555 684 620 futurum
699 559 867 638 archiepl-
922 557 1108 624 contovere.
1119 558 1311 639 Eapropter,
1321 559 1435 626 dilecti
1445 561 1481 625 in
1491 561 1630 626 Domino
1640 551 1715 638 lilii,

56 669 190 731 scopus,
209 655 277 716 aut
301 655 486 732 episcopus,
509 656 690 734 imperator
710 659 768 720 aut
792 673 864 731 rex,
921 658 1153 736 vestrisjustis
1167 657 1446 736 postulationibus
1465 662 1560 737 grato
1576 675 1720 722 concur-

58 752 218 828 priuceps
235 753 303 814 aut
320 753 399 824 dux,
423 767 544 826 comes,
560 753 756 826 vicecomes,
771 751 864 828 baro,
889 779 890 790 ¹
921 755 1032 816 rentes
1051 769 1201 828 assensu,
1225 770 1396 834 personas,
1422 758 1455 821 et
1478 757 1716 820 monasterium

59 851 116 911 aut
140 848 384 912 ecclesiastica
410 865 572 926 persona,
595 851 653 912 aut
678 851 864 924 saecularis,
921 853 1080 926 vestrum,
1097 853 1132 914 in
1150 869 1214 931 qao
1227 854 1339 917 divino
1355 855 1434 916 estis
1450 853 1606 932 obsequio
1621 870 1719 916 man-

59 948 145 1008 hanc
161 949 323 1008 nostram
338 947 596 1020 constitutionis,
618 948 651 1010 et
665 947 868 1025 acceptatio·
887 974 890 983 ·
922 949 1034 1027 cipali,
1051 967 1125 1012 cum
1139 949 1291 1012 omnihus
1302 949 1410 1022 honis,
1425 969 1498 1029 quae
1513 951 1549 1013 ln
1564 961 1717 1029 praesen-⁴

59 1045 110 1108 nis
121 1045 303 1122 paginam,
318 1045 439 1117 sciens,
454 1045 568 1106 contra
582 1059 654 1106 eam
669 1045 785 1107 venire
801 1046 869 1108 ten·
887 1039 891 1084 ·3
921 1043 1044 1105 tiamm
1060 1045 1306 1108 rationabiliter
1320 1047 1477 1124 possidet,
1494 1047 1551 1108 aut
1569 1047 1605 1107 in
1626 1045 1719 1106 sutu-

59 1142 192 1210 taverit,
208 1141 363 1202 secundo
377 1141 518 1204 tertiove
533 1142 744 1212 commonita,
761 1142 789 1202 si
801 1158 867 1204 non
922 1155 995 1202 rum
1006 1143 1107 1220 justis
1118 1143 1234 1216 modis,
1247 1143 1425 1221 praestante
1435 1145 1586 1217 Domino,
1595 1131 1719 1221 poterit

63 1237 301 1302 satisfactione
327 1255 475 1316 congrua
495 1239 731 1314 emendaverit,
757 1241 869 1317 potes·
923 1239 1073 1316 adipisci,
1098 1239 1159 1302 suh
1173 1239 1262 1303 beati
1282 1242 1384 1313 Petri,
1406 1243 1439 1303 et
1456 1242 1571 1303 nostra
1586 1241 1719 1318 proteo-

64 1337 150 1408 tatis,
162 1336 378 1414 honorisque
390 1337 444 1398 sui
456 1336 570 1398 careat
581 1337 752 1414 dignitate,
763 1353 868 1400 ream·
921 1335 1013 1398 tione
1023 1337 1233 1415 suscipimus,
1245 1337 1278 1400 et
1288 1339 1463 1416 praesentis
1476 1337 1591 1416 scripti
1605 1339 1720 1416 patro*

64 1449 125 1513 que
140 1449 177 1495 se
193 1433 317 1496 divino
328 1434 456 1511 judicio
469 1434 613 1496 existere
626 1434 666 1496 de
679 1435 868 1513 perpetrata
923 1433 1011 1496 cinio
1035 1436 1302 1498 ·communimus.
1333 1435 1383 1497 nd
1419 1435 1579 1497 indicium
1608 1435 1718 1497 autem

67 1533 244 1609 iniquitate
261 1533 453 1608 cognoscat,
470 1533 536 1594 eta
553 1533 780 1594 sacratissimo
793 1549 870 1594 cor-
923 1530 1114 1609 hujusmodi
1134 1549 1154 1594 a
1182 1531 1266 1594 Sede
1288 1531 1479 1609 apostolica
1503 1533 1719 1612 protectionis

67 1645 153 1708 pore,
174 1631 210 1692 et
231 1629 402 1706 sanguine
419 1629 490 1701 Dei,
508 1629 541 1691 et
555 1629 688 1691 Domini
704 1629 869 1708 Redemp-
924 1629 1098 1706 perceptae,
1126 1627 1209 1691 duos
1235 1629 1359 1691 solidos
1383 1627 1598 1692 denariorum
1620 1643 1722 1690 sena·

67 1727 145 1788 toris
160 1728 274 1790 nostri
289 1731 307 1789 J
310 1743 370 1788 esu
385 1727 508 1789 Christi
519 1725 628 1788 aliena
641 1727 709 1800 flat,
722 1728 820 1806 atque
832 1729 867 1789 in
922 1725 975 1787 tus
989 1722 1036 1805 (1)
1049 1727 1154 1802 gratis
1167 1725 1305 1799 oblatos,
1318 1717 1425 1800 noble,
1437 1727 1626 1806 nostrisque
1641 1743 1721 1788 suo·

70 1825 216 1886 extremo
247 1825 406 1886 examine
430 1825 589 1887 districtae
613 1825 733 1887 ultioni
755 1825 869 1904 subja·
924 1821 1111 1884 sessoribus
1127 1825 1223 1885 annis
1239 1822 1380 1900 singulis
1401 1824 1608 1902 persolvetis.
1625 1821 1719 1885 Nulli

71 1923 148 1982 ceat.
173 1923 316 1984 Cunctis
331 1924 441 1985 autem
455 1923 564 2002 eidem
580 1922 782 1984 monasterio
807 1939 867 1984 sua
923 1931 1002 1996 ergo
1016 1920 1150 1982 omnino
1165 1921 1337 1983 hominum
1348 1921 1448 1984 liceat
1461 1921 1547 1983 hanc
1560 1921 1718 1998 paginam

69 2021 139 2094 jura
167 2019 397 2090 servantibus,
428 2019 472 2081 sit
499 2035 566 2097 pax
595 2021 726 2081 Domini
763 2021 868 2082 nostri
923 2019 1045 2079 nostrae
1060 2019 1275 2095 protectionis
1294 2018 1488 2094 intringere,
1510 2019 1563 2081 vel
1583 2018 1614 2080 ei
1633 2028 1719 2079 ausu

72 2119 144 2176 Jesu
158 2117 300 2189 Christi,
317 2119 481 2193 quatenus
496 2117 529 2179 et
543 2117 598 2178 hic
612 2117 756 2179 fructum
771 2117 866 2180 honae
922 2115 1100 2178 temerario
1116 2117 1293 2178 contraire.
1312 2117 1347 2178 Si
1361 2117 1436 2193 quis
1451 2117 1561 2177 autem
1580 2116 1644 2177 hoo
1663 2116 1720 2177 at-

73 2213 207 2274 actionis
224 2213 426 2291 percipiant,
444 2215 477 2276 et
497 2213 584 2291 apud
606 2213 792 2278 districtum
810 2219 868 2293 ju·
920 2213 1052 2274 tentare
1064 2214 1325 2292 praesumpserit,
1337 2213 1602 2290 indignationem
1611 2213 1721 2274 omni*-

74 2310 171 2370 dicem
186 2312 331 2388 praemia
346 2312 480 2373 aeternee
496 2311 587 2388 pacis
598 2313 781 2375 inveniant.
923 2311 1067 2388 potentis
1097 2312 1157 2372 Dei
1186 2313 1219 2372 et
1245 2310 1418 2372 beatorum
1452 2311 1540 2373 Petri
1564 2312 1597 2372 et
1622 2299 1720 2372 Pauli

108 2407 223 2470 Datum
241 2410 472 2482 Laterani,lV
483 2410 557 2470 idus
572 2410 772 2480 novembris,
784 2427 869 2488 pon·
923 2407 1149 2485 apostolorum
1175 2411 1247 2486 ejus
1273 2425 1309 2468 se
1337 2392 1468 2470 noverit
1493 2409 1717 2470 incursurum.

74 2505 209 2568 titicatus
225 2507 338 2570 nostri
353 2523 441 2568 anno
466 2508 571 2570 sexto.
886 2572 888 2582 ,
922 2507 1041 2568 Datum
1056 2507 1224 2578 Laterani,
1242 2507 1285 2567 lV
1300 2505 1374 2566 idus
1389 2505 1590 2580 novembris,
1607 2505 1719 2583 ponus

923 2603 1040 2665 ficatus
1055 2603 1162 2665 nostri
1177 2619 1266 2664 anno
1280 2604 1385 2665 sexto.
1452 2609 1457 2620 ¹

402 2775 530 2862 XXVI

80 2918 124 2975 Ad
135 2917 390 2979 nwrtostertum
400 2919 432 2978 et
445 2919 651 2980 concentum
662 2920 867 2982 monasterti
1244 2873 1394 2959 XXVII

238 3015 361 3077 Sami
375 3017 524 3076 Martini
538 3019 579 3076 do
596 3020 694 3078 Valle·
922 3026 974 3086 Ad
991 3023 1219 3098 propomam
1239 3023 1273 3083 ct
1304 3021 1436 3098 fratres
1463 3023 1726 3133 Mortortcuses·

315 3157 350 3213 ιο
363 3155 528 3213 novembri,
544 3157 622 3214 qqqq,
1056 3123 1130 3184 ord.
1150 3123 1185 3183 S.
1204 3121 1351 3196 Attpustt
1365 3121 1582 3182 ttaoaostertt.

280 3277 434 3344 [Baliarium
444 3279 570 3340 Vatir.,l,
586 3279 653 3345 ton]
1153 3263 1187 3320 13
1215 3259 1379 3318 novembris
1407 3261 1487 3318 titt.

86 3399 272 3460 llonasterium
283 3402 865 3478 Sanctillartinidovaile,ejusquobona,
985 3383 1135 3451 menuctus,
1146 3386 1215 3439 ⁸³⁰⁶
1227 3385 1323 3437 “⁶³¹¹ss
1340 3384 1490 3436 clericorum
1502 3383 1572 3442 Μ’
1588 3381 1656 3448 ²⁰⁰·]

187 3493 363 3565 apostoticae
376 3491 459 3552 Sedis
473 3493 632 3566 patrocinio
647 3501 751 3553 ‘⁰⁰2⁰‘-
922 3511 1080 3570 'translatio
1095 3511 1260 3569 monasterii
1277 3509 1312 3568 de
1326 3511 1404 3570 Coelo
1418 3509 1514 3568 Aureo
1530 3507 1565 3568 de
1577 3507 1665 3582 Papia
1682 3499 1719 3566 ad

118 3617 277 3681 Honorius
290 3620 601 3696 episcopqs‚50rvug
612 3636 784 3682 servorum
794 3623 865 3694 Dei,
958 3601 1163 3658 monesterium
1189 3603 1376 3660 llortariense
1403 3599 1512 3658 ordinis
1539 3598 1635 3658 Sancti
1658 3597 1717 3656 Au·

86 3708 199 3776 dilectis
214 3717 296 3778 tiliis
306 3715 418 3779 abbati
431 3720 464 3780 et
479 3719 658 3780 conventui
672 3719 866 3782 monasterii
958 3691 1077 3764 8⁰⁸¹i¹¹¹³
1095 3690 1130 3747 ³¹)
1146 3691 1271 3748 H⁰ss⁰si⁰
1291 3689 1485 3748 ⁰⁰¹¹f¹fffl⁸²⁰l·

89 3809 185 3872 Sancti
200 3815 338 3876 Martini
353 3815 393 3876 de
407 3815 512 3888 Valle,
530 3816 682 3888 salutem,
699 3818 761 3879 etc.
963 3817 1129 3878 Honorius
1143 3816 1328 3893 episcopus,
1338 3828 1635 3876 servasservorum
1646 3803 1718 3884 net,

121 3907 333 3974 sacrosancta
348 3915 498 3974 Romana
514 3914 662 3975 Ecclesia
673 3912 820 3986 devotos,
837 3913 869 3976 et
923 3913 1052 3975 dilectis
1068 3913 1148 3975 tiliis
1169 3914 1348 3991 praeposito
1364 3914 1397 3974 et
1414 3911 1574 3974 tratribus
1593 3911 1720 3973 Morta-

88 4000 213 4068 ltumiles
238 4010 338 4080 tilios,
364 4025 408 4072 ex
428 4011 570 4072 assuetae
599 4009 733 4088 pietatis
757 4011 867 4073 cilicio
922 4009 1101 4083 riensibus,
1112 4010 1239 4072 ordinis
1249 4009 1559 4087 Sanctiltugustini,
1574 4006 1717 4070 salutem

89 4106 268 4178 propensius
286 4106 426 4183 diligere
441 4109 623 4179 consuevit,
639 4111 672 4170 et
688 4123 730 4170 ne
747 4123 869 4186 pravo-
923 4110 956 4170 et
967 4108 1184 4185 apostolicam
1198 4107 1475 4170 benedictionem.

90 4209 151 4258 rura
164 4201 331 4264 hominum
347 4204 508 4266 molestiis
524 4205 704 4281 agitentur,
719 4221 779 4268 eos
791 4209 868 4268 tan·
963 4209 1042 4279 Quae
1054 4207 1254 4284 apostolicae
1274 4206 1369 4268 Sedis
1384 4205 1552 4266 firmitatis
1570 4203 1721 4265 auctori-

92 4307 173 4367 uuam
187 4301 238 4376 pia
248 4303 358 4364 mater
370 4319 439 4364 suae
454 4303 669 4380 protectionis
684 4303 867 4366 munimine
922 4306 989 4368 tate
1012 4304 1149 4384 provide
1170 4303 1379 4378 ordinantur,
1403 4301 1445 4364 ab
1458 4301 1573 4364 eadem
1598 4299 1720 4362 dehent

121 4440 155 4513 (ll
175 4445 290 4506 dotarii
308 4455 424 4508 senatus
445 4465 495 4508 eos
512 4450 639 4508 indicant
661 4466 803 4520 nummos,
820 4453 866 4524 qui
922 4453 1017 4511 lomus
1036 4454 1072 4512 ab
1093 4467 1228 4526 osquam
1248 4452 1409 4512 Grimaldus
1428 4453 1457 4508 in
1477 4466 1564 4524 opere
1578 4448 1614 4508 de
1628 4451 1719 4510 Vero·

93 4523 193 4574 senatus
206 4523 358 4603 populique
379 4523 490 4580 romani
512 4536 617 4580 nomen
636 4523 866 4596 presciereltant.
922 4526 986 4582 nica
1004 4526 1075 4598 ugit,
1091 4532 1157 4582 taxa
1175 4525 1318 4583 recedere.
1335 4524 1433 4590 sottdt,
1455 4523 1545 4594 inquit
1566 4523 1623 4589 ille,
1638 4523 1721 4578 oront

95 4579 184 4642 llotum
204 4591 248 4647 alit
272 4609 288 4650 a
310 4593 489 4650 senatoribus
512 4594 635 4664 procusi,
660 4609 716 4665 quo
736 4601 867 4666 tompore
922 4597 1138 4664 cananaeorum,
1162 4611 1211 4652 eeu
1229 4597 1372 4652 obolorum
1389 4595 1450 4650 ΧΠ
1461 4594 1553 4662 senia
1578 4607 1628 4666 pro
1648 4606 1718 4664 quo·

94 4651 149 4710 uris
167 4657 248 4743 Romu
271 4676 287 4719 a
330 4663 490 4721 ontiticibus
509 4664 684 4734 dissidebat;
706 4665 762 4732 alii,
783 4664 868 4722 rebus
922 4665 1000 4723 libet.
1023 4669 1083 4736 Quo
1112 4667 1203 4739 pretio
1226 4673 1342 4733 statuto,
1367 4665 1597 4748 supputationem
1621 4677 1718 4736 prose-

96 4733 246 4798 composuts,
264 4747 298 4790 ac
311 4679 442 4791 floriano
461 4735 598 4792 Pontittce
614 4743 767 4802 annuente,
786 4749 801 4792 a
819 4751 865 4793 se·
885 4787 888 4796 .
923 4738 1018 4809 quitur
1037 4753 1044 4793 :
1065 4740 1163 4794 Decem
1181 4737 1266 4794 solidi
1289 4739 1415 4806 arpenta
1437 4735 1615 4807 conficiebant
1633 4749 1717 4790 aum·

97 4801 150 4850 natu
163 4805 292 4868 percussi.
310 4807 379 4862 ilem
396 4804 470 4862 hanc
489 4807 585 4862 multis
601 4813 754 4877 pertractat
766 4807 795 4862 in
814 4822 867 4864 suo
922 4825 998 4866 mam
1019 4825 1139 4864 aureum
1158 4809 1302 4878 juliorum
1315 4809 1342 4864 X
1357 4807 1413 4876 oaj.
1433 4806 1502 4863 td...
1519 4807 1611 4862 XXX.
1630 4804 1720 4862 Sottdi

97 4867 864 5017 tritttttttttaumtttttttttatsstt
922 4877 1721 5022 tetenstete“attestattamtttns

97 4999 172 5064 dictus
188 5011 363 5083 Florsvanta,
378 5014 424 5073 liic
442 5015 645 5075 consulendus.
669 5021 805 5076 Putamus
823 5027 866 5076 ta·
921 5035 1062 5078 censusa
1090 4963 1264 5076 magisterio
1284 5018 1448 5087 solvendus,
1467 5032 1524 5074 uon
1545 4989 1601 5074 nis'i
1622 5015 1722 5074 obolos

99 5078 323 5160 mentionarium
345 5087 510 5160 posterioris
530 5090 648 5160 generis
668 5103 802 5146 nummos
821 5089 868 5147 liic
922 5090 1169 5164 vigintiquinque
1191 5096 1332 5147 nostrates
1356 5089 1492 5149 conticit:
1514 5087 1619 5146 Tenuis
1638 5101 1719 5156 sane,
1776 5111 1778 5118 ·

100 5147 251 5234 ¹[ttelltgtt03
273 5173 338 5240 oum
362 5157 467 5230 alioqui
490 5156 598 5216 denarii
620 5159 708 5216 invito
730 5159 867 5218 Pontitioe
923 5176 957 5220 ac
977 5168 1056 5218 curta
1076 5161 1213 5233 supellex.
1235 5161 1264 5218 Sl
1280 5161 1345 5233 quis
1365 5159 1437 5217 torte
1451 5159 1575 5242 objiciat,
1596 5157 1718 5218 (trimat-

99 5224 195 5287 signati,
208 5226 370 5286 adulterinis
389 5235 610 5300 accensendum
626 5245 698 5302 quos
712 5229 817 5288 idcirco
833 5231 868 5289 alt
922 5233 1001 5300 dum,
1016 5230 1099 5304 cujus
1113 5231 1198 5288 verbo
1215 5231 1243 5288 ia
1261 5233 1336 5288 notis
1352 5229 1388 5288 ad
1402 5243 1578 5302 superiorem
1601 5230 1721 5287 ttonorti

102 5294 143 5362 usu
158 5298 231 5364 atque
243 5300 415 5356 commercio
435 5299 546 5372 penitus
567 5303 684 5358 exulare
697 5301 778 5374 jubet
790 5305 866 5360 llar-
886 5310 888 5321 '
922 5304 1027 5360 bullam
1050 5303 1228 5374 protulimus,
1249 5303 1315 5370 alio,
1335 5303 1364 5358 in
1383 5315 1543 5360 marcarum
1565 5301 1663 5358 valore
1682 5301 1719 5358 li·

102 5357 210 5446 ¹‚'.¹¹¹¹⁸.¹V
225 5367 252 5425 iu
275 5371 393 5442 epistole
417 5370 452 5427 ad
476 5370 637 5444 Philippum
662 5373 761 5432 Caveri
787 5374 868 5432 Urbis
921 5373 1041 5434 brantio.
1062 5374 1102 5430 uti
1130 5373 1239 5444 pretio;
1260 5388 1291 5430 re
1312 5374 1436 5441 enimus,
1460 5370 1629 5428 dissimilem
1648 5385 1718 5444 sup-

102 5435 214 5491 tuauum
233 5442 347 5512 scripta,
368 5439 414 5497 die
437 5441 471 5498 26
494 5440 654 5500 decembris
677 5444 756 5512 1282,
781 5457 866 5515 quam
923 5444 1077 5518 putationis
1095 5445 1232 5500 rationem
1255 5388 1400 5501 agitasse
1423 5457 1584 5500 marcarum
1606 5443 1721 5499 notione

105 5505 250 5566 ueneratus
273 5513 444 5568 Florevants
464 5513 523 5569 suis
542 5513 641 5571 inserit
662 5515 865 5571 lumdruttoui·
923 5515 1117 5600 repetendam.
1129 5515 1239 5572 llaroas
1249 5515 1463 5588 sterlingorum,
1476 5513 1539 5571 sive
1551 5513 1720 5585 anglicanas

103 5561 151 5689 {alili
165 5585 228 5702 ilafe
241 5581 283 5640 tt.
303 5581 347 5639 Ad
366 5582 754 5666 geminsm'igiturlsenatus
773 5600 888 5642 mone·
923 5587 961 5642 ibt
984 5586 1122 5658 explicat;
1152 5584 1290 5668 hicovero
1313 5601 1373 5656 eas,
1399 5599 1520 5659 quarum
1546 5582 1721 5658 frequentior

134 5651 160 5704 u,
172 5657 200 5699 so
210 5647 265 5708 idos
280 5659 396 5709 revocat
408 5655 525 5709 lionorn
540 5661 712 5710 constitutio.
923 5657 1021 5715 llomoe
1034 5671 1112 5727 usus,
1126 5655 1269 5714 descrtlnt.

132 5708 187 5776 Qun
200 5731 259 5780 tero
273 5722 427 5782 solidorum
440 5725 520 5781 valor
535 5722 582 5781 liic
595 5723 794 5784 definiendus?
808 5727 865 5784 No·
884 5741 889 5752 ·
