4006 6346
879 293 1056 354 HONORII
1080 295 1124 354 111
1146 293 1293 356 OPERA.

583 457 736 547 GLXHl

166 621 191 632 ”
304 613 356 672 Ad
370 611 405 674 C.
420 610 594 673 rectorem
605 612 784 685 hospitatis
804 613 1003 674 Misnensis.

543 741 577 798 {9
586 743 679 798 martii
692 741 770 798 liii.

325 865 450 930 [Gesdorl,
465 863 527 916 Cod.
542 864 648 930 diplom.
663 865 766 922 Saron..
782 865 813 928 11,
825 880 859 924 rr,
873 865 898 925 3,
911 881 937 916 n.
949 865 987 930 5.]

253 983 288 1052 h.
301 998 410 1049 rectore
425 991 586 1064 postulante
608 990 670 1063 eius
692 1005 845 1064 personam
861 997 889 1048 et
914 989 1053 1063 hospitale

292 1082 437 1139 Misnense
454 1094 518 1138 curn
534 1079 666 1137 omnibus
678 1079 761 1137 bonis
779 1079 831 1136 sub
846 1079 921 1137 beati
937 1080 1010 1137 Petri
1026 1083 1055 1136 et

291 1185 343 1228 sua
355 1169 531 1243 protectione
543 1169 671 1241 suscipit.

294 1307 463 1370 Honorius
472 1305 658 1382 episcopus,
670 1319 787 1366 servus
798 1319 970 1366 servorum
980 1305 1050 1376 Dei,

256 1405 376 1467 dilecto
390 1403 458 1464 lilio
473 1403 508 1462 G.
533 1402 655 1464 rectori
671 1402 845 1479 hospitalis
860 1403 1050 1474 Misnensis,

255 1502 396 1564 salutem
412 1501 445 1562 et
458 1499 682 1576 Apostolicam
695 1499 970 1597 benedictionem.

297 1599 515 1668 sacrosancta
531 1595 679 1658 Ecclesia
695 1598 845 1658 Romana
867 1596 1002 1658 devotos
1020 1598 1053 1658 et

255 1695 398 1758 humiles
427 1694 514 1756 tilios
540 1709 583 1755 ex
613 1693 755 1755 assuetae
784 1694 918 1770 pietatis
941 1693 1051 1755 oliicio

256 1793 454 1872 propensius
469 1792 610 1868 diligere
625 1791 809 1860 consuevit,
826 1791 859 1853 et
873 1807 915 1852 ne
929 1807 1052 1868 pravo-

253 1907 327 1954 rum
342 1891 515 1952 hominum
532 1889 694 1951 molestiis
707 1889 885 1964 agitentur,
903 1903 960 1950 eos
974 1889 1052 1950 tan·

254 2005 352 2068 quam
365 1988 420 2066 pia
432 1987 538 2049 mater
553 2001 622 2047 suae
634 1985 852 2065 protectionis
866 1982 1051 2046 munimine

254 2085 441 2146 contovere.
476 2083 669 2159 Eapropter,
700 2081 813 2144 dilecti
846 2081 880 2142 in
910 2067 1050 2144 'Domino

252 2175 326 2253 lilii,
342 2179 409 2243 tuis
427 2177 527 2256 justis
551 2178 829 2256 postulationibus
854 2177 949 2256 grato
964 2194 1048 2240 oon-

253 2278 425 2341 currentes
440 2291 591 2348 asscnsu,
609 2291 786 2354 personam
811 2277 903 2338 tuam
925 2276 1050 2339 ethos-

251 2375 354 2454 pitale
369 2373 538 2434 Misnense
551 2373 786 2436 cumomnibus
799 2373 909 2443 bonis,
924 2389 998 2450 quae
1014 2375 1047 2435 in

252 2471 508 2551 praesentiarum
516 2469 762 2534 rationabiliter
772 2469 930 2548 possidet,
945 2471 1002 2532 ant
1012 2471 1047 2531 in

248 2557 401 2633 ¹futurum
428 2568 609 2645 praestante
633 2568 772 2629 Domino
801 2568 923 2644 poterit
947 2569 1048 2646 iustis

252 2666 360 2729 modis
377 2665 530 2743 adipisci,
560 2665 620 2726 sub
643 2664 732 2726 beati
759 2664 850 2725 Petri
878 2664 911 2726 et
933 2665 1048 2727 nostra

251 2764 457 2844 protectione
484 2763 695 2841 suscipimus,
723 2759 913 2840 specialiter
938 2764 1048 2825 autem

250 2863 370 2936 terras,
400 2857 638 2939 possessiones,
671 2856 797 2928 domos,
827 2860 986 2933 redditus,
1015 2861 1049 2940 et

252 2959 320 3022 alia
334 2960 432 3032 bona,
453 2959 539 3021 sicut
553 2975 593 3020 ea
617 2958 729 3020 omnia
749 2958 840 3034 juste
855 2973 895 3018 ac
909 2957 1047 3035 pacifice

252 3055 439 3134 possidetis,
456 3053 517 3117 tibi
532 3071 571 3116 ac
586 3071 645 3132 per
660 3057 692 3116 te
709 3050 867 3131 hospitali
876 3057 946 3131 jam
960 3052 1046 3116 dicto

253 3153 451 3216 auctoritate
461 3151 651 3229 Apostolica
667 3150 902 3212 confirmamus
914 3151 948 3213 et
958 3168 1047 3229 prae-

253 3250 357 3311 sentis
370 3247 678 3324 scriptipatroclnio
690 3247 942 3308 communimus.
953 3247 1045 3308 Nulli

252 3363 331 3424 ergo
348 3344 482 3406 omnino
498 3343 669 3404 hominum
686 3343 774 3404 hanc
791 3343 946 3420 paginam
963 3360 1049 3419 nos-

251 3447 313 3509 trae
329 3441 590 3505 confirmationis
613 3439 808 3516 infringere,
839 3440 892 3502 vel
907 3439 939 3501 ei
962 3456 1047 3502 ausu

254 3537 431 3606 temerario
447 3537 624 3600 contraire.
645 3538 769 3614 Siquis
784 3537 894 3599 autem
910 3535 973 3600 hoc
990 3539 1046 3600 at-

250 3639 379 3704 tentare
392 3635 648 3714 praesumpserit,
658 3634 920 3712 indignationem
933 3636 1045 3697 omni-

251 3735 397 3818 potentis
422 3734 480 3796 Dei
510 3734 543 3795 et
572 3733 744 3795 beatorum
774 3733 865 3794 Petri
892 3733 925 3794 et
950 3735 1045 3796 Pauli

251 3834 478 3913 apostolorum
502 3833 575 3907 ejus
604 3846 639 3891 se
665 3830 798 3892 noverit
818 3831 1043 3894 incursurum.

251 3933 370 3994 Datum
384 3929 551 4000 Laterani,
563 3931 639 3989 XIV
649 3927 809 3990 kalendas
819 3928 946 4006 aprilis,
957 3943 1045 3993 anno

252 4029 380 4090 octauo.

585 4277 717 4367 CLXV

252 4433 304 4494 Ad
318 4427 527 4493 abbatissam
541 4423 576 4485 ct
598 4437 739 4484 sorores
753 4423 787 4484 S.
816 4422 945 4494 Crucis,
970 4425 1042 4486 ord.

521 4520 771 4583 cisterciensis.

534 4661 566 4718 il
577 4659 670 4717 martii
682 4659 760 4717 trit.

292 4785 418 4852 [Gesdorl,
435 4784 496 4834 Ccd.
505 4783 613 4847 diplom.
622 4783 724 4840 Sason,
737 4781 880 4841 11,1v‚ioo,
893 4795 918 4832 n.
931 4781 999 4846 392]

251 4912 410 4976 claustrum
425 4911 453 4968 S.
469 4909 566 4968 Crucis
585 4907 845 4965 sanctimonialium
860 4907 968 4964 ordinis
982 4906 1041 4966 Cis·

285 4995 444 5067 terciensis,
455 4999 546 5069 'prope
559 4993 680 5052 Misnam
691 5009 775 5066 supra
787 4995 879 5067 ripum
890 4994 989 5064 Albis,
1002 4994 1043 5054 cis

285 5087 444 5148 conllrmat.

289 5213 456 5278 Honorius
465 5207 650 5288 episcopus,
664 5222 780 5269 servus
790 5223 961 5270 serrorum
970 5209 1040 5281 Dei,

249 5313 380 5377 dilectis
393 5312 429 5372 in
445 5306 576 5369 Christo
593 5304 724 5366 liliahus
749 5304 925 5366 abbatissae
940 5305 973 5367 et
988 5321 1043 5367 so-

248 5411 380 5475 roribus
395 5403 588 5469 monasterii
602 5403 731 5464 Sanotae
743 5401 858 5463 Crucis
868 5400 955 5478 apud
966 5403 1043 5464 Mis·

248 5525 292 5572 ne
319 5504 447 5569 ordinis
468 5499 710 5573 Cisterciensis,
746 5498 927 5560 Misnensis
953 5498 1040 5561 dioe-

247 5607 347 5678 cesis,
363 5602 515 5672 salutem,
530 5599 592 5660 etc.

1846 296 1906 358 576

1149 454 1254 516 Justis
1281 453 1461 530 petentium
1491 453 1668 517 desideriis
1694 454 1831 532 dignum
1853 457 1908 520 est

1110 564 1171 610 nos
1187 549 1332 611 docilem
1359 551 1509 627 praehere
1534 567 1732 614 consensum
1758 553 1791 614 et
1813 555 1903 625 rota,

1110 647 1359 726 quaearationis
1369 648 1502 711 tramine
1512 666 1579 711 non
1590 649 1790 723 discordant,
1802 651 1907 714 effec-

1110 746 1146 807 tu
1158 747 1379 822 prosequente
1397 746 1574 822 complere.
1591 750 1642 808 Ex
1663 748 1780 810 tenore
1797 749 1907 825 siqui-

1110 840 1183 903 dem
1197 842 1318 904 vestrae
1337 842 1508 919 petitionis
1528 844 1717 920 accepimus
1745 845 1830 922 quod
1845 845 1905 906 di-

1109 939 1213 1001 lectus
1225 940 1314 1000 filius
1328 939 1449 1001 nobilis
1477 941 1531 1001 vir
1545 941 1782 1014 Theodericus,
1812 959 1907 1004 mar-

1109 1035 1185 1097 chio
1218 1037 1383 1114 quondam
1423 1037 1602 1098 Misnensis
1642 1039 1675 1100 ct
1709 1039 1903 1106 orientalis.

1108 1133 1217 1194 locum
1258 1134 1433 1211 quemdam
1476 1151 1578 1212 prope
1615 1136 1758 1196 Misnam
1800 1153 1906 1214 supra

1107 1230 1215 1307 ripam
1227 1231 1332 1294 albiae
1347 1231 1382 1292 in
1393 1231 1536 1293 decursu
1551 1231 1658 1309 ipsius
1682 1233 1829 1294 fluminis
1853 1234 1907 1294 si-

1107 1327 1176 1389 tum
1191 1328 1232 1390 ad
1248 1329 1407 1391 honorem
1423 1330 1546 1390 sanctae
1562 1329 1594 1391 et
1614 1330 1904 1393 victoriosissimae

1108 1425 1232 1498 Crucis,
1243 1424 1300 1505 [etl
1312 1428 1480 1505 perpetuae
1490 1427 1637 1502 Virginis
1655 1428 1904 1490 DeiGenitricis

1107 1523 1232 1596 Mariae,
1251 1523 1285 1584 in
1300 1539 1365 1602 quo
1380 1524 1562 1586 claustrum
1592 1525 1904 1588 sanctimonialium

1108 1619 1234 1681 ordinis
1249 1621 1478 1683 cisterciensis
1499 1637 1559 1698 pro
1574 1621 1694 1684 animae
1709 1639 1779 1684 suae
1790 1639 1905 1684 reme-

1107 1717 1162 1779 dio
1173 1717 1228 1795 pia
1241 1718 1275 1780 et
1288 1718 1427 1796 provida
1440 1718 1683 1782 deliberatione
1698 1721 1902 1782 construxe-

1107 1815 1151 1877 rit
1162 1815 1287 1893 pariter
1301 1816 1334 1878 et
1348 1815 1389 1878 de
1410 1816 1506 1878 honis
1522 1817 1591 1878 suls
1613 1817 1788 1890 dotaverit,
1804 1818 1903 1880 vobis

1106 1912 1147 1974 de
1181 1925 1345 1975 consensu
1374 1913 1555 1976 dioecesani
1589 1915 1654 1977 loci
1683 1917 1901 1988 concesserit,

1106 2011 1244 2089 proinde
1273 2012 1310 2073 ut
1335 2011 1371 2072 in
1396 2011 1583 2088 patentibus
1608 2013 1729 2075 litteris
1757 2014 1904 2090 desuper

1106 2108 1264 2172 conlectis
1273 2109 1405 2187 plenius
1421 2109 1542 2172 dicitur
1556 2111 1736 2186 contineri;
1753 2126 1813 2172 nos
1827 2112 1901 2173 ita-

1105 2223 1168 2285 que
1183 2207 1304 2268 vestris
1320 2207 1618 2284 supplicationibus
1631 2208 1793 2280 inclinati,
1810 2209 1903 2286 quod

1104 2319 1205 2380 super
1214 2305 1277 2366 hoc
1287 2304 1328 2366 ab
1340 2305 1454 2367 eodem
1478 2306 1671 2368 marchione
1686 2306 1740 2383 pie
1759 2321 1799 2368 ac
1814 2322 1901 2383 pro-

1102 2401 1178 2462 vide
1193 2401 1315 2464 factum
1326 2402 1386 2473 est,
1398 2403 1507 2464 ratum
1522 2403 1556 2464 et
1579 2402 1708 2464 firmum
1723 2403 1900 2476 habentes,

1103 2499 1136 2560 id
1152 2497 1349 2562 auctoritate
1374 2500 1564 2577 apostolica
1588 2501 1834 2572 confirmamus,
1865 2506 1902 2563 et

1103 2596 1277 2672 praesentis
1292 2597 1407 2676 scripti
1430 2599 1615 2675 patrocinio
1641 2600 1898 2660 communimus

1103 2693 1196 2754 Nulli
1224 2709 1302 2770 ergo
1331 2695 1465 2756 omnino
1489 2696 1660 2757 hominum
1684 2697 1784 2759 liceat
1810 2697 1901 2758 hanc

1103 2790 1259 2868 paginam
1274 2793 1398 2854 nostrae
1416 2793 1678 2856 confirmationis
1698 2793 1899 2878 intringere,

1102 2889 1155 2950 vel
1179 2889 1211 2950 ei
1237 2905 1322 2950 ausu
1348 2890 1527 2952 temerario
1554 2891 1732 2953 contraire.
1758 2892 1793 2952 Si
1822 2893 1900 2969 quis

1102 2989 1213 3049 autem
1239 2986 1303 3049 hoc
1325 2987 1489 3050 attentare
1513 2988 1771 3066 praesumpserit,
1802 2989 1899 3051 indi-

1102 3083 1293 3160 gnationem
1320 3085 1555 3162 omnipotentis
1578 3085 1638 3147 Dei
1663 3101 1703 3148 ao
1721 3085 1899 3148 beatorum

1102 3181 1193 3243 Petri
1212 3183 1245 3242 et
1259 3182 1356 3243 Pauli
1371 3181 1596 3258 apostolorum
1625 3185 1697 3260 ejus
1715 3199 1751 3245 se
1765 3185 1901 3245 noverit

1101 3276 1323 3338 incursurum.
1335 3279 1454 3339 Datum
1475 3279 1643 3353 Laterani,
1657 3281 1718 3340 Xll
1733 3279 1900 3342 kalendas

1102 3373 1231 3452 aprilis,
1246 3389 1334 3438 anno
1349 3375 1478 3438 octavo.

1419 3669 1572 3756 CLXVI

1219 3821 1271 3880 Ad
1284 3822 1480 3894 apocopum
1501 3822 1772 3884 Atrebatcrasem.

1378 3951 1413 4010 23
1426 3952 1520 4010 martii
1535 3953 1614 4030 llil.

1118 4073 1238 4138 litasset..
1248 4072 1294 4124 lib.
1308 4073 1375 4132 VIII,
1388 4075 1462 4140 epist.
1471 4075 1526 4126 332.
1538 4077 1597 4128 idas.
1611 4077 1728 4129 LaPorte
1737 4077 1771 4129 dn
1783 4079 1877 4144 nteit]

1118 4197 1151 4254 lii
1166 4196 1272 4265 villum,
1282 4212 1345 4269 quae
1360 4199 1517 4272 appellatur
1531 4199 1699 4270 vitriacum,
1712 4201 1874 4262 confirmat.

1139 4327 1317 4402 Honorius
1333 4329 1407 4402 etc,
1426 4331 1608 4394 venerabili
1625 4331 1721 4394 tratri
1736 4334 1894 4411 episcopo

1098 4425 1287 4487 atrebaten.

1139 4524 1219 4584 Cum
1233 4539 1251 4584 a
1267 4521 1362 4585 nobis
1376 4525 1509 4600 petitur,
1517 4527 1592 4600 eto,
1605 4542 1710 4602 usquc
1724 4527 1891 4592 effectum.

1098 4621 1291 4698 Eapropter‚
1320 4623 1522 4685 venerahilis
1548 4625 1583 4685 in
1615 4625 1745 4688 Christo
1773 4626 1892 4700 frater,

1098 4717 1166 4778 tuis
1179 4717 1278 4794 justis
1304 4719 1594 4796 postulationibus,
1611 4722 1687 4795 etc„
1703 4737 1809 4798 aspere
1831 4739 1894 4786 as-

1100 4815 1352 4888 sensu,villam,
1378 4831 1451 4894 quae
1480 4819 1668 4896 appellatur
1692 4817 1890 4896 vitriacum,

1098 4910 1193 4974 bonae
1204 4915 1371 4975 memoriae
1387 4916 1423 4975 Ρ.
1440 4916 1677 4992 praedecessori
1687 4918 1744 4980 tuo
1764 4917 1798 4979 in
1809 4935 1893 4982 con-

1098 5009 1262 5070 cambium
1286 5026 1346 5086 pro
1369 5011 1454 5084 vico,
1472 5013 1529 5090 qui
1560 5014 1663 5076 strata
1689 5015 1821 5086 dicitur,
1847 5017 1892 5078 ah

1097 5107 1230 5182 inclytae
1245 5107 1484 5170 recordationis
1498 5103 1571 5182 Ph,
1581 5126 1659 5188 rege
1671 5113 1890 5188 Francorum,

1098 5219 1172 5264 curn
1183 5203 1392 5280 pertinentiis
1401 5206 1470 5268 suis
1480 5207 1601 5280 datam,
1611 5209 1890 5288 sicuteamjuste,

1098 5301 1268 5372 canonice,
1277 5303 1892 5385 aopaoillcepossides,etinipsisregis

1097 5397 1217 5459 litteris
1231 5395 1352 5460 dicitur
1362 5400 1537 5474 contineri,
1549 5403 1610 5465 tibi
1620 5405 1653 5466 et
1665 5421 1725 5482 per
1738 5407 1770 5468 te
1781 5407 1894 5468 eccle-

1097 5494 1156 5556 siae
1180 5495 1245 5556 tuae
1272 5495 1467 5559 auctoritato
1491 5502 1682 5577 apostolica
1707 5504 1892 5566 conflrma-

1097 5607 1181 5665 mus,
1207 5592 1240 5653 et
1254 5593 1428 5674 praesentis
1449 5596 1563 5674 scripti
1583 5599 1768 5676 patrocinio
1793 5617 1892 5664 com-
