3948 6326
56 365 109 426 609

57 523 121 584 dan
143 520 380 584 inviolabiliter
408 522 590 596 observari,
610 521 714 586 donec
730 523 762 584 id
780 538 839 600 per

54 619 204 698 jndicium
220 621 321 682 curiae
334 621 436 697 regiae
448 620 549 683 luerit
563 621 790 694 emendatum
807 621 840 682 et

57 719 82 778 si
92 733 152 778 non
167 716 264 778 ambo
275 718 327 778 his
336 719 558 796 exsequendis
575 719 744 795 potuerint
757 720 840 780 inte·

56 831 147 886 resse,
161 814 247 878 alter
275 814 423 892 ipsorum
438 831 478 877 ea
492 816 714 878 nihilominus
737 832 837 877 exse-

56 915 175 990 quatur.
201 913 337 974 Placeat
354 929 434 990 ergo
462 913 534 986 tibi,
566 929 637 986 rex,
664 913 840 975 consilium

58 1010 205 1083 nostrum,
231 1011 264 1071 et
278 1011 389 1072 sciens
409 1011 495 1088 quod
511 1011 689 1082 clementia
699 1012 732 1072 et
745 1010 839 1072 veri·

57 1109 101 1168 ias
115 1107 303 1169 custodiunt
314 1124 438 1186 regem,
459 1110 491 1170 et
502 1109 678 1170 roboratur
693 1108 841 1170 clemen-

57 1205 244 1266 tialhrouus
272 1208 356 1282 eJus,
375 1221 456 1282 erga
474 1205 671 1282 praedictum
688 1205 840 1267 comitem

58 1301 166 1363 exhibe
180 1303 213 1363 te
238 1303 444 1375 clementem,
461 1303 508 1364 ita
526 1303 612 1380 quod
627 1303 840 1380 propitiatio-

57 1415 122 1460 nem
149 1398 296 1460 divinam
320 1400 442 1462 exinde
456 1400 591 1461 uberius
616 1401 787 1473 merearis,
809 1403 843 1461 et

57 1513 108 1557 nos
120 1497 150 1558 et
163 1497 222 1558 alii
234 1497 291 1574 qui
306 1497 339 1560 te
353 1497 535 1573 diligimus,
552 1497 841 1560 mansuetudinem

58 1595 136 1656 tuam
151 1594 331 1656 debeamus
344 1595 379 1656 in
394 1595 533 1660 Domino
545 1595 663 1658 merito
674 1610 843 1658 commen-

58 1689 137 1752 dare.
153 1693 274 1754 Datum
294 1693 462 1765 Laterani,
478 1695 508 1754 X
524 1692 592 1754 kal.
618 1692 709 1766 maii,
726 1693 841 1770 ponti-

58 1787 163 1850 tlcatus
177 1789 287 1852 nostri
301 1805 390 1852 anno
405 1791 534 1853 octavo.

91 1899 129 1956 lo
153 1900 313 1958 euncdem
338 1899 413 1971 fere
439 1900 579 1960 modum
600 1898 770 1972 scriptum
791 1897 842 1959 esi

59 1994 299 2071 archiepiscopo
324 1995 480 2056 Remensi
502 1995 535 2058 ei
558 1996 712 2074 episcopo
734 1994 844 2056 Silva-

59 2091 207 2164 nectensi,
220 2090 333 2154 verbis
348 2094 573 2170 competenter
583 2093 759 2154 mutatis«
773 2093 842 2154 Nos

59 2189 241 2250 enimvobis
252 2191 369 2251 damus
381 2190 504 2253 nostris
518 2190 639 2252 litteris
652 2191 686 2250 in
697 2205 844 2268 praecep-

60 2285 96 2346 tis
110 2303 179 2364 que
193 2287 348 2349 volumus
368 2288 470 2350 etiam
493 2287 534 2349 ad
559 2291 689 2351 vestros
710 2304 844 2350 succes-

60 2399 141 2444 sores
155 2383 303 2447 extendi.
319 2401 338 2446 s
353 2385 472 2448 Datum
486 2387 522 2448 ut
537 2401 649 2466 supra.

382 2661 513 2750 dxcv

86 2807 131 2864 Ad
142 2803 374 2880 praepositum
391 2807 646 2882 cepittdumque
664 2809 811 2868 Hones-

370 2905 517 2980 aienses.

334 3033 368 3090 23
376 3033 472 3106 aprilis
482 3033 561 3091 liii.

158 3146 340 3211 [Wnrdtweim
363 3149 433 3199 Nora
447 3147 570 3210 subsidia,
585 3147 652 3206 XIII,
668 3147 735 3210 aaa]

64 3261 294 3346 conpositionem
320 3265 393 3320 inter
422 3264 606 3336 prepositum
633 3263 846 3335 capitulumque

93 3351 306 3424 honaugienses
321 3367 355 3408 ex
369 3365 425 3408 uua
442 3359 531 3424 parte,
542 3359 570 3408 et
582 3351 628 3410 W.
639 3351 845 3408 marescalcum

92 3439 305 3512 argentinensis
320 3441 446 3513 episcopi
461 3455 496 3496 ex
511 3441 598 3497 altera
618 3437 777 3497 confirmat.

97 3567 271 3638 Honorius,
284 3567 347 3628 etc.

97 3664 138 3723 Ea
149 3680 220 3740 quaa
230 3663 359 3743 judicio
370 3663 423 3724 vel
438 3663 616 3725 concordia
626 3663 847 3726 terminantur

66 3757 148 3821 firma
162 3761 283 3822 debent
294 3762 327 3822 et
339 3761 466 3823 illibata
483 3761 674 3838 persistere,
696 3761 739 3834 et,
755 3777 797 3820 ne
813 3761 848 3821 in

66 3857 206 3920 recidivae
235 3859 457 3920 contentionis
480 3859 671 3936 scrupulum
692 3857 848 3918 relaban-

66 3953 121 4024 tur,
140 3956 329 4033 Apostolico
344 3956 499 4018 convenit
524 3955 680 4034 praesidio
697 3971 847 4016 commu-

66 4050 133 4111 niri.
166 4054 359 4129 Eapropter,
390 4052 500 4114 dilecti
531 4053 565 4114 in
599 4052 739 4114 Domino
773 4052 845 4124 tilii,

66 4149 172 4210 restris
189 4151 292 4228 justis
315 4150 469 4228 precibus
493 4150 657 4223 inclinati,
675 4149 846 4226 composi-

66 4243 177 4307 tionem
194 4263 268 4324 quee
289 4249 379 4310 inter
392 4264 451 4310 vos
474 4249 624 4324 exparte
645 4263 722 4320 una,
746 4247 779 4308 et
792 4249 845 4308 W.

67 4345 292 4406 marescalcum
307 4345 510 4407 venerabilis
528 4345 640 4407 fratris
661 4345 765 4406 nostri
779 4348 846 4406 Ar-

641 363 869 426 EPISTOLAE.
899 365 975 424 LIB.
999 365 1084 424 VIII.

1211 551 1363 640 CXCVI

895 706 945 764 Ad
957 705 1152 776 Aretissam,
1162 707 1411 776 Fiereatinum,
1422 709 1641 776 Fesuieuum,
1652 705 1686 765 ei

1074 802 1303 863 castellanam
1321 807 1505 878 episcopos.

1177 941 1403 1014 idaprllisliid.

988 1063 1137 1127 [ilittarelli
1149 1064 1243 1118 Annal.
1261 1065 1412 1124 Cemeldul„
1429 1079 1489 1130 app.
1502 1062 1597 1132 clla]

896 1187 1013 1249 Mandat
1024 1195 1054 1246 ut
1064 1186 1166 1246 iratres
1181 1188 1411 1248 camaldulenses
1424 1192 1547 1248 Aretlnae
1557 1193 1688 1250 diaecesis

931 1292 947 1334 a
968 1277 1195 1336 molestatoribus
1216 1293 1267 1350 per
1290 1281 1615 1338 excommunicationem
1636 1282 1686 1340 de-

932 1363 1058 1424 landant.

936 1504 1606 1582 Honoriusepiscopus,servusservorum
1616 1508 1687 1580 Dei,

896 1599 1143 1662 venerabilibus
1153 1601 1312 1663 iratribus
1322 1604 1471 1676 Aretino,
1483 1604 1687 1679 Florentino,

897 1698 1074 1770 assulam,
1096 1698 1295 1772 castellano,
1319 1701 1484 1778 episcopis
1505 1704 1539 1763 et
1559 1701 1689 1764 dilectis

897 1793 975 1856 filiis
986 1795 1171 1868 abbatibus,
1186 1797 1363 1874 prioribus,
1377 1798 1688 1876 archipresbyteris,

897 1892 1057 1970 plebanis,
1079 1895 1112 1956 et
1131 1893 1206 1956 allis
1230 1895 1447 1959 eeclesiarum
1462 1896 1609 1973 praelatis
1632 1913 1691 1974 per

896 1991 1078 2064 Aretinam,
1096 1993 1334 2066 Florentinam,
1345 1994 1556 2066 Fesulanam,
1568 1995 1692 2056 etCas-

897 2089 1056 2151 tellanam
1082 2089 1241 2152 dioeceses
1264 2091 1465 2164 constitutis,
1498 2092 1692 2154 salutemet

896 2185 1121 2268 Apostolicam
1136 2187 1411 2250 benedictionem.

937 2285 1012 2346 Non
1027 2283 1151 2362 absque
1164 2285 1278 2347 dolore
1289 2286 1398 2348 cordis
1413 2288 1446 2348 et
1459 2286 1603 2364 plurima
1618 2279 1693 2349 tur-

897 2381 1032 2443 batione
1060 2382 1247 2450 didicimus,
1275 2383 1361 2460 quod
1387 2383 1434 2446 ita
1462 2384 1497 2448 in
1524 2385 1693 2462 plerisque

899 2479 1048 2560 partibus
1072 2479 1301 2542 ecelesiastica
1322 2497 1464 2543 censura
1486 2482 1691 2556 dissolvitur,

899 2579 932 2640 et
946 2578 1116 2640 canonicae
1132 2577 1304 2640 sententiae
1319 2577 1481 2642 severitas
1501 2581 1691 2652 enervatur,

899 2677 937 2738 ut
950 2673 1014 2736 viri
1030 2673 1179 2750 religiosi
1194 2676 1227 2736 et
1239 2674 1274 2734 hi
1285 2675 1440 2746 maxime,
1458 2675 1515 2752 qui
1530 2690 1588 2752 per
1599 2675 1694 2736 Sedis

899 2772 1097 2850 apostolica
1110 2772 1286 2848 privilegia
1296 2772 1415 2848 majori
1430 2772 1544 2834 donati
1559 2772 1695 2834 luerunt

845 2921 851 2942 ,
900 2869 1063 2940 libertate,
1078 2869 1235 2946 passima
1251 2869 1519 2932 malefactoribus
1527 2871 1597 2931 suis
1605 2871 1694 2962 ,inju-

900 2968 969 3029 rias
985 2967 1171 3028 sustineant
1185 2968 1218 3028 et
1232 2967 1378 3044 rapinas,
1394 2967 1472 3028 dum
1486 2967 1544 3028 vix
1555 2967 1692 3029 inveni·

900 3066 965 3138 tur,
978 3065 1034 3142 qui
1049 3080 1196 3140 congrua
1205 3064 1272 3125 illis
1283 3064 1490 3142 protectione
1503 3064 1691 3138 subveniat,

902 3165 934 3225 et
961 3179 1020 3240 pro
1049 3161 1190 3224 fovenda
1218 3177 1402 3240 pauperum
1432 3163 1625 3224 innocentia
1658 3178 1695 3224 se

900 3275 1032 3322 murum
1064 3258 1266 3321 detonsionis
1302 3261 1458 3337 opponat.
1495 3260 1695 3338 Specialiter

901 3359 1012 3420 autem
1026 3357 1139 3420 dilecti
1155 3357 1253 3418 lilii...
1270 3357 1362 3434 prior
1374 3363 1407 3420 et
1418 3357 1538 3420 fratres
1559 3359 1695 3420 Camal-

902 3456 1056 3519 dulenses
1070 3455 1215 3518 Aretinae
1230 3455 1383 3516 dioecesis
1397 3457 1464 3517 tam
1480 3457 1520 3518 de
1537 3456 1696 3534 trequen-

902 3554 989 3616 tibus
1018 3553 1169 3632 injuriis,
1202 3569 1301 3630 quam
1333 3553 1374 3616 de
1400 3553 1473 3644 ipso
1503 3555 1695 3630 quotidiano

902 3651 1031 3714 deiectu
1051 3651 1191 3728 Justltiae
1216 3653 1469 3728 conquerentes,
1495 3651 1698 3714 universita-

902 3751 968 3812 tem
994 3749 1137 3810 vestram
1163 3747 1284 3810 litteris
1306 3747 1473 3823 petierunt
1497 3747 1697 3824 Apostoliois

902 3846 1053 3918 excitari,
1072 3846 1162 3907 utita
1178 3843 1335 3907 videlicet
1349 3845 1398 3905 eis
1410 3844 1445 3904 in
1469 3844 1698 3907 tribulationi-

902 3945 964 4006 bus
975 3943 1169 4005 suiscontra
1180 3941 1411 4003 malefactores
1422 3958 1536 4004 eorum
1547 3944 1697 4020 prompta

903 4041 1049 4104 debeatis
1074 4039 1346 4117 magnanimitate
1367 4056 1579 4116 consurgere,
1610 4041 1697 4118 quod

903 4139 944 4202 ab
968 4139 1142 4216 augustiis,
1167 4154 1250 4216 quas
1277 4137 1503 4200 sustinentes
1531 4139 1698 4215 pressuris

902 4238 1013 4300 vostro
1038 4237 1168 4315 possint
1182 4235 1338 4312 praesidio
1359 4237 1536 4313 respirare.
1555 4235 1698 4314 Ideoque

904 4333 1113 4396 universitati
1133 4337 1252 4394 vestrae
1275 4349 1334 4409 per
1361 4333 1551 4409 apostolica
1574 4333 1698 4409 scripta

67 4441 259 4511 guatinensis
286 4443 444 4520 episcopi,
473 4443 670 4506 advocatum
696 4443 847 4504 ecclesiae
903 4431 1447 4507 mandamusaldflePraeciltifflssb
1463 4429 1698 4507 11131θῦ1131ὓὶ

67 4534 298 4614 Honaugiensis
319 4555 361 4600 ex
378 4540 497 4611 altera,
515 4554 615 4616 super
629 4537 759 4599 damnis
772 4537 849 4598 illa·
903 4535 971 4592 iam
985 4529 1062 4590 illos
1082 4545 1180 4606 quam
1203 4528 1431 4604 9088088101108
1447 4542 1536 4598 suas,
1567 4527 1620 4588 vel
1644 4543 1698 4590 res

68 4629 103 4691 tis
114 4633 150 4695 de
164 4637 285 4698 caetero
298 4653 364 4696 non
382 4635 565 4697 inferendis
585 4635 693 4696 eidem
709 4634 750 4696 ab
774 4635 848 4711 ipso
905 4645 963 4689 seu
977 4629 1092 4689 domos
1102 4625 1335 4703 praedictorum
1350 4623 1491 4685 fratrum
1510 4625 1564 4686 vel
1586 4625 1698 4686 horni-

68 4725 149 4792 bonae
174 4734 344 4795 memoriae
364 4736 404 4794 Η.
430 4734 666 4809 argentinensi
693 4734 849 4810 episcopo
904 4742 983 4786 num
999 4739 1133 4785 suorum
1144 4722 1368 4783 irreverenter
1380 4721 1576 4794 invaserint,
1589 4725 1647 4784 aut
1658 4739 1698 4784 ea

70 4827 96 4886 et
109 4830 299 4904 quibusdam
315 4831 391 4893 aliIs
414 4831 636 4892 mediantibus
650 4829 737 4892 lacta
754 4831 850 4892 estet
904 4825 1026 4900 injuste
1041 4819 1254 4887 detinuerint,
1269 4835 1342 4896 quae
1353 4818 1520 4896 praedictIs
1537 4819 1697 4881 fratribus

71 4923 104 4983 ab
117 4929 251 5006 utraque
264 4931 357 5007 parte
372 4929 489 5006 sponte
504 4930 648 5006 recepta,
673 4931 706 4990 et
729 4928 848 4990 hacte—
905 4938 947 4982 ex
972 4921 1171 4981 testamento
1191 4917 1418 4978 decedentium
1447 4917 1696 4995 relinquuntur;

71 5035 123 5082 aus
137 5026 270 5100 paciilce
290 5026 476 5098 observata,
503 5042 645 5088 necnon
668 5027 703 5086 in
727 5026 849 5087 litteris
905 5034 963 5079 seu
978 5019 1012 5077 in
1030 5015 1119 5094 ipsos
1132 5014 1252 5076 iratres
1263 5015 1586 5091 contrahpostolicae
1603 5014 1698 5076 Sedis

72 5121 178 5184 exinde
200 5123 358 5186 conlectis
377 5125 500 5186 dicitur
524 5124 656 5202 plenius
671 5122 847 5194 contineri,
905 5114 1032 5176 indulta
1048 5113 1246 5175 sententiam
1268 5111 1623 5173 excommunicationIs
1641 5112 1699 5174 aut

72 5221 254 5284 auctoritate
267 5223 456 5300 Apostolica
468 5222 703 5284 confirmamus
717 5225 751 5282 et
763 5236 852 5298 pree·
905 5209 1073 5272 interdicti
1097 5209 1371 5287 Piissstffsslsssslisst
1394 5207 1617 5284 promulgare,
1645 5207 1722 5270 VOl'

73 5317 163 5376 seritis
173 5319 285 5396 scripti
297 5320 481 5396 patrocinio
491 5320 746 5380 communimus.
757 5317 850 5379 Nulli
905 5309 1051 5370 decimas
1066 5307 1217 5368 laborum
1233 5306 1273 5366 de
1289 5303 1556 5382 possessionibus
1575 5304 1699 5368 habitis

74 5423 141 5485 ergo
155 5417 285 5478 omnino
301 5414 472 5478 hominnm
486 5417 679 5479 linentnnnn
694 5417 850 5492 pagtnnm
905 5409 984 5469 ante
999 5405 1182 5466 Concilium
1197 5403 1364 5480 generale,
1377 5418 1460 5480 quas
1471 5403 1614 5480 propriis
1628 5420 1701 5464 ma-

74 5513 181 5572 nostrae
190 5515 450 5576 confirmationis
459 5513 653 5590 intringere,
664 5513 851 5574 veleiausu
872 5499 873 5502 ’
906 5503 1069 5565 nibusaut
1083 5500 1268 5577 sumptibus
1283 5499 1492 5570 excoluntur,
1514 5495 1698 5562 81111111ῐὶτί-

75 5605 235 5672 temerario
260 5613 439 5674 contraire.
478 5612 513 5673 sl
538 5612 614 5688 quis
639 5613 761 5682 autem,
786 5610 849 5673 etc.
906 5600 1025 5663 mentis
1047 5600 1207 5676 ipsorum,
1232 5597 1352 5674 spretis
1381 5596 1579 5672 apostolicae
1605 5597 1700 5658 Sedis

76 5699 180 5767 batum
193 5709 356 5782 Laterani,
367 5711 412 5770 IX
422 5709 489 5770 hal.
508 5710 600 5782 maii,
615 5725 704 5770 anno
721 5710 849 5770 octauo.
906 5697 1091 5775 privilegiis
1104 5699 1314 5771 extorquere,
1324 5693 1506 5754 monitione
1516 5695 1698 5770 praemissa,

204 5853 315 5898 airaon.
335 5856 409 5898 roua
429 5841 476 5902 IV.
1489 5825 1524 5881 ²⁰
