4018 6320
78 309 132 368 737

62 464 200 536 'nerale,
224 478 266 526 ao
288 462 389 524 etiam
416 460 596 532 novahum,
623 477 696 538 quae
721 461 865 539 propriis

76 561 227 622 manibus
258 560 315 622 aut
345 557 529 635 sumptibus
560 559 687 627 colitis,
719 561 789 622 sive
825 559 865 620 de

76 659 190 730 hortis,
205 660 239 720 et
251 657 417 734 virgultis,
433 657 467 718 et
481 653 720 732 piscationibus
732 656 864 728 restria,

76 755 125 815 vel
147 755 191 816 de
214 754 425 816 nutrimentis
450 752 643 812 animalium
669 753 863 822 vestrorum,

75 852 186 913 nullus
202 867 222 912 a
236 850 331 912 vohis
346 851 491 911 decimas
512 849 658 924 exigere,
679 848 731 909 vel
753 848 868 926 extor-

75 963 176 1025 quere
196 948 385 1025 praesumat.
403 947 517 1008 Liceat
536 961 667 1023 quoque
679 945 774 1007 vobis
793 945 865 1005 cle-

75 1047 179 1117 ricoS,
204 1045 258 1106 vel
282 1045 384 1106 laicos
412 1043 551 1114 liberoS,
586 1042 619 1103 et
649 1042 817 1103 absolutos
848 1056 866 1102 e

76 1143 198 1203 seculo
226 1142 401 1218 fugientes
432 1139 473 1201 ad
502 1139 752 1200 conversionem
776 1138 866 1200 reci-

75 1255 153 1315 pere
178 1240 211 1300 et
234 1253 292 1300 eos
317 1237 442 1314 absque
469 1235 731 1298 contradictione
755 1234 868 1311 aliqua

74 1335 230 1396 retinere.
250 1334 467 1397 Prohihemus
482 1333 620 1409 insuper
634 1332 669 1393 ut
686 1331 770 1392 nulli
792 1331 865 1391 fra-

75 1432 162 1491 trum
177 1431 374 1501 vestrorum,
392 1429 466 1506 post
481 1429 601 1489 factam
616 1427 650 1487 in
663 1425 867 1488 monasterio

74 1529 184 1588 vestro
204 1527 444 1604 professionem
461 1525 512 1586 fas
531 1525 574 1586 sit
593 1524 717 1601 absque
738 1523 866 1585 abbatis

73 1625 123 1685 sui
143 1623 292 1691 licentia,
307 1623 478 1686 de‘eodem
500 1623 572 1684 loco
593 1621 782 1694 discedere;
799 1620 867 1681 dis-

71 1721 248 1782 cedentem
262 1735 342 1782 varo
356 1720 480 1798 absque
500 1719 722 1782 communium
735 1719 867 1779 littera-

74 1833 188 1878 rarum
213 1819 399 1880 vestrarum
420 1817 590 1888 cautione,
614 1815 725 1876 nullus
745 1814 868 1876 audeat

75 1916 238 1988 retinere;
258 1915 342 1992 quod
368 1915 397 1976 si
417 1914 490 1991 quis
509 1913 594 1975 forte
613 1914 757 1974 retinere
776 1927 866 1989 prae-

75 2012 265 2089 sumpserit,
283 2011 410 2073 licitum
427 2011 471 2072 sit
484 2011 578 2072 vobis
595 2012 630 2072 in
645 2011 735 2086 ipsos
747 2025 867 2070 mona-

75 2110 165 2180 chos,
187 2109 242 2170 vel
259 2123 451 2180 conversos,
467 2108 655 2184 regularem
670 2107 868 2168 sententiam

74 2205 297 2283 promulgare.
314 2205 396 2267 lllud
410 2205 593 2267 districtius
607 2204 809 2272 inhibentes,
826 2219 867 2264 ne

75 2306 202 2375 terras,
225 2317 284 2364 seu
307 2302 476 2380 quodlibet
497 2301 694 2362 beneficium
717 2301 868 2362 ecclesiae

75 2403 197 2462 vestrae
219 2400 385 2471 collatum,
408 2399 507 2461 liceat
528 2399 630 2460 alicui
649 2399 869 2475 personaliter

75 2498 161 2569 dari,
183 2498 253 2558 sive
273 2497 340 2558 alio
359 2497 455 2558 modo
471 2495 623 2567 alienari,
640 2495 764 2572 absque
784 2511 867 2556 con-

76 2610 178 2656 sensu
197 2593 299 2656 totius
318 2593 465 2671 capituli,
485 2595 536 2655 vel
559 2594 707 2670 majoris
729 2594 787 2654 aut
809 2608 868 2653 sa-

75 2693 184 2754 nioris
196 2691 299 2768 partis
309 2691 427 2768 ipsius.
441 2689 476 2752 si
486 2707 559 2767 quae
570 2705 649 2752 vero
662 2691 868 2764 donationes

75 2791 127 2850 vel
156 2788 388 2860 alienationes,
418 2778 525 2848 aliter'
545 2803 643 2864 quam
669 2787 792 2848 dictum
820 2788 871 2849 est

76 2884 174 2947 factae
199 2884 331 2956 fuerint,
357 2883 472 2944 irritas
505 2899 578 2946 esse
609 2899 795 2945 censemus.
821 2883 869 2945 Ad

76 2982 152 3044 haec
180 2982 279 3044 etiam
301 2980 524 3058 prohibemus,
544 2997 586 3040 ne
608 2982 729 3057 aliquis
753 2997 872 3042 mona-

77 3079 172 3150 chus,
188 3079 258 3140 sive
271 3093 450 3145 conversus
461 3076 521 3138 suh
531 3075 738 3154 professione
752 3079 870 3140 vestrae

78 3176 194 3238 domui
214 3176 408 3248 adstrictus,
431 3176 504 3236 sine
535 3189 699 3236 consensu
719 3175 751 3236 et
772 3175 872 3237 licen-

77 3274 136 3346 tia,
155 3272 189 3336 et
203 3272 332 3334 abbatis
344 3274 376 3336 et
389 3273 525 3349 majoris
540 3273 644 3350 partis
659 3273 797 3350 capituli
812 3290 871 3350 pro

78 3371 194 3448 aliquo
215 3370 403 3448 fidejubeat,
424 3370 477 3430 vel
501 3369 543 3431 ab
567 3370 678 3448 aliquo
697 3371 872 3446 pecuniam

77 3467 194 3526 mutuo
235 3464 397 3540 accipiat,
433 3463 519 3524 ultra
553 3465 694 3539 pretium
735 3465 873 3542 capituli

78 3560 289 3637 providentia
313 3559 536 3630 constitutum,
554 3561 620 3620 nisi
641 3562 775 3636 propter
797 3577 872 3622 ma-

79 3658 237 3720 nifestam
256 3657 372 3718 domus
386 3657 506 3719 vestrae
526 3657 719 3730 utilitatem3
743 3658 873 3735 quodsi

78 3753 192 3816 facere
208 3754 466 3830 praesumpserit,
484 3769 550 3814 non
563 3754 715 3815 teneatur
734 3769 874 3816 couven-

79 3855 134 3914 tus
148 3865 209 3928 pro
220 3851 273 3911 his
286 3851 495 3927 aliquatenus
510 3850 721 3928 respondere.
732 3852 873 3913 Licitum

79 3948 245 4024 praeterea
267 3948 311 4010 sit
328 3948 422 4011 vobis
441 3947 477 4008 in
499 3949 609 4008 causis
627 3949 781 4024 propriis,
804 3950 874 4011 sive

80 4045 226 4116 civilem,
244 4045 315 4106 sive
331 4045 536 4107 criminalem
555 4047 746 4108 contineant
761 4063 873 4124 quaes-

78 4143 219 4213 tionem,
234 4140 372 4203 fratrum
389 4142 575 4204 vestrorum
594 4141 793 4204 testimoniis
813 4144 872 4216 uti,

80 4254 124 4300 ne
139 4255 200 4315 pro
215 4237 345 4300 defectu
353 4240 485 4300 testium
492 4241 548 4317 jus
556 4241 702 4300 vestrum
715 4241 750 4301 iu
763 4240 875 4318 aliquo

79 4336 194 4398 valeat
213 4335 377 4412 deperire.
395 4339 499 4397 Porro
522 4337 550 4396 si
573 4337 730 4413 episcopi,
746 4338 799 4398 vel
817 4338 876 4398 alii

81 4431 302 4495 ecclesiarum
320 4434 467 4494 rectores
484 4433 519 4494 in
539 4434 740 4496 monasteria
752 4435 873 4507 vestra,

81 4529 137 4591 vel
149 4544 308 4606 personas
317 4528 399 4589 inibi
410 4530 617 4602 constitutas,
636 4533 874 4608 suspensionis,

81 4626 450 4698 excommunicationis,
478 4627 646 4689 interdicti
678 4628 877 4691 sententiam

83 4723 381 4800 promulgaverint,
398 4723 468 4784 sive
484 4724 584 4785 etiam
603 4724 637 4784 iu
653 4726 877 4788 mercenarios

82 4819 226 4891 vestros,
240 4835 300 4896 pro
322 4835 362 4881 eo
382 4821 467 4897 quod
483 4820 638 4893 decimas,
655 4823 741 4884 sicut
754 4822 877 4885 dictum

82 4920 149 4987 est,
166 4932 231 4979 non
251 4917 452 4994 persolvitis,
474 4919 545 4979 sive
568 4919 679 4996 aliqua
704 4922 878 4982 occasione

84 5030 216 5087 eorum,
231 5030 305 5091 quae
326 5013 368 5074 ah
390 5015 578 5090 apostolica
597 5015 801 5092 benignitate
820 5019 878 5078 in-

84 5110 180 5172 dulta
193 5113 279 5183 sunt,
294 5126 353 5172 sen
367 5105 595 5174 benefactores
608 5117 747 5186 vestros,
764 5129 824 5191 pro
840 5130 879 5176 eo

85 5209 176 5286 quod
186 5209 297 5286 aliqua
309 5207 403 5269 vohis
415 5208 588 5282 beneficia,
600 5210 653 5272 vel
667 5211 825 5289 obsequia
838 5229 881 5274 ex

86 5305 228 5368 caritate
259 5306 490 5383 praestiterint,
513 5307 566 5368 vel
590 5307 632 5368 ad
663 5308 880 5370 laborandum

86 5403 279 5478 adjuverint
293 5403 328 5464 in
345 5403 414 5464 illis
432 5403 559 5476 diebus,
577 5403 611 5464 in
627 5405 746 5482 quibus
758 5423 818 5468 vos
831 5407 883 5468 la-

86 5499 225 5572 boratis,
236 5499 338 5561 etalii
349 5499 523 5573 feriantur,
534 5501 668 5563 taudem
682 5505 880 5565 senteutiam

86 5597 300 5674 protulerint,
327 5595 434 5674 ipsam
466 5598 623 5674 tanquam
648 5601 764 5662 contra
787 5601 881 5662 Sedis

235 5741 353 5786 naraon.
372 5740 446 5784 nonu
457 5727 510 5788 111.

685 303 914 364 EPISTOLAE.
938 304 1016 364 hia.
1042 305 1095 364 IX.

1653 307 1713 366 738

918 462 1116 538 Apostolioae
1138 460 1266 524 indulta
1298 463 1475 540 prolatam,
1502 462 1712 524 decernimus

920 573 986 620 non
999 563 1114 620 tenere
1126 580 1134 618 ε
1148 575 1210 620 nec
1224 559 1343 620 litterae
1359 560 1435 621 ullae
1451 560 1640 620 firmitatem
1656 560 1712 620 ha·

920 654 1029 727 beant,
1049 671 1131 733 quas
1146 657 1248 717 tacito
1264 657 1397 718 nomine
1414 657 1641 718 cisterciensis
1657 673 1714 717 or-

920 751 1007 812 dinis
1022 753 1055 814 et
1069 755 1181 814 contra
1197 755 1345 815 tenorem
1360 754 1625 829 Apostolicorum
1642 754 1713 830 pri-

920 849 1117 924 vilegiorum
1144 850 1329 912 constiterit
1354 851 1536 926 impetrari.
1561 851 1711 912 Chrisma

920 959 1010 1016 vero,
1030 945 1140 1006 oleum
1158 947 1319 1016 sanctum,
1337 947 1605 1008 consecrationes
1627 945 1714 1007 alta-

921 1040 1019 1106 rium,
1035 1055 1094 1101 seu
1109 1041 1334 1112 basilicarum,
1359 1041 1585 1103 ordinationes
1607 1042 1710 1102 cleri-

922 1151 1047 1208 corum,
1064 1152 1121 1197 seu
1136 1139 1373 1198 monachorum
1387 1141 1583 1210 vestrorum,
1601 1141 1656 1214 qui
1670 1139 1712 1199 ad

921 1248 1034 1294 sacros
1052 1234 1186 1295 ordines
1203 1234 1327 1296 fuerint
1346 1236 1571 1310 promovendi,
1591 1251 1609 1296 a
1630 1251 1714 1312 quo-

921 1345 1060 1406 cumque
1072 1331 1256 1391 viciuorum
1270 1333 1500 1408 episcoporum
1514 1332 1711 1407 malueritis

922 1427 1124 1502 suscipietis,
1146 1427 1325 1504 siquidem
1344 1429 1528 1490 catholicus
1548 1430 1658 1502 fuerit,
1680 1434 1714 1493 ct

922 1525 1185 1584 communionem
1198 1525 1231 1586 et
1245 1510 1385 1600 gratiam
1401 1525 1555 1588 habuerit
1567 1529 1711 1602 Aposto-

921 1619 994 1681 licae
1024 1620 1133 1696 Sedis3
1162 1620 1237 1698 paci
1264 1637 1393 1699 quoque
1420 1622 1453 1683 ct
1477 1619 1713 1700 tranquillitati

921 1718 1040 1778 vestrae
1066 1719 1204 1794 paterna
1230 1719 1265 1778 in
1294 1719 1461 1795 posterum
1489 1719 1713 1782 sollicitudine

922 1813 1096 1891 providere
1120 1815 1279 1887 volentes,
1303 1816 1500 1877 auctoritate
1523 1816 1713 1893 apostoliea

922 1911 1152 1988 prohibemus,
1179 1913 1215 1973 ut
1237 1911 1325 1974 infra
1353 1912 1525 1974 clausuras
1551 1913 1710 1986 locorum,

921 2023 982 2068 seu
996 2008 1212 2084 grangiarum
1220 2009 1417 2080 vestrarum,
1428 2009 1539 2070 nullus
1547 2011 1711 2087 rapinam,

923 2120 982 2166 seu
1006 2103 1129 2167 furtum
1153 2105 1275 2174 facere,
1297 2105 1408 2181 ignem
1432 2121 1608 2183 apponere,
1630 2123 1713 2168 san-

922 2203 1057 2278 guinem
1080 2202 1229 2274 fundere,
1249 2202 1414 2263 homiuem
1433 2203 1558 2265 temere
1580 2219 1712 2281 capere,

922 2298 976 2360 vel
990 2299 1188 2370 interficere,
1207 2315 1266 2360 seu
1280 2300 1473 2361 violentiam
1488 2301 1610 2363 audeat
1623 2317 1716 2363 exer·

923 2410 1009 2456 cere.
1042 2395 1091 2456 nd
1117 2396 1189 2456 haec
1216 2395 1386 2459 libertates
1414 2399 1447 2458 et
1472 2398 1709 2470 immunitates,

924 2507 1005 2568 quas
1024 2492 1227 2565 Theodorus,
1245 2495 1393 2555 loannes
1405 2494 1439 2554 et
1452 2495 1600 2556 Donatus
1618 2497 1711 2572 epis-

923 2589 998 2665 copi
1007 2589 1290 2666 Squillacensibus
1304 2591 1466 2662 ecclesiis,
1484 2592 1517 2652 et
1531 2591 1614 2654 locis
1625 2593 1713 2664 aliis,

924 2703 998 2764 quae
1012 2687 1047 2747 in
1065 2687 1257 2764 episcopatu
1277 2688 1496 2764 squillacensi
1516 2688 1656 2761 hebetia,
1676 2689 1716 2750 de

926 2799 1064 2846 assensu
1076 2784 1214 2860 capituli
1228 2784 1292 2856 sui,
1305 2785 1357 2846 vel
1368 2785 1514 2862 majoris,
1528 2787 1560 2846 et
1570 2787 1714 2847 sanioris

925 2881 1028 2958 partis
1045 2880 1223 2941 indulsisse
1238 2883 1431 2954 noscuntur,
1450 2882 1535 2942 sicut
1549 2883 1584 2942 in
1602 2898 1716 2944 eorum

926 2977 1059 3054 scriptis
1083 2977 1283 3039 authenticis
1306 2978 1503 3051 continetur,
1520 2981 1717 3042 auctoritate

925 3074 1114 3152 Apostolica
1145 3075 1393 3148 confirmamus,
1420 3089 1542 3152 easque
1569 3075 1717 3152 integras

926 3171 1194 3248 omnitempore,
1222 3173 1255 3234 et
1278 3171 1422 3232 illibatas
1447 3189 1582 3234 manere
1606 3175 1720 3235 sanci·

927 3285 1009 3329 mus.
1039 3269 1253 3330 Decernimus
1279 3285 1374 3345 erge,
1405 3271 1441 3332 ut
1468 3271 1554 3332 nulli
1582 3272 1716 3333 omnino

927 3367 1098 3427 homiuum
1132 3366 1232 3428 liceat
1271 3367 1445 3442 praefatum
1480 3369 1718 3430 monasterium

926 3465 1052 3525 temere
1077 3463 1288 3540 perturbare,
1314 3465 1372 3526 aut
1397 3467 1469 3540 ejus
1492 3466 1718 3541 possessiones

928 3560 1071 3632 auferre,
1086 3560 1138 3621 vel
1161 3559 1289 3622 ablatas
1309 3561 1464 3632 retinere,
1481 3562 1642 3632 minuere,
1660 3578 1719 3622 seu

928 3656 1130 3733 quibuslibet
1140 3657 1371 3718 vexationibus
1382 3657 1597 3732 fatigare,sed
1609 3659 1720 3719 omnia

928 3755 1059 3829 integra
1081 3755 1320 3818 conserventur
1340 3756 1469 3825 eorum',
1496 3771 1554 3833 pro
1579 3770 1718 3832 quorum
1792 3757 1797 3774 '

928 3851 1187 3927 gubernatione,
1216 3867 1255 3912 ac
1288 3853 1527 3913 sustentatione
1561 3867 1719 3914 concessa

929 3949 1019 4020 sunt,
1044 3947 1158 4009 usibus
1185 3949 1382 4010 omnimodis
1411 3949 1594 4024 profutura,
1625 3950 1718 4012 salva

930 4045 1227 4121 sedisapostolicae
1238 4047 1445 4107 auctoritate.
1458 4049 1492 4108 Si
1501 4063 1566 4124 qua
1574 4048 1719 4124 igiturin

929 4142 1075 4204 futurum
1090 4143 1329 4214 ecclesiastica,
1342 4144 1718 4221 saecularisvepersona,

930 4240 1016 4301 hanc
1030 4240 1152 4301 nostrae
1167 4240 1412 4302 constitutionis
1426 4243 1582 4318 paginam
1598 4243 1718 4314 sciens,

930 4337 1045 4398 contra
1067 4351 1140 4400 eam
1163 4338 1287 4398 temere
1312 4339 1426 4400 venire
1450 4338 1637 4411 tentaverit,
1662 4353 1720 4400 se-

931 4435 1038 4495 cundo
1069 4435 1212 4497 tertiove
1248 4435 1459 4508 commonita,
1495 4435 1562 4494 nisi
1592 4437 1723 4496 reatum

931 4547 1027 4592 suum
1041 4547 1187 4607 congrua
1205 4530 1431 4594 satisfactione
1446 4532 1641 4601 correxerit,
1658 4547 1721 4609 po-

931 4628 1077 4700 testatis,
1107 4628 1286 4690 honorisve
1314 4629 1367 4688 sui
1401 4628 1564 4705 dignitate
1597 4631 1721 4704 careat,

931 4740 1088 4802 reamque
1111 4739 1147 4786 se
1170 4724 1284 4786 divino
1299 4725 1426 4802 jndicio
1451 4727 1596 4788 existere
1612 4743 1631 4788 a
1646 4743 1725 4805 per·

933 4825 1061 4899 patrata
1073 4823 1250 4899 iniquitate
1269 4823 1508 4898 cognoscebat
1527 4839 1546 4886 a
1565 4826 1725 4887 sacratis-

933 4919 1017 4980 simo
1031 4933 1181 4995 corpore,
1201 4935 1241 4980 ac
1258 4920 1421 4996 sanguine
1444 4921 1513 4994 Dei,
1537 4925 1571 4984 et
1592 4922 1725 4984 Domini

934 5017 1163 5094 Redemptoris
1178 5017 1284 5078 nostri
1298 5019 1316 5079 J
1318 5033 1379 5078 esu
1398 5018 1521 5080 Christi
1532 5018 1642 5080 aliena
1656 5020 1724 5090 liat,

934 5114 1032 5190 atque
1046 5113 1082 5175 in
1096 5115 1246 5176 extremo
1260 5115 1415 5176 examine
1437 5115 1595 5178 districtae
1612 5114 1728 5191 subja-

935 5212 1008 5272 ceat
1023 5211 1152 5272 ultioni.
1170 5212 1302 5273 Cunctis
1324 5213 1434 5273 autern
1448 5211 1556 5274 eidem
1578 5211 1651 5273 loco
1665 5227 1727 5274 sua

931 5311 1010 5385 jura
1043 5297 1272 5382 servantibus,
1304 5309 1349 5372 sit
1376 5323 1442 5384 pax
1483 5307 1614 5370 Domini
1646 5311 1728 5372 lesu

935 5405 1070 5478 Christi,
1088 5409 1249 5483 quatenus
1268 5408 1302 5468 et
1316 5406 1371 5467 hic
1385 5405 1529 5467 fructum
1551 5405 1646 5468 bonae
1667 5423 1727 5470 ao-

935 5502 1035 5564 tionis
1046 5503 1240 5580 percipiant,
1251 5504 1284 5564 ct
1294 5502 1381 5580 apud
1390 5502 1575 5565 districtum
1580 5505 1727 5581 judicem

937 5601 1073 5676 praemia
1109 5601 1242 5663 aeternae
1273 5601 1365 5676 pacis
1399 5599 1584 5663 inveniant·
1612 5604 1728 5667 Amen.

1506 5731 1540 5792 rt
