4102 6322
131 421 153 482 5
754 417 984 480 EPISTOLAE.
1008 418 1086 478 LIB.
1110 417 1164 478 VI.

131 579 166 644 oi
180 595 266 644 ausu
282 580 458 644 temerario
471 579 649 644 contraire.
667 579 703 644 Sl
718 578 793 663 quis
817 577 930 641 autem

132 677 198 740 hoc
212 679 377 743 attentare
398 679 649 756 presumpserit
666 676 930 754 indignationem

133 775 370 856 omnipotentis
385 777 445 838 Dei
458 776 492 838 et
500 775 672 841 beatorum
687 775 777 836 Petri
786 775 820 836 et
834 773 931 839 Pauli

133 873 361 954 apostolorum
389 877 475 950 ejus,
498 889 535 934 se
557 871 929 936 noveritincursurum.
1013 900 1025 918 ν

133 972 254 1038 Datum
276 970 452 1040 Laterani,
482 969 591 1035 idibus
620 969 764 1048 augusti,
792 967 931 1047 pontiti-

133 1069 229 1150 catus
242 1069 348 1129 nostri
363 1082 451 1130 anno
467 1069 572 1162 sento.

506 1391 562 1479 VI

429 1545 481 1604 Ad
495 1546 644 1606 cosdem.

405 1676 438 1734 13
457 1675 573 1750 augusti
586 1675 666 1734 tttl.

134 1797 234 1866 [Denda
247 1799 357 1858 lloreuu,
370 1803 390 1850 t.
404 1799 516 1858 cxxix,
528 1813 555 1864 p.
568 1798 624 1858 rso,
638 1796 762 1850 Biblioth.
776 1794 933 1861 Rationale]

145 1925 221 1984 tilla
240 1922 277 1982 de
295 1913 469 1982 llontlnlaco
490 1937 555 1981 cum
574 1923 633 1980 suis
653 1921 831 1995 pertinentiis
851 1934 921 1978 con·

289 2015 388 2070 ventui
404 2011 585 2070 llasnonensi
597 2011 790 2068 confirmatur.

174 2142 345 2204 Honorius
356 2141 543 2218 episcopus,
554 2155 670 2202 servus
679 2153 850 2200 serrorum
860 2136 932 2210 Dei,

134 2239 267 2302 dilectis
293 2239 405 2300 abbati
438 2238 471 2302 et
501 2237 680 2300 conventui
714 2236 932 2307 Hasnonien„

133 2337 278 2400 salutem
298 2338 332 2400 et
343 2335 559 2414 apostolicam
572 2334 849 2396 benedictionem.

175 2435 282 2498 Iustis
307 2434 490 2512 petentium
519 2431 695 2496 desideriis
720 2431 857 2508 dignum
885 2433 935 2495 est

137 2549 199 2596 nos
225 2532 358 2594 facilem
388 2530 537 2609 praebere
570 2546 779 2602 consensum,
803 2530 837 2592 et
858 2532 934 2592 rota

137 2647 210 2708 quae
235 2645 256 2692 a
284 2629 426 2692 rationis
445 2629 579 2691 tramite
599 2645 665 2690 non
681 2627 871 2690 discordant
885 2627 936 2688 el·

137 2727 227 2791 lectu
270 2728 491 2806 prosequente
526 2726 703 2804 complere.
740 2727 933 2804 Eapropter,

136 2825 251 2890 dilecti
272 2827 308 2888 in
330 2825 470 2887 Domino
486 2823 557 2897 filli,
575 2824 696 2886 vestris
707 2824 807 2900 justis
825 2823 935 2902 preci-

135 2922 198 2984 bus
225 2921 392 2993 inclinati,
416 2921 530 2984 villam
554 2921 595 2982 de
619 2920 834 2995 MontiniacO,
859 2937 934 2982 cum

136 3021 242 3094 curte,
258 3019 364 3092 silvis,
377 3017 493 3097 pratis,
509 3019 659 3090 vivariis
674 3017 877 3080 molendinis
903 3019 935 3080 et

137 3118 214 3180 aliis
230 3118 440 3194 pertinentiis
459 3117 543 3190 suis,
558 3133 632 3194 quae
655 3115 750 3178 honae
766 3115 934 3176 memoriae

139 3215 305 3278 llichildis
316 3213 375 3294 (1),
387 3215 557 3277 comitissa
568 3213 751 3276 Montensis
764 3214 935 3274 monaste·

136 3313 190 3374 rio
207 3313 322 3374 restro
337 3311 461 3374 intuitu
476 3309 618 3372 contulit
631 3309 776 3387 pictatio,
794 3309 881 3371 sicut
895 3324 934 3370 ea

137 3410 251 3472 omnia
259 3412 351 3486 justo
371 3423 409 3470 ac
424 3409 563 3486 pacitice
576 3407 764 3485 possidetis,
782 3408 815 3470 et
833 3407 868 3470 in
883 3407 935 3484 ip-

137 3509 209 3572 sius
224 3506 403 3570 comitissae
418 3505 620 3569 authenticis
640 3504 799 3568 conlectis
814 3505 935 3569 exinde
1045 3499 1047 3504 ’

137 3605 264 3688 dicitur
287 3605 462 3676 contineri,
477 3604 573 3666 vohis
600 3604 633 3665 et
660 3618 720 3682 per
747 3619 806 3664 vos
828 3604 935 3664 eidem

137 3703 354 3774 monasterio,
370 3702 568 3764 auctoritate
593 3700 784 3780 apostolica
808 3701 934 3762 contir-

137 3817 284 3874 mamus,
319 3801 352 3862 et
386 3798 561 3877 praesentis
597 3799 712 3876 scripti
749 3798 935 3876 patrocinio

134 3899 393 3962 communimus.
408 3897 501 3958 Nulli
517 3912 596 3974 ergo
616 3897 752 3958 omnino
764 3895 935 3959 hominum

135 3997 240 4060 liceat
254 3996 341 4058 lianc
356 3995 512 4073 pagiuam
532 3995 654 4056 nostrae
670 3993 935 4056 confirmationis

135 4093 336 4170 intringere,
353 4093 405 4154 vel
419 4094 450 4154 ei
465 4108 550 4156 ausu
562 4091 742 4153 temerario
755 4091 934 4153 contraire.

1342 583 1419 672 vn
1492 555 1495 566 ’

1272 735 1323 796 Ad
1346 736 1492 796 eosdem.

1252 865 1285 924 13
1305 865 1418 942 augusti
1434 865 1513 924 1121.

989 991 1089 1056 [Funde
1100 992 1214 1054 Borean
1223 995 1246 1042 t.
1257 991 1369 1050 cxxix,
1382 1004 1408 1054 p.
1420 987 1475 1048 151,
1488 987 1610 1043 Bibliotlr.
1623 988 1782 1056 Rationale]

987 1116 1143 1176 couventui
1165 1113 1347 1173 llasnonensi
1368 1112 1486 1187 majoris
1508 1120 1537 1171 et
1564 1115 1689 1172 Furnum
1707 1113 1781 1172 villae

1128 1203 1164 1262 de
1179 1205 1274 1262 Mente
1289 1204 1406 1261 Petraeo
1425 1201 1638 1260 continuantur.

1027 1329 1196 1390 Honorius
1206 1329 1392 1409 opiscopus,
1403 1343 1519 1390 servus
1530 1330 1781 1414 serrorumllei,¹

988 1425 1118 1489 dilectis
1144 1426 1224 1488 filiis
1245 1426 1356 1508 abbati
1385 1427 1418 1490 et
1443 1426 1620 1490 conventui
1647 1429 1783 1500 Hasno÷

988 1524 1101 1597 nansi,
1130 1524 1321 1608 salutemet
1339 1523 1556 1602 apostolicam
1576 1523 1783 1586 henedictio-

988 1637 1075 1682 nem.

1026 1717 1130 1780 Justis
1157 1717 1340 1798 petentium
1372 1717 1548 1782 desideriis
1577 1719 1714 1798 dignum
1733 1719 1784 1782 est

987 1830 1048 1878 nos
1059 1815 1190 1884 facilem
1205 1815 1354 1894 praebere
1367 1831 1565 1880 consensum
1576 1817 1609 1880 et
1620 1817 1696 1880 vota
1709 1833 1783 1894 quae

987 1929 1008 1975 a
1033 1914 1175 1980 rationis
1198 1913 1332 1982 tramite
1356 1929 1424 1975 non
1447 1913 1639 1978 discordant
1663 1914 1785 1981 effectu

988 2013 1207 2090 prosequente
1220 2011 1397 2088 complere.
1411 2013 1467 2084 Ea,
1478 2012 1613 2089 propter
1625 2011 1737 2073 dilecti
1748 2011 1783 2072 in

988 2111 1128 2171 Domino
1155 2109 1228 2180 tilii,
1254 2107 1375 2170 vestris
1393 2109 1494 2186 justis
1516 2109 1669 2187 precibus
1684 2109 1785 2170 incli-

988 2207 1069 2280 nati,
1089 2207 1263 2284 majoriam
1283 2207 1317 2269 et
1340 2206 1474 2268 turnum
1492 2207 1582 2268 rillae
1607 2207 1648 2268 de
1672 2207 1784 2269 Monte

989 2306 1126 2367 Petroso
1153 2303 1201 2384 (2)
1235 2320 1309 2368 cum
1338 2303 1548 2382 pertInentiis
1579 2304 1782 2378 eorumdem,

989 2403 1075 2470 sicut
1089 2419 1128 2472 ea
1139 2404 1228 2482 juste
1243 2418 1283 2464 ac
1298 2401 1437 2482 pacifice
1451 2401 1630 2482 possidetis
1643 2402 1737 2464 vohis
1752 2407 1786 2465 et

989 2515 1048 2578 per
1059 2515 1118 2562 vos
1134 2500 1336 2566 monasterio
1351 2501 1474 2574 vestro,
1490 2499 1687 2562 auctoritate
1701 2505 1785 2579 Apo·

988 2599 1107 2660 stolica
1138 2597 1372 2659 confirmamus
1399 2599 1434 2660 et
1465 2599 1640 2675 praesentis
1669 2599 1785 2675 scripti

989 2696 1174 2772 patrocinio
1185 2696 1438 2757 communimus.
1448 2695 1541 2756 Nulli
1553 2711 1632 2772 ergo
1648 2697 1783 2758 omnino

988 2794 1159 2855 hominum
1174 2793 1274 2856 liceat
1288 2793 1375 2855 hanc
1390 2794 1545 2870 paginam
1563 2793 1784 2855 confirmatio·

988 2892 1040 2952 nis
1059 2891 1254 2966 intringere,
1270 2892 1333 2953 etc.
1357 2891 1392 2952 Si
1412 2891 1496 2968 quis,
1513 2892 1589 2962 etc,
1610 2891 1782 2952 beatorum

988 2988 1079 3050 Petri
1094 2989 1128 3050 et
1148 2988 1245 3048 Pauli
1262 2986 1487 3064 apostolorum
1506 2990 1578 3066 ejus
1598 3001 1634 3048 se
1653 2989 1784 3050 noverit

988 3087 1210 3148 incursurum.
1241 3085 1360 3146 Datum
1388 3085 1555 3157 Laterani,
1579 3085 1689 3147 idibus
1718 3100 1782 3146 au-

988 3183 1089 3260 gusti,
1103 3183 1313 3261 pontificatus
1328 3181 1434 3246 nostri
1449 3197 1537 3246 anuo
1552 3183 1658 3246 sexto.

1339 3443 1438 3530 VIII

1276 3595 1328 3656 Ad
1352 3598 1499 3657 eosdem.

1256 3725 1419 3798 {dongasti
1438 3726 1517 3784 1111.
1606 3789 1610 3806 ¹

990 3849 1209 3914 prorueremus,
1223 3855 1243 3900 r.
1256 3849 1404 3914 euxinp.
1417 3850 1473 3909 rar,
1491 3835 1612 3900 nitran.
1626 3849 1784 3915 narrantia]

1028 3975 1185 4034 Conventui
1213 3975 1393 4031 Hannonensi
1417 3974 1601 4034 confirmetur
1621 3975 1687 4034 villa
1706 3976 1743 4036 de

1139 4062 1351 4122 Weuvrechein
1366 4079 1431 4121 cum
1447 4064 1636 4137 pertinentiis,

137 4193 176 4256 Si
198 4191 273 4270 quis
288 4193 398 4253 autem
420 4191 483 4252 hoc
503 4190 667 4252 attentare
689 4190 937 4268 praesnmpserit
1028 4191 1702 4267 Honoriusepiscopus,servusservorum
1711 4193 1783 4264 Dei,

136 4287 402 4366 indignationem
428 4287 664 4364 omnipotentis
684 4287 744 4348 Dei
765 4288 798 4348 et
815 4286 935 4348 beato·
989 4289 1119 4350 dilectis
1144 4287 1224 4348 liliis
1250 4285 1363 4348 abbati
1391 4288 1425 4349 et
1448 4289 1625 4350 conventui
1655 4292 1787 4350 Hanos-
1835 4279 1849 4292 “

136 4403 214 4448 rum
228 4387 319 4448 Petri
338 4388 372 4447 et
385 4385 481 4448 Pauli
494 4385 721 4462 apostolorum
735 4387 807 4461 ejus
820 4400 857 4446 se
868 4401 935 4447 no·
989 4386 1111 4455 niensi,
1133 4385 1276 4447 salutem
1299 4385 1332 4446 et
1351 4384 1566 4462 apostolicam
1581 4385 1787 4448 benedictio-

137 4485 227 4547 rerit
247 4484 471 4545 incursurum.
500 4483 619 4543 Datum
634 4482 802 4553 Laterani,
826 4481 936 4542 idibus
989 4500 1077 4546 nem.

137 4580 287 4658 augusti,
303 4579 518 4658 pontificatus
532 4579 860 4641 nostriannosexto.
1028 4581 1133 4644 ,lustin
1162 4581 1344 4659 petentium
1373 4577 1548 4642 desideriis
1572 4579 1711 4657 dignum
1734 4581 1785 4644 est
1828 4647 1832 4656 ,

176 4749 217 4821 (l)
228 4746 367 4815 llichilde‚
381 4755 524 4805 comtesse
534 4747 569 4806 de
580 4745 736 4806 Flandreet
750 4745 785 4804 de
801 4745 935 4816 ualeant,
990 4747 1127 4810 confirma
1142 4755 1217 4806 cette
1236 4747 1371 4805 donation
1388 4744 1554 4822 dl’abbaye

137 4818 337 4892 avaitdpouse
352 4817 509 4886 Bandouin
521 4817 688 4876 surnomnrd
698 4817 833 4886 dellens,
843 4826 937 4876 comte
1026 4821 1068 4893 (1)
1095 4823 1134 4877 Le
1158 4819 1263 4890 village
1288 4818 1324 4875 de
1346 4818 1625 4892 mouchy-Lepreon,
1646 4820 1694 4892 qui
1718 4828 1787 4879 veut

138 4890 176 4947 de
195 4889 328 4957 itenere,
345 4891 426 4948 ville
441 4888 477 4946 de
502 4905 536 4964 ce
558 4905 636 4946 nom.
656 4892 709 4946 Par
721 4903 774 4946 son
797 4890 936 4972 mariage,
990 4890 1051 4953 dire
1067 4891 1207 4963 pierreux,
1224 4898 1269 4948 est
1282 4888 1355 4954 aitue
1373 4890 1445 4948 dene
1463 4891 1488 4947 le
1501 4889 1615 4948 diocese
1629 4891 1786 4960 d’Arras,'a

138 4961 196 5018 elle
223 4959 318 5017 renuit
331 4959 377 5016 les
390 4959 465 5016 deux
483 4958 593 5016 comtes
605 4960 764 5016 ensemble.
780 4960 858 5017 certe
871 4975 935 5017 reu·
990 4961 1065 5019 deux
1081 4961 1169 5018 lienes
1190 4968 1218 5016 et
1242 4960 1336 5018 demie
1357 4959 1392 5018 de
1411 4968 1485 5020 cette
1505 4963 1579 5028 ville,
1602 4970 1685 5020 entre
1703 4964 1729 5020 la
1746 4965 1783 5019 ri·

141 5033 212 5090 nion
231 5045 269 5087 ne
292 5030 362 5088 dura
383 5045 440 5112 que
457 5031 583 5112 pendant
605 5031 631 5088 le
654 5031 700 5090 via
720 5029 756 5086 do
778 5029 935 5096 Beudouin,
992 5031 1068 5089 vitre
1088 5041 1116 5088 et
1138 5033 1165 5088 le
1184 5031 1276 5126 grand
1294 5032 1409 5088 chemin
1436 5031 1472 5088 de
1491 5032 1632 5100 cambrai,
1658 5049 1707 5090 sur
1729 5047 1787 5090 une

143 5103 186 5159 les
203 5099 314 5159 comtes
326 5107 414 5174 ayant
428 5108 473 5157 ete
493 5099 628 5176 perleges
645 5109 725 5157 entre
742 5115 788 5157 ses
802 5099 877 5158 deux
894 5103 938 5158 lils
992 5099 1144 5159 elevatior.
1164 5103 1304 5175 Lelrlraye
1321 5102 1357 5158 de
1375 5105 1503 5170 Ilounon,
1516 5110 1597 5160 outre
1615 5105 1640 5159 la
1656 5104 1787 5176 majorite

141 5170 275 5298 Arnoulh
288 5170 691 5240 surnomurdlellallrauraux,
703 5171 845 5228 lll⁸dece
857 5185 936 5240 nom,
992 5183 1020 5232 et
1035 5175 1062 5230 le
1079 5173 1141 5230 leur
1155 5173 1239 5232 benai
1261 5173 1362 5246 qu'ella
1383 5170 1527 5248 possedait
1546 5173 1624 5230 audit
1646 5174 1783 5249 llouclly·

140 5251 236 5302 comte
276 5257 293 5300 e
312 5242 443 5311 l'landre,
457 5251 486 5300 et
500 5257 552 5300 son
567 5241 641 5299 frere
660 5242 818 5312 Beudouin,
834 5243 883 5314 qui
898 5241 939 5299 lut
993 5247 1132 5316 Lepreux,
1154 5260 1172 5316 y
1198 5243 1327 5300 detenuit
1355 5259 1393 5300 un
1413 5243 1504 5316 grand
1526 5243 1660 5302 domnine
1675 5253 1713 5304 ,ct
1730 5261 1788 5304 une

140 5321 235 5371 comte
250 5311 286 5370 de
301 5313 434 5370 llainaut.
459 5311 586 5370 llichilde
605 5313 651 5384 qui
673 5313 770 5372 aimait
791 5312 938 5385 beaucoup
992 5315 1085 5371 bonne
1099 5315 1188 5386 partie
1211 5313 1247 5371 de
1272 5316 1298 5370 ln
1316 5315 1480 5387 seigneurie
1496 5332 1503 5371 :
1518 5313 1646 5387 l'dveqne
1670 5316 1786 5374 d’drras

141 5385 254 5458 l'egliae
278 5391 310 5442 et
336 5383 465 5456 l'alrlraye
483 5385 520 5441 de
535 5384 729 5441 saint-Pierre
753 5382 789 5439 de
812 5385 936 5452 llesnon,
993 5385 1138 5458 possiduit
1152 5385 1261 5444 l’autre.
1274 5385 1417 5443 Honorius
1434 5400 1471 5442 ne
1486 5386 1564 5457 parle
1580 5400 1631 5458 pas
1643 5386 1679 5444 de
1693 5403 1727 5444 ee
1740 5389 1788 5446 do

142 5470 229 5528 parce
243 5455 346 5582 gu'elle
364 5461 392 5511 et
413 5470 466 5512 son
487 5455 560 5538 mari
575 5455 708 5537 l'avaient
725 5453 881 5536 restaurde,
899 5456 939 5512 lui
993 5457 1097 5524 rnaine,
1120 5457 1148 5514 ni
1167 5456 1203 5514 dc
1224 5456 1250 5514 la
1275 5457 1449 5536 seigneurIe,
1475 5471 1559 5530 parce
1578 5457 1660 5532 qu’ils
1680 5459 1718 5518 lui
1733 5477 1784 5532 ap·

141 5527 220 5585 avait
257 5525 333 5598 <igue
358 5534 386 5582 et
414 5523 547 5582 donnes
577 5530 734 5597 perpeturte
758 5525 785 5580 la
808 5533 882 5581 terre
904 5525 939 5581 de
993 5528 1171 5600 partenaient
1191 5523 1256 5599 ddjd
1281 5527 1408 5599 longtem
1431 5543 1445 5583 s
1470 5528 1746 5586 avanlcettelrulle.
1764 5529 1786 5587 ll

143 5598 293 5672 llontigny
303 5611 339 5654 eu
353 5597 488 5666 lleinaut,
499 5595 584 5668 qu'on
599 5610 717 5652 nomme
730 5596 793 5668 plus
808 5610 936 5657 commu·
992 5599 1129 5654 eontirme
1143 5597 1218 5654 donc
1232 5599 1390 5655 seulement
1407 5543 1429 5656 I
1442 5597 1532 5654 l'abba
1554 5599 1608 5656 ela
1625 5601 1787 5670 possession

144 5667 261 5725 nement
286 5667 639 5794 montigny-sorrs-lenes,
663 5663 796 5740 dloignee
814 5665 850 5722 de
865 5666 939 5723 deux
992 5667 1028 5724 dc
1043 5666 1129 5725 ladite
1149 5664 1278 5752 majorite
1294 5675 1324 5725 et
1337 5667 1375 5724 du
1389 5665 1461 5738 leur,
1475 5613 1577 5742 qu'eIle
1599 5669 1674 5726 nvait
1692 5669 1788 5726 reunia

144 5738 233 5796 lienes
248 5738 283 5795 de
296 5739 321 5795 la
338 5739 403 5794 vile
420 5737 456 5794 de
472 5739 561 5795 Mons.
576 5737 726 5804 Honorius,
745 5751 836 5808 parsu
853 5737 938 5804 balle,
993 5737 1009 5794 d
1025 5753 1076 5795 son
1090 5738 1234 5796 domama.
