4006 6346
843 305 1020 373 HONORII
1041 306 1087 368 111
1109 308 1256 372 opalis.

229 675 324 738 missi
334 673 503 736 efficacius
516 667 778 747 operarivaleai,
793 667 826 728 et
838 679 1023 740 congruum

228 773 407 836 afferentes
435 765 652 832 sollicitudini
678 781 747 829 sure
783 761 1021 824 adminiculum

230 871 308 932 iude
335 868 469 947 possitis
497 867 615 930 merito
644 863 839 940 promereri.
865 859 1022 937 Alioquin

229 968 428 1030 sententiam
452 979 550 1042 quam
576 960 823 1026 rationabiliter
845 958 960 1020 tulerit
986 957 1022 1018 in
1054 985 1055 1005 ,

227 1065 381 1136 rebelles,
414 1063 521 1126 ratam
558 1059 766 1128 habebimus,
797 1058 830 1119 et
863 1055 1021 1118 iaciemus

229 1165 366 1225 auctore
391 1161 541 1231 Domino,
565 1157 762 1220 inconcusse
786 1153 925 1216 serrari.
950 1155 1022 1214 Da-

228 1261 299 1324 tum
314 1261 353 1322 rat
365 1273 486 1334 supra.

270 1387 312 1447 In
336 1387 453 1446 eodem
476 1384 574 1444 modo
604 1379 763 1456 scriptum
793 1377 845 1438 est
876 1374 1022 1452 capitulo

230 1481 398 1545 hundensi
412 1495 519 1554 usque
533 1479 653 1549 teneri,
668 1476 701 1539 et
721 1476 778 1554 qui
793 1475 853 1536 sub
873 1475 945 1551 ejus
960 1490 1023 1550 gu-

229 1579 363 1642 bernari
377 1579 539 1654 regimine
552 1576 658 1653 ipsius
677 1573 828 1636 doctrina
848 1569 969 1632 instrui
990 1573 1024 1632 et

229 1677 404 1740 informari
427 1660 574 1736 moribus
597 1672 789 1744 adamastis,
817 1670 857 1730 de
883 1683 1025 1745 supera-

228 1773 390 1836 bundanti
405 1775 516 1835 tamea
532 1769 783 1832 universitatem
798 1769 942 1830 vestram
956 1781 1024 1826 mo·

229 1887 346 1935 nemus
359 1873 481 1933 attente
496 1885 556 1948 per
576 1867 766 1946 apostolica
781 1865 874 1928 vobis
899 1863 1023 1940 scripta

230 1971 436 2042 mandantes,
454 1971 617 2046 quatenus
632 1967 664 2027 cl
679 1966 836 2042 tanquam
852 1963 939 2039 patri
954 1960 1024 2021 ani·

230 2084 359 2130 marum
385 2067 583 2136 vestrarum,
610 2066 685 2135 etc,
715 2075 819 2139 usque
847 2059 881 2121 in
909 2058 1019 2120 linem.

228 2166 347 2228 Datum
362 2167 399 2227 tet
414 2177 533 2238 supra.

565 2437 688 2528 xciv

228 2596 282 2657 Ad
320 2597 457 2672 priores
491 2595 527 2655 S.
567 2594 703 2654 Vtotaat
736 2589 962 2659 xanctonen,
989 2585 1023 2649 et

267 2696 302 2755 S.
317 2694 481 2768 saeptam
500 2693 541 2756 de
562 2689 792 2780 Mauritania,
808 2687 1020 2750 ,relacionem

267 2793 378 2864 dtoec,
388 2791 423 2852 et
437 2789 615 2854 cantorem
628 2789 859 2864 hapettsmec.

488 2921 522 2980 la
538 2917 662 2992 ianuarii
683 2917 762 2976 litt.

237 3045 360 3111 Inopem,
371 3045 418 3096 lib.
429 3043 496 3106 vill,
507 3043 580 3108 epist.
595 3041 648 3093 lat.
663 3041 719 3092 hlss.
733 3042 770 3091 La
781 3041 857 3092 Parte
869 3037 903 3089 du
916 3037 1009 3102 rheti]

229 3169 346 3231 blandai
369 3178 400 3227 ut
425 3169 454 3226 in
478 3169 652 3226 monasterio
672 3168 701 3225 S.
724 3165 864 3225 iohannis
883 3165 1020 3238 Angeliu-

264 3259 444 3332 censiacum
458 3259 643 3315 correctionis
659 3263 687 3314 et
707 3253 917 3312 reformationis
931 3267 1020 3311 nove·

263 3349 321 3405 rint
332 3347 474 3420 indigere,
490 3347 634 3420 corrigant
648 3352 677 3402 ot
691 3342 856 3400 reforment.

271 3484 450 3555 Honorius,
479 3482 554 3550 etc,
580 3481 709 3543 dilectis
738 3478 817 3540 liliis
820 3521 879 3540 .....
909 3477 1022 3540 Sancti

231 3582 365 3646 viriani
384 3581 602 3651 xanctonen,
620 3579 652 3640 et
655 3621 715 3638 .....
733 3577 846 3638 Sancti
863 3574 1021 3652 Stephani

230 3681 271 3742 de
285 3679 487 3742 Mauritania
507 3677 715 3739 xanctonen.
730 3675 840 3746 dioec,
855 3673 1021 3751 prioribus

229 3779 264 3841 et
266 3821 326 3839 .....
343 3777 472 3840 cantori
487 3774 723 3853 Engolismen„
741 3774 893 3845 salutem,
908 3774 970 3833 etc.

269 3879 320 3937 Ex
355 3876 450 3952 parte
453 3918 513 3936 .....
550 3873 679 3936 abbatis
713 3872 746 3934 et
783 3871 1021 3934 monachorum

229 3973 264 4035 S.
273 3973 435 4036 iohannis
443 3970 671 4048 angeliacen„
687 3970 892 4032 Xanctonen.
910 3969 1019 4040 dioec,
1059 4033 1061 4038 ,

229 4070 293 4132 luit
324 4070 527 4146 propositum
552 4083 663 4130 coram
690 4066 795 4138 nobis,
813 4067 899 4144 quod
920 4082 1020 4144 quum

229 4169 377 4245 ipsorum
392 4166 630 4228 monasterium
644 4165 763 4227 horror
775 4181 840 4226 non
854 4163 934 4226 erdo
949 4179 1022 4239 pos·

230 4265 348 4338 sideat,
371 4265 480 4342 sitque
495 4264 672 4340 plurimum
693 4262 892 4324 dissolutum
915 4263 948 4324 et
961 4277 1022 4323 ex-

227 4365 380 4428 traneum
404 4379 424 4424 a
452 4361 599 4438 regulari
627 4360 838 4423 observantia
856 4359 1018 4430 videatur,

228 4478 288 4541 per
306 4462 453 4525 nostram
475 4460 613 4536 exigunt
634 4457 890 4520 sollicitudinem
914 4455 1022 4518 retor-

228 4561 325 4624 marl.
343 4563 451 4632 Quare
473 4557 643 4620 humiliter
667 4555 886 4634 postularunt,
910 4557 947 4616 ut
980 4555 1020 4616 ad

228 4657 500 4720 reformationem
523 4656 628 4733 ipsius
642 4657 710 4718 tam
731 4655 901 4732 incapite,
923 4669 1021 4730 quam

228 4755 265 4820 in
279 4753 446 4827 membris,
459 4770 501 4815 ne
515 4754 611 4816 nobis
623 4755 654 4814 ci
668 4770 735 4816 non
749 4750 1021 4814 subvenientibus

227 4851 353 4929 pereat,
369 4851 542 4912 intendero
551 4850 777 4927 dignaremur.
788 4852 818 4912 N
821 4866 858 4912 os
871 4865 951 4925 ergo
963 4849 1021 4926 qui

228 4949 360 5014 demum
375 4947 525 5024 cupimus
535 4948 753 5010 ecclesiarum
768 4950 890 5011 statum
906 4947 1019 5024 dirigi,

228 5049 262 5112 et
281 5061 475 5126 prosperum
499 5046 704 5116 conservari,
723 5045 915 5108 discretioni
939 5061 1021 5106 ves·-

228 5147 288 5208 trae
302 5161 361 5223 per
373 5143 562 5221 Apostolica
578 5143 702 5220 scripta
717 5143 926 5216 mandamus,
938 5159 1022 5220 qua-

228 5245 327 5306 tenus
351 5243 391 5304 ad
416 5241 504 5302 idem
530 5241 769 5303 monasterium
800 5241 1027 5319 personaliter

1078 663 1205 726 octavo.

1421 861 1524 948 XCV

1109 1013 1161 1073 Ad
1173 1013 1410 1086 praepositam,
1427 1015 1466 1073 R.
1484 1013 1517 1074 ei
1532 1015 1563 1074 J.
1580 1015 1841 1076 archidiaconos

1364 1109 1584 1170 suessionen..

1337 1240 1372 1298 lh
1388 1239 1510 1313 ianuarii
1533 1240 1610 1298 lati.

1054 1371 1055 1374 ’
1093 1362 1212 1428 mepte,
1222 1361 1269 1414 lib.
1279 1361 1345 1422 lllll,
1357 1363 1432 1428 epist.
1445 1363 1499 1414 tlt.
1512 1365 1568 1415 hlss.
1581 1365 1616 1416 Le
1627 1363 1701 1415 Forte
1716 1361 1750 1414 du
1760 1364 1855 1430 rhein]

1108 1485 1221 1546 lubibot
1234 1501 1272 1546 nc
1286 1486 1443 1562 presbyteri
1459 1487 1589 1545 ecclesiae
1603 1487 1710 1548 iotrea.
1724 1487 1838 1564 proprio

1329 1577 1423 1650 sigillo
1438 1577 1478 1634 uti
1493 1575 1614 1649 possint.

1117 1703 1295 1772 Honorius,
1312 1703 1386 1774 etc,
1411 1703 1540 1764 dilectis
1566 1699 1645 1764 liliis
1650 1747 1709 1765 .....
1733 1719 1872 1782 praepo*

1078 1799 1152 1872 sito,
1177 1802 1216 1861 R.
1242 1802 1275 1862 et
1299 1803 1329 1862 J.
1359 1801 1605 1864 archidiaconis
1639 1801 1870 1872 suessionen,

1078 1898 1230 1968 salutem,
1243 1899 1306 1960 etc.

1117 1995 1243 2057 Dilecta
1258 1996 1294 2056 iu
1309 1995 1439 2057 Christo
1460 1995 1530 2058 iilia
1554 1995 1721 2060 abbatissa
1740 1998 1871 2060 tetren.

1078 2092 1172 2153 nobis
1187 2093 1360 2156 insinuare
1376 2093 1514 2165 curavit,
1537 2095 1623 2175 qarod
1650 2111 1750 2172 quarm
1775 2110 1875 2171 pres-

1077 2189 1184 2267 byteri
1203 2193 1236 2254 ot
1257 2191 1371 2252 clerici
1395 2193 1522 2256 Jotren.
1539 2192 1700 2264 ecolesiae,
1725 2191 1870 2254 ldelden.

1078 2286 1243 2360 dioecesis,
1259 2303 1325 2350 non
1348 2289 1592 2352 consueverunt
1613 2289 1784 2366 proprium
1807 2288 1876 2350 ha-

1077 2383 1156 2446 bere
1178 2386 1335 2462 sigillum,
1362 2402 1423 2448 nec
1443 2387 1511 2448 sint
1535 2403 1636 2448 unum
1663 2403 1795 2464 corpus,
1823 2387 1872 2448 ita

1078 2482 1164 2560 quod
1196 2483 1378 2560 capitulum
1411 2483 1628 2566 appellentur,
1652 2484 1873 2548 nihilominus

1078 2581 1188 2644 tamen
1208 2583 1322 2644 contra
1342 2581 1551 2646 voluntatem
1566 2581 1672 2660 ipsius
1692 2581 1873 2646 abbatisam

1078 2695 1152 2756 quae
1164 2679 1313 2755 ipsorum
1328 2682 1428 2757 caput
1442 2681 1492 2742 est
1506 2681 1539 2742 et
1551 2681 1703 2758 patrona,
1721 2680 1871 2758 sigillum

1078 2775 1202 2838 habore
1224 2777 1427 2840 contendunt
1442 2778 1477 2840 in
1499 2781 1572 2856 ejus
1593 2778 1823 2856 praejudicium
1838 2779 1875 2840 ct

1077 2890 1273 2952 gravamem
1295 2891 1398 2954 qaaere
1419 2875 1453 2936 id
1475 2877 1524 2936 eis
1546 2892 1566 2938 a
1590 2875 1686 2938 nobis
1707 2877 1804 2956 petiit
1823 2877 1874 2938 in·

1078 2973 1196 3036 hiberi.
1221 2973 1304 3046 Quia
1332 2989 1412 3036 vero
1442 2973 1538 3036 nobis
1561 2989 1630 3036 non
1654 2975 1807 3037 consistit
1830 2973 1874 3038 de

1077 3072 1269 3149 praemissis,
1294 3071 1486 3134 discretioni
1507 3074 1626 3134 restrae
1648 3088 1708 3152 per
1727 3073 1874 3152 Aposto-

1077 3170 1141 3232 lica
1157 3169 1280 3246 scripta
1296 3170 1503 3242 mandamus,
1521 3170 1694 3248 quatenus,
1709 3171 1873 3250 inquisita

1077 3283 1177 3344 super
1191 3267 1244 3329 his
1260 3267 1451 3344 diligentius
1464 3268 1616 3340 veritate,
1631 3268 1660 3328 si
1674 3267 1768 3330 vebis
1784 3283 1872 3329 con-

1077 3364 1199 3425 stiterit
1213 3380 1283 3426 rem
1298 3364 1411 3426 taliter
1432 3379 1467 3426 se
1493 3363 1626 3437 babere,
1649 3364 1746 3426 dictis
1770 3380 1872 3442 pres-

1076 3460 1202 3538 byteris
1224 3465 1257 3523 et
1278 3462 1410 3552 clericis
1430 3463 1626 3524 auctoritate
1646 3463 1759 3524 nostra
1774 3461 1871 3523 inbi-

1077 3557 1183 3620 beatis
1195 3574 1364 3638 expresse,
1379 3575 1423 3622 ne
1437 3561 1641 3637 presumant
1659 3559 1712 3622 uel
1728 3559 1768 3622 de
1783 3575 1873 3622 novo

1077 3655 1241 3718 fabricare
1252 3657 1473 3733 sigillumvel
1485 3658 1534 3720 uti
1544 3673 1595 3726 ee,
1606 3658 1635 3720 si
1646 3658 1729 3719 torte
1740 3659 1873 3719 noviter

1077 3753 1294 3828 fabricarunt,
1323 3755 1414 3832 ipsos
1439 3755 1467 3815 si
1494 3759 1609 3818 contra
1636 3755 1871 3817 inhibitionem

1076 3853 1220 3914 vestram
1232 3853 1347 3914 venire
1361 3853 1672 3931 praesumpseratis
1685 3869 1872 3930 praesump-

1076 3951 1166 4012 tione
1181 3949 1370 4028 hujusmodi
1384 3967 1444 4027 per
1462 3967 1637 4014 censuram
1658 3951 1870 4017 ecclesiasti-

1077 4063 1160 4118 cam,
1175 4048 1397 4124 appellatione
1408 4049 1867 4126 postpositamompescentes.

1077 4143 1169 4216 Quod
1195 4143 1223 4206 si
1245 4160 1311 4206 non
1334 4161 1459 4218 omnes,
1481 4147 1544 4208 ete.
1560 4147 1680 4209 Datum
1699 4146 1868 4218 Laterani,

1077 4243 1105 4302 ll
1120 4241 1195 4302 idus
1208 4243 1367 4318 januarii,
1384 4258 1472 4304 anno
1487 4245 1616 4305 octavo.

1410 4483 1532 4572 lavi

1076 4638 1128 4700 ad
1151 4639 1346 4699 &erardum
1372 4639 1637 4700 Cremonensem
1661 4640 1868 4714 episcopam.

1338 4767 1371 4824 lt
1387 4765 1511 4840 ianuarii
1527 4768 1605 4826 lali.

1262 4889 1380 4954 [Ughelli
1393 4889 1467 4940 ltalia
1478 4905 1559 4950 sacre,
1573 4891 1604 4950 V,
1614 4889 1683 4958 doh]

1076 5015 1209 5089 indulget
1228 5023 1258 5072 ut
1274 5014 1309 5072 de
1326 5015 1496 5088 quibusdam
1514 5017 1742 5089 possessionibus
1756 5020 1864 5092 episco-

1102 5104 1213 5178 palibus
1228 5101 1385 5174 intendere,
1401 5105 1529 5178 obligare
1539 5107 1585 5164 vcl
1598 5106 1721 5166 vendere
1734 5113 1840 5180 posset.

1116 5243 1163 5304 llo
1189 5241 1397 5318 providentia
1423 5243 1480 5304 tua
1505 5241 1638 5319 plenam
1667 5244 1702 5308 ta
1729 5245 1868 5312 Domine

230 5340 436 5413 accedentes,
457 5341 491 5402 et
511 5338 670 5402 habentes
691 5354 760 5416 pree
789 5339 893 5400 oculis
916 5339 1022 5402 solum
1077 5339 1231 5400 fiduciam
1254 5338 1450 5412 obtinentes,
1465 5343 1498 5402 et
1518 5342 1659 5416 gratiam
1675 5342 1734 5404 tibi
1753 5344 1871 5424 rolen-

229 5441 345 5509 Deum,
357 5438 533 5514 corrigatis
548 5437 580 5500 et
595 5437 782 5500 reformetis
806 5436 938 5510 ibidem,
957 5453 1021 5514 ap·
1077 5440 1127 5500 tes
1142 5437 1251 5500 lacere
1270 5437 1448 5514 specialem
1463 5439 1500 5502 ut
1515 5453 1590 5501 cum
1610 5439 1867 5518 metropolitani,

230 5537 408 5616 pellaticne
427 5537 565 5610 remota,
582 5553 655 5614 quae
670 5535 888 5601 correctionis
909 5536 942 5599 et
963 5551 1022 5598 re·
1077 5537 1109 5600 et
1122 5534 1258 5613 capitali
1269 5534 1330 5605 tui,
1344 5535 1398 5598 rel
1408 5535 1544 5614 majoris
1560 5538 1592 5600 at
1604 5537 1749 5600 sanioris
1764 5539 1869 5614 partis

230 5635 437 5698 formationis
453 5634 564 5696 electo
584 5634 745 5698 noveritis
769 5633 930 5709 indigere,
948 5651 1024 5698 con·
1078 5634 1184 5712 ipsias
1198 5649 1373 5706 censensu,
1391 5634 1432 5696 de
1451 5633 1717 5710 possessionibus
1735 5637 1868 5712 episco-
