3948 6328
30 391 88 454 425

29 566 108 630 quas
130 549 287 616 dilectus
306 553 396 616 tilius
414 555 526 617 noster
540 557 557 618 J
561 599 581 628 .,
596 554 684 618 111311
706 559 835 620 Sanctae

28 650 197 712 Praxedis
219 652 398 730 presbyter
412 653 594 714 cardinalis
613 654 775 719 intervos
795 655 835 716 de

27 747 187 808 mandato
213 751 334 811 nostro
361 749 540 826 prudenter
567 741 835 830 3311311131-

27 845 112 906 31333
152 845 391 921 dignoscitur,
418 847 616 910 auctoritate
644 850 834 926 Apostolica

27 942 289 1017 confirmamus,
309 945 342 1005 31
361 945 535 1022 praesentis
553 937 668 1022 'scripti
688 947 835 1024 patroci-

27 1041 80 1100 113
91 1041 363 1102 communimus.
381 1043 420 1104 nt
431 1042 491 1104 illa
506 1043 583 1105 sunt
597 1043 699 1106 talia:

64 1139 137 1198 «ln
164 1139 313 1200 nomine
330 1140 471 1202 Domini.
490 1144 605 1202 Amen.
632 1143 737 1213 Quum
758 1155 830 1214 nos,

26 1237 53 1297 1.
65 1237 124 1296 liei
137 1236 261 1312 gratia
275 1236 365 1298 tituli
377 1239 506 1299 Sanctae
518 1238 680 1300 Praxedis
695 1239 833 1318 presby-

29 1333 74 1394 131
83 1333 281 1394 cardinalis
292 1333 333 1396 ad
345 1334 523 1396 sedandam
534 1336 736 1398 discordiam
747 1337 833 1400 13131

29 1430 147 1490 milites
160 1431 198 1492 et
219 1447 384 1508 sequaces
406 1447 519 1494 eorum
533 1448 576 1494 ex
597 1435 690 1512 parte
705 1450 783 1508 una,
800 1436 833 1496 et

29 1527 208 1604 populares
232 1531 417 1592 Perusinos
430 1532 463 1592 et
477 1531 646 1608 adjutores
661 1547 777 1593 eorum
789 1548 832 1594 ex

28 1625 141 1697 altera,
160 1625 205 1688 de
223 1627 383 1689 mandato
402 1626 527 1690 domini
539 1631 638 1706 Papae
656 1629 831 1692 Perusiurn

28 1722 257 1797 venissemus,
270 1723 394 1786 habitis
407 1724 448 1786 ab
460 1726 510 1786 eis
522 1726 563 1787 de
573 1727 721 1803 parendo
731 1743 831 1804 supra

28 1821 195 1882 discordia
221 1821 298 1900 ipsa
326 1823 490 1885 mandatis
512 1824 713 1902 apostolicis
732 1825 830 1901 atque

29 1918 158 1990 nostris,
181 1921 402 1996 juramentis,
427 1920 634 2000 pignoribus,
662 1921 830 1984 obsidibus

31 2032 65 2076 ac
79 2017 221 2090 tenutis,
242 2017 276 2079 et
289 2017 469 2080 intellectis
489 2035 561 2096 quae
577 2021 688 2096 partes
701 2020 736 2080 in
752 2035 831 2082 nos-

32 2115 78 2174 tra
101 2129 317 2192 proposuere
339 2115 534 2192 praesentia,
557 2117 715 2180 universa
733 2120 830 2196 jura-

32 2216 147 2284 menta,
170 2213 361 2289 pactiones
383 2212 614 2289 obligationes,
639 2215 829 2292 colligatio-

34 2323 86 2367 nes
102 2311 136 2370 et
152 2309 411 2386 promissiones,
428 2326 501 2388 quae
516 2311 723 2386 societatum,
739 2328 830 2374 com-

35 2407 243 2480 1111131311,
253 2423 312 2470 333
320 2405 830 2487 11313111131311,33131311,331-

37 2502 243 2579 lipariorum,
260 2505 442 2578 1311113311,
460 2505 492 2568 31
509 2506 652 2568 aliorum
665 2507 829 2570 artificum

37 2601 207 2663 occasione
216 2602 425 2680 generaliter
438 2603 491 2666 vel
507 2604 722 2682 singulariter
733 2603 829 2667 sactae

40 2701 106 2760 sunt
115 2701 185 2760 tam
200 2716 248 2762 ex
259 2701 366 2778 parte,
379 2716 477 2778 quam
490 2702 524 2762 in
537 2703 630 2778 parte
643 2703 785 2765 militum
797 2703 831 2765 et

40 2795 176 2870 peditum
196 2799 237 2858 in
264 2798 400 2860 civitate
422 2799 586 2862 Perusina
612 2801 646 2862 et
668 2803 744 2878 ejus
761 2800 831 2862 dis-

41 2891 140 2966 trictu,
157 2895 297 2971 penitus
319 2895 504 2970 irritamus,
523 2912 563 2958 ac
582 2897 623 2960 ab
639 2913 752 2960 eorum
768 2897 829 2959 ob-

43 2991 226 3054 servatione
242 2991 446 3054 absolvimus
462 2994 635 3056 universos
646 2994 706 3056 sub
720 2993 829 3056 debito

45 3084 214 3163 fidelitatis,
233 3104 300 3168 qua
314 3090 473 3152 Ecclesiae
489 3093 647 3152 Romanae
662 3091 827 3164 tenentur,

41 3184 211 3258 iuramenti
229 3187 327 3250 nobis
347 3188 497 3264 praestiti,
518 3191 551 3250 et
572 3189 673 3251 trium
689 3189 829 3252 millium

46 3296 222 3346 marcarum
235 3300 334 3362 poena
348 3285 487 3348 tirmiter
501 3286 724 3364 praecipiendo
735 3303 831 3350 man-

46 3374 159 3451 dantes,
174 3397 219 3442 13
240 3383 413 3458 praemissa
437 3380 616 3444 observent
634 3383 674 3444 de
696 3385 847 3456 3331313,ι

47 3473 222 3538 1313111113
235 3479 393 3557 deinceps
404 3479 734 3543 3313311311311313.
751 3483 830 3542 Pro·
844 3466 848 3547 s

48 3567 184 3636 libemus
200 3575 351 3652 insuper,
369 3593 411 3640 ne
427 3577 600 3654 quisquam
612 3579 830 3640 communiter

49 3667 92 3726 vel
109 3670 241 3733 divisim
257 3673 383 3750 aliquid
403 3674 525 3736 malum
548 3675 712 3737 retribuat
730 3674 827 3753 parti,

48 3765 92 3825 vel
108 3769 207 3830 alicui
228 3769 271 3832 de
288 3773 382 3848 parte
401 3786 460 3832 seu
479 3770 665 3833 fautoribus
680 3773 714 3834 et
728 3772 828 3850 adju-

51 3861 161 3927 toribus
180 3869 253 3930 suis
266 3868 430 3930 dictorum
441 3869 585 3952 civitatis
598 3871 632 3932 31
646 3869 827 3943 1131113133,

51 3964 208 4028 occasione
229 3965 406 4028 discordiae
430 3966 589 4029 hactenus
613 3967 758 4044 agitatae.
780 3965 829 4030 Ad

53 4053 121 4131 1133,
135 4078 234 4138 quum
249 4079 294 4125 31
309 4064 566 4142 praesumptione
579 4066 831 4128 constitutario-

52 4167 112 4216 rnrn
129 4161 345 4223 statuentium
364 4162 548 4224 secundum
565 4163 688 4224 motum
705 4164 828 4224 volun-

55 4249 118 4312 tatis
131 4259 273 4336 propriae
294 4257 452 4338 quidquid
476 4259 602 4329 volunt,
624 4261 727 4322 multa
753 4262 831 4323 sunt

55 4345 246 4417 incommoda
264 4355 454 4430 subsecuta,
473 4356 626 4418 volumus
639 4360 673 4421 et
687 4359 829 4420 manda·

57 4459 125 4520 nus,
144 4453 179 4514 31
201 4453 288 4516 nihil
313 4469 458 4532 unquam
485 4453 651 4517 statuatur
675 4456 830 4534 deinceps

56 4549 154 4610 contra
178 4552 301 4614 milites
321 4554 355 4613 31
377 4551 504 4630 pedites
525 4553 743 4630 supradictos,
771 4571 831 4616 seu

60 4639 142 4706 etiarn
159 4646 245 4710 bona
270 4664 384 4710 eorum
407 4651 523 4712 contra
539 4649 629 4727 leges
645 4653 679 4714 et
693 4653 832 4714 canoni-

59 4749 103 4797 cas
124 4747 320 4819 sanctiones,
343 4747 561 4808 rationabiles
582 4749 614 4810 et
633 4750 831 4826 approbatas

61 4843 304 4918 consuetudines,
324 4845 356 4906 et
370 4861 485 4922 pacem
507 4845 628 4908 iactam
641 4862 700 4924 per
720 4847 830 4909 dorni-

61 4943 124 4994 uum
142 4943 261 5004 sanctae
282 4941 430 5002 basilicae
457 4943 636 5006 Duodecim
652 4945 831 5020 Apostolo-

63 5040 119 5091 llrn
132 5039 354 5118 presbyterum
365 5040 580 5114 cardinalem,
597 5041 692 5102 bonae
705 5057 833 5104 merno-

63 5124 108 5188 liae
123 5131 240 5198 domini
265 5141 289 5199 l.
307 5141 406 5215 Papae
428 5139 660 5212 camerarium,
677 5139 710 5202 et
724 5139 833 5201 Babo-

64 5237 122 5286 nen
142 5234 280 5298 oddonis
295 5236 439 5297 Bobenia
455 5239 533 5298 tunc
551 5237 747 5322 potestatem
763 5241 831 5300 Pe-

65 5325 190 5392 rusinum
212 5349 286 5412 quae
304 5349 324 5396 3
339 5333 427 5396 11313
440 5334 573 5395 domino
585 5337 609 5394 l.
625 5337 830 5408 confirmata,

67 5419 91 5478 el
100 5437 149 5496 per
159 5429 323 5494 dominum
336 5432 520 5493 Honorium
536 5431 705 5494 declarata
719 5435 833 5497 existit

67 5513 293 5604 inquibusdam3
306 5529 363 5590 sed
375 5528 615 5592 inviolabiliter
625 5529 830 5603 observetur,

69 5613 119 5675 nisi
131 5619 233 5688 torsan
246 5627 480 5704 praedictorum
494 5629 661 5690 communi
678 5631 712 5692 et
725 5629 832 5691 libera

68 5711 218 5798 voluntate,
236 5739 274 5788 ec
290 5725 415 5787 domini
439 5727 538 5803 Papae
553 5727 586 5789 31
601 5742 831 5793 successorum

645 395 873 460 33131311.
897 397 975 458 nra.
999 397 1084 476 vul,

1617 381 1685 458 'lae

891 573 1025 620 suorum
1038 573 1197 634 expresso
1210 571 1374 618 consensu
1387 555 1513 634 aliquid
1529 557 1685 619 (luxerint

891 654 1161 715 statuendum.Et
1173 669 1389 730 quaecumque
1400 655 1515 715 contra
1527 653 1686 730 praedicta

891 751 1018 822 omnia,
1049 751 1234 828 prasertim
1272 751 1306 812 in
1340 751 1569 828 praeJudlcium
1594 751 1683 828 juris

889 849 992 910 alieni
1008 850 1130 911 statuta
1145 849 1197 910 vel
1217 847 1370 910 ordinata
1393 849 1519 911 suntin
1535 850 1680 926 scriptis,

888 945 940 1006 vel
961 945 1060 1006 ctiam
1078 946 1151 1006 sine
1166 945 1310 1022 scriptis,
1328 945 1684 1008 13331111313313113-

888 1057 979 1116 1313,
1003 1058 1070 1104 131
1097 1041 1305 1104 obstantibus
1318 1044 1519 1120 juramentis
1541 1043 1594 1106 vel
1611 1044 1684 1104 ins-

887 1140 1063 1202 trumentis
1093 1140 1260 1218 aliquibus
1292 1157 1352 1217 pro
1379 1141 1431 1202 llis
1464 1141 1682 1204 observandis

887 1237 996 1310 133113,
1010 1238 1064 1300 vel
1087 1238 1259 1316 rescriptis
1279 1237 1381 1300 etiam
1399 1239 1606 1316 impetratis;
1624 1238 1681 1300 sed

886 1335 987 1398 liceat
1003 1335 1156 1396 omnibus
1172 1336 1347 1414 utriusque
1370 1337 1473 1414 partis
1497 1335 1596 1398 rebus
1612 1337 1682 1398 suis

887 1432 937 1494 uti
951 1433 1089 1510 pacifice
1100 1449 1140 1494 ac
1152 1432 1274 1510 quiete,
1286 1449 1347 1494 nec
1360 1433 1401 1494 ab
1415 1434 1528 1510 aliqua
1538 1433 1683 1510 partium

885 1530 1088 1606 generaliter
1102 1531 1154 1592 vel
1174 1530 1392 1606 singulariter
1411 1531 1608 1592 auferantur
1621 1546 1680 1591 re-

886 1628 977 1706 liqua
997 1628 1085 1690 bona
1106 1644 1178 1688 sua.
1196 1629 1278 1690 Etsi
1294 1626 1466 1700 militibus,
1484 1628 1537 1690 vel
1559 1628 1682 1706 pediti-

885 1725 1035 1788 bustam
1057 1727 1093 1786 in
1115 1726 1251 1787 civitate
1274 1726 1446 1798 Perusina,
1461 1741 1560 1802 quam
1575 1725 1682 1802 ipsius

886 1823 1039 1886 districtu
1052 1823 1086 1884 in
1101 1823 1266 1884 incisione
1277 1821 1443 1895 arborum,
1456 1823 1508 1884 vel
1525 1822 1681 1884 combus-

885 1920 976 1983 tione
991 1920 1163 1982 domorum
1180 1919 1315 1992 suerint,
1336 1921 1421 1998 quod
1442 1919 1540 1992 absit,
1558 1919 1598 1980 de
1614 1935 1681 1982 cae-

884 2019 956 2080 tero
973 2019 1094 2080 damna
1109 2017 1197 2090 1313,
1214 2033 1274 2096 per
1295 2018 1516 2080 camerarium
1532 2033 1681 2078 commu-

885 2116 937 2176 nis
956 2116 1011 2178 vel
1034 2131 1094 2193 per
1110 2115 1262 2176 homiues
1285 2115 1434 2194 pleberii,
1449 2115 1485 2188 in
1502 2131 1566 2192 quo
1582 2114 1678 2176 darn·

885 2229 964 2274 num
984 2212 1096 2275 datum
1120 2213 1232 2286 133111,
1258 2213 1439 2274 33331131
1464 2213 1679 2290 const'tuturn

885 2311 1030 2373 civitatis
1052 2311 1224 2372 Perusinae
1245 2309 1304 2372 liat
1322 2309 1505 2372 satisfactio
1522 2311 1679 2374 damnum

885 2407 1005 2484 333313,
1020 2423 1202 2486 omnesque
1224 2407 1280 2485 qui
1302 2409 1418 2470 contra
1441 2407 1681 2484 3131131313-

884 2505 1010 2578 nerint,
1036 2504 1390 2568 excommunicationis
1420 2506 1555 2568 vinculo
1581 2506 1681 2566 inno-

885 2603 1014 2676 dantes,
1037 2603 1122 2682 3331
1146 2606 1441 2681 praesumpserunt,
1469 2603 1679 2666 decernimus

885 2701 1017 2763 irritum
1028 2701 1100 2778 ipso
1115 2700 1215 2764 lactc.

925 2799 1126 2860 «Praeterea
1148 2798 1384 2878 nequisquam
1408 2799 1590 2876 praemissis
1612 2816 1678 2860 au-

885 2895 963 2958 deat
982 2896 1160 2968 contraire,
1182 2894 1242 2955 sub
1261 2911 1359 2972 poena
1376 2896 1530 2972 superius
1549 2911 1680 2958 memo-

884 2992 957 3056 rata
969 2991 1109 3054 tirmiter
1122 2991 1323 3066 inhibentes,
1341 2992 1382 3054 ad
1397 2993 1534 3069 majoris
1550 2992 1680 3057 roboris

885 3090 1074 3154 firmitatem
1098 3091 1269 3168 spoletani
1290 3091 1326 3152 in
1345 3091 1451 3153 tribus
1471 3090 1618 3152 millibus
1633 3091 1680 3153 li-

885 3188 1019 3250 brarum
1043 3189 1253 3260 Lucensiurn,
1270 3189 1303 3251 31
1318 3187 1520 3252 Urbevetani
1541 3189 1577 3250 in
1595 3189 1679 3252 teti-

886 3286 960 3347 dem
988 3286 1200 3364 fidejussores
1226 3287 1428 3364 recepimus,
1453 3286 1500 3348 113
1526 3287 1682 3350 videlicet

886 3383 971 3462 quod
988 3384 1095 3462 siqua
1111 3385 1256 3462 partium
1271 3383 1387 3446 contra
1407 3400 1522 3462 pacem
1538 3385 1682 3446 311131-

885 3481 963 3543 data
991 3483 1104 3543 nostra
1140 3481 1255 3542 venire
1284 3481 1551 3558 praesumpserit,
1579 3481 1680 3542 iidem

886 3577 1099 3656 fidejussores
1110 3579 1244 3640 domino
1256 3581 1355 3654 Papae
1364 3579 1417 3639 vel
1430 3577 1681 3640 successoribus

886 3676 968 3748 suis,
985 3677 1017 3738 31
1032 3677 1129 3754 parti,
1154 3692 1227 3754 quae
1251 3691 1365 3752 pacem
1387 3677 1420 3736 31
1438 3674 1593 3736 mandata
1608 3691 1682 3737 ser-

885 3774 1027 3845 vaverit,
1053 3773 1273 3836 communiter
1294 3773 1330 3833 in
1352 3772 1440 3835 dicta
1462 3772 1603 3850 pecunia
1624 3775 1680 3834 te-

885 3871 1041 3942 neantur,
1078 3870 1278 3946 recipientes
1314 3886 1334 3932 a
1371 3869 1678 3946 Feliginatensibus

885 3967 1103 4030 nibilominus
1117 3967 1319 4044 J'urameuta,
1344 3966 1430 4044 quod
1452 3970 1590 4044 partem,
1608 3984 1680 4048 quae

885 4064 1000 4125 contra
1015 4079 1129 4140 pacem
1145 4064 1178 4125 et
1193 4063 1348 4126 mandata
1364 4063 1523 4145 praedicta
1536 4064 1679 4136 venerit,

884 4161 1080 4238 depriment,
1097 4163 1131 4224 31
1144 4161 1332 4223 servantem
1348 4161 1463 4224 eadem
1478 4177 1538 4239 pro
1552 4161 1680 4224 viribus

885 4259 1099 4336 adjuvabunt.
1481 4245 1483 4250 ¹

925 4375 943 4418 c
960 4359 1085 4420 Verum
1099 4375 1198 4436 quum
1214 4359 1405 4436 potestates,
1426 4357 1482 4436 qui
1507 4357 1680 4420 Perusinis

888 4472 949 4534 per
962 4457 1112 4533 tempora
1128 4455 1333 4532 praefuerint,
1350 4471 1417 4516 nna
1434 4472 1509 4516 curn
1524 4456 1573 4516 eis
1587 4455 1681 4532 epis-

886 4569 979 4631 copo,
997 4554 1148 4614 canoniae
1172 4554 1286 4614 Sancti
1310 4554 1495 4620 Laurentii,
1515 4556 1684 4617 monaste-

886 4651 937 4713 rio
951 4651 1064 4712 Sancti
1079 4650 1170 4712 Petri
1188 4653 1221 4711 et
1235 4649 1312 4711 aliis
1326 4637 1479 4712 ecclesiis
1493 4651 1637 4713 civitatis
1652 4655 1685 4716 et

886 4749 1040 4810 dioecesis
1068 4747 1241 4809 Perusinae
1266 4748 1430 4825 quasdam¹
1455 4750 1683 4826 possessiones
1713 4752 1716 4758 '

886 4848 919 4910 et
941 4845 1028 4908 bona
1050 4845 1214 4907 violenter
1242 4844 1459 4919 abstulerint,
1475 4849 1681 4923 mandantes,

887 4947 923 5006 31
941 4944 1102 5006 13113133
1116 4943 1151 5003 11
1168 4943 1318 5020 proximo
1334 4945 1518 5006 Perusinus
1535 4947 1683 5023 potestas

887 5043 964 5104 ante
984 5040 1130 5102 omniurn
1152 5057 1329 5102 causarum
1350 5043 1572 5119 cognitionem
1586 5060 1681 5107 com»

887 5141 1002 5218 petens
1027 5137 1235 5202 excambium
1255 5140 1433 5216 assignans
1453 5143 1603 5202 canoniae
1624 5159 1683 5204 su-

888 5237 1045 5315 pradictae
1060 5251 1119 5314 pro
1135 5236 1308 5298 excambio
1326 5239 1454 5314 palatii,
1467 5238 1556 5314 ,quod
1573 5237 1681 5301 eidem

888 5335 1009 5396 dudum
1023 5335 1231 5397 concessisse
1244 5333 1451 5412 dignoscitur
1465 5335 1608 5413 populus
1621 5339 1696 5402 Pe·

887 5435 1036 5506 rusiuus,
1052 5435 1084 5495 31
1105 5433 1165 5495 1113
1183 5447 1255 5494 earn
1279 5433 1435 5510 spoliavit
1458 5436 1679 5510 postmodum,

889 5534 978 5595 vnotu
1016 5531 1159 5609 propriae
1198 5531 1379 5594 voluntatis
1421 5532 1603 5610 restituat3
1632 5535 1681 5596 sic

888 5629 999 5691 ablata
1015 5629 1171 5708 episcopo
1185 5629 1217 5691 et
1239 5629 1438 5706 supradictis
1459 5631 1611 5692 ecclesiis
1631 5633 1685 5693 in-

889 5727 938 5790 113
965 5742 1123 5803 mensem,
1154 5725 1365 5792 restitutione
1391 5729 1565 5804 bagnariae
1595 5730 1684 5794 sacta
