4032 6326
56 299 113 359 289

59 461 182 520 Sancta
215 460 348 524 Martae
370 461 649 524 'lheutonicorum
663 462 859 540 Hierosoly-

57 557 183 628 mitani,
212 558 369 621 salntem
395 561 428 622 et
448 561 671 637 Apostolicam
699 560 859 622 benedie-

57 655 187 715 donem.

92 752 251 814 Graviter
262 755 386 816 oculos
411 756 534 818 divinae
556 757 739 834 majestatis
754 755 862 818 offen-

57 849 132 910 dunt
145 851 179 911 et
194 850 437 915 thesaurizant
451 852 515 914 sibi
526 854 612 916 iram
627 855 662 915 in
678 854 731 915 die
741 853 861 930 judicii

54 946 129 1023 justi
141 947 214 1019 Dei,
228 949 294 1024 qui
303 949 480 1025 religionis
493 950 642 1012 habitum
655 954 861 1012 assumentes

57 1047 87 1104 et
101 1043 310 1120 incipientes
329 1047 469 1109 Domino
492 1046 646 1110 famulari
669 1048 710 1109 ad
725 1047 861 1125 AEgypti

59 1141 189 1202 delicias
209 1141 400 1206 derelictas
425 1145 558 1207 inhiant
570 1147 603 1207 et
630 1161 786 1223 pepones,
802 1143 862 1205 ab·

54 1241 203 1315 jactoque
215 1242 310 1317 jugo
333 1243 465 1303 Domini
488 1242 704 1304 saecularibus
719 1243 861 1318 negotiis

60 1353 91 1397 se
111 1336 314 1401 immiscent
334 1341 369 1401 et
384 1340 501 1402 illicita
516 1340 744 1408 mercimonia,
761 1341 861 1400 immo

60 1434 253 1495 detestanda
268 1436 493 1498 contubernia
504 1438 702 1499 contrahere
717 1453 783 1499 non
798 1436 863 1498 for-

60 1531 191 1593 midant.
214 1533 383 1611 Plerique
408 1534 520 1606 etiam,
545 1535 602 1612 qui
628 1537 695 1596 Deo
717 1535 753 1595 in
777 1533 862 1596 detis

60 1629 211 1704 operibus
242 1631 457 1692 mentiuntur
491 1632 627 1694 obtentu
658 1630 752 1693 falsae
781 1631 863 1692 reli-

62 1727 174 1802 gionis,
204 1743 316 1805 quam
343 1729 452 1805 potius
480 1729 596 1790 volunt
622 1729 737 1805 fugere
763 1745 862 1807 quam

62 1825 194 1896 mutare,
212 1841 289 1886 non
305 1827 409 1903 petita
424 1826 574 1902 magistri
590 1827 642 1886 sui
658 1827 794 1888 licentia
808 1828 861 1887 vel

63 1920 201 1994 obtenta,
216 1937 257 1984 se
269 1922 316 1984 ad
329 1923 433 1984 alium
446 1923 619 2000 religionis
630 1923 738 1985 locum
748 1927 862 1985 trans-

63 2017 176 2090 ferunt,
194 2035 269 2081 non
284 2020 509 2093 advertentes,
527 2021 612 2098 quod
626 2023 713 2082 Deus
723 2037 789 2082 non
805 2019 864 2082 fal-

64 2113 137 2175 litur
157 2131 224 2177 nec
251 2117 441 2179 altissimus
467 2117 635 2180 irridetur.
665 2120 734 2180 Nos
760 2118 864 2194 igitur

65 2227 157 2288 super
170 2213 228 2275 his
243 2215 400 2277 volentes
415 2216 552 2292 speciali
567 2215 709 2292 quadam
732 2215 862 2277 sollici-

67 2311 173 2372 tudine
204 2313 401 2388 providere,
426 2314 624 2375 auctoritate
648 2313 862 2390 praesentium

68 2406 267 2482 inhibemus,
282 2425 328 2470 ne
343 2410 434 2488 quis,
448 2411 522 2488 post
547 2410 787 2488 professionem
803 2425 862 2470 or-

71 2503 148 2564 dinis
159 2507 269 2568 vestri
285 2507 381 2568 vobis
395 2508 597 2584 regulariter
621 2507 741 2568 factam
763 2506 863 2568 habi-

71 2601 194 2678 tumque
217 2605 406 2682 receptum,
423 2605 464 2666 ad
489 2605 648 2666 saeculum
674 2605 726 2666 vel
749 2604 863 2665 mundi

73 2695 215 2758 mititiam
241 2701 306 2759 aut
333 2699 512 2760 saeculares
536 2699 670 2775 nuptias
694 2698 862 2760 licentiam

72 2790 182 2854 habeat
202 2796 420 2857 transeundi.
437 2796 557 2858 Nullus
581 2811 710 2874 quoque
726 2796 863 2873 majoris

74 2889 270 2953 velminoris
281 2893 457 2970 religionis
473 2893 607 2955 obtentu
622 2895 697 2954 sine
712 2893 864 2968 magistri

76 2985 120 3045 sui
143 2986 284 3052 licentia
311 2990 491 3066 prasumat
514 2990 556 3051 ad
584 2989 686 3051 alium
713 2990 863 3051 ordinem

78 3083 285 3147 transvolare.
305 3086 398 3146 Nulli
425 3103 505 3163 ergo
533 3087 668 3149 omnino
691 3087 863 3148 hominum

77 3177 165 3242 liceat
189 3181 282 3244 hano
309 3184 465 3259 paginam
502 3185 626 3245 nostrae
654 3184 863 3245 inhibitionis

79 3275 263 3354 iufringere,
280 3281 334 3342 vel
349 3281 381 3341 ei
394 3296 478 3342 ausu
491 3281 669 3362 temerario
684 3282 861 3344 contraire.

81 3372 109 3432 Si
122 3375 191 3450 quis
206 3380 323 3439 autem
338 3378 401 3440 hoc
420 3379 584 3441 attentare
599 3381 862 3456 praesumpserit,

81 3467 334 3546 indignationem
359 3468 596 3552 omnipotentis
615 3477 674 3537 Dei
703 3477 826 3538 etbeat
867 3466 871 3478 ’

82 3581 143 3628 rum
173 3573 266 3634 Petri
293 3572 327 3633 et
361 3573 460 3633 Pauli
482 3573 706 3648 apostolorum
721 3578 804 3652 -ejus
829 3591 864 3636 se

83 3667 199 3728 noverit
212 3669 441 3730 incursurum.
464 3671 583 3732 Datum
602 3671 770 3743 Laterani,
794 3671 862 3733 kat.

83 3757 239 3838 februarii,
254 3766 468 3844 pontificatus
492 3769 598 3830 nostri
610 3783 698 3830 anno
712 3769 862 3846 septimo.

407 4153 530 4241 LXXI

198 4317 251 4376 Ad
263 4316 447 4375 universos
468 4314 596 4399 Christi
609 4313 734 4387 adelae.

337 4451 502 4511 strimarii
520 4452 598 4510 tna.

167 4585 302 4649 [Strehlke
311 4587 374 4638 st.
388 4587 443 4638 ord.
454 4585 592 4646 Thomna„
606 4585 653 4636 328
664 4600 691 4636 n.
703 4585 771 4651 389]

93 4701 215 4769 Honorius
232 4713 383 4769 universos
405 4709 635 4780 christifideles,
655 4710 799 4784 proposita
819 4711 863 4768 in·

121 4791 265 4871 dulgentia,
287 4799 416 4858 hortatur
448 4799 485 4858 ed
522 4799 744 4858 succurrendum
774 4799 866 4857 ordini

122 4881 499 4961 theutonicoeleemosynis.
553 4909 557 4919 ·

125 5017 279 5084 Honorius
291 5023 476 5100 episcopus,
486 5038 602 5086 servus
612 5039 782 5106 servorum
794 5024 865 5096 Dei,

97 5113 239 5182 universis
253 5121 379 5182 Christi
399 5120 561 5192 fidelibus,
586 5121 627 5182 ad
643 5137 725 5199 quos
746 5121 866 5184 litterae

98 5203 153 5272 iste
174 5218 394 5292 pervenerint,
421 5217 616 5279 salutemet
642 5218 867 5295 Apostolicam

98 5300 349 5376 benedictionem.

685 303 914 368 EPISTOLAE.
938 305 1015 365 LIB.
1039 305 1109 366 vlt.

1645 307 1707 380 290

913 465 1022 526 torum
1056 461 1217 526 offensam
1245 462 1392 525 divinam
1421 464 1559 539 mitigat,
1589 463 1647 528 dat
1669 465 1705 526 in

914 559 1071 636 praesenti
1080 559 1221 635 gratiam
1232 562 1266 622 et
1284 560 1399 637 adjicit
1413 561 1558 636 gloriam
1570 561 1605 622 in
1616 561 1708 623 futu-

914 661 1051 734 reipsa
1067 657 1155 719 enirn
1168 657 1319 734 dispersa
1327 657 1608 734 multiplicaturet
1620 674 1708 720 cres-

915 755 970 826 cit,
982 756 1016 816 et
1025 754 1170 831 reposita
1185 753 1220 814 in
1232 769 1350 816 manus
1363 769 1545 832 pauperum
1556 755 1707 818 coelestes

915 851 1107 928 congeritur
1130 851 1165 912 in
1179 850 1365 924 thesauros,
1383 852 1462 928 quin
1482 852 1601 929 potius,
1621 852 1707 929 qnod

915 949 974 1009 uni
995 965 1039 1010 en
1062 949 1209 1010 minimis
1227 946 1349 1010 factum
1373 948 1474 1011 fuerit
1492 949 1533 1011 de
1552 950 1707 1026 operibus

915 1047 1081 1118 caritatis,
1112 1046 1176 1122 ipsi
1202 1045 1341 1106 Domino
1372 1045 1495 1108 factum
1528 1047 1709 1108 secundum

915 1142 1714 1221 veritatiseloquiumperhibetur.Nonestautem,

916 1239 1029 1312 alicui,
1053 1240 1140 1302 sicut
1160 1239 1373 1308 arbitramur,
1389 1226 1606 1316 incognitum,
1623 1240 1710 1318 quod

916 1336 1028 1398 dilecti
1042 1336 1114 1409 filii,
1124 1336 1244 1399 fratres
1255 1337 1438 1414 Hospitalis
1450 1339 1581 1400 Sanctae
1593 1339 1712 1404 Mariae.
1759 1411 1761 1415 ,

917 1435 1197 1496 Theutonicorum
1225 1434 1531 1511 Hierosolymitani,
1563 1436 1619 1512 qui
1648 1452 1710 1498 sua

916 1531 1710 1609 omnia,immoetseipsossuperimpenduntser·

916 1628 1710 1708 vitiotesuChristi,sicintentisuntcircaopera

917 1727 1077 1800 caritatis,
1105 1725 1296 1803 specialiter
1318 1726 1360 1787 ad
1385 1726 1611 1789 defensionem
1633 1728 1711 1790 fidei

917 1824 1126 1897 Christianae,
1137 1823 1332 1886 aemulantes
1348 1823 1589 1901 quodammodo
1600 1825 1710 1888 zelum

917 1921 1098 1994 Mathatiae,
1116 1937 1217 1997 quum
1240 1921 1369 1984 videret
1382 1923 1499 1984 sancta
1512 1922 1645 1983 Domini
1666 1921 1709 1983 ab

917 2018 1243 2081 exterisnationibus
1258 2019 1474 2094 prophanari,
1491 2020 1549 2095 qui
1561 2019 1666 2082 vitam
1675 2018 1709 2080 in

917 2116 1078 2194 patientia
1103 2116 1249 2178 tolerant
1271 2115 1360 2179 etin
1383 2115 1550 2178 desiderio
1571 2119 1711 2178 mortem

918 2214 1050 2285 habent,
1066 2212 1163 2273 bonis
1183 2214 1295 2274 tamen
1316 2212 1506 2274 coelestibus
1530 2213 1709 2276 inhiantes.

918 2313 1023 2382 Quum
1051 2311 1155 2386 igitur
1182 2309 1261 2373 dicti
1290 2309 1422 2382 tratres,
1451 2311 1508 2387 qui
1537 2309 1713 2374 effundunt

918 2424 998 2486 opes
1013 2407 1046 2469 et
1060 2407 1195 2470 tradunt
1209 2421 1348 2483 corpora
1363 2424 1422 2484 pro
1435 2409 1506 2469 zelo
1515 2407 1591 2470 fidei
1602 2409 1713 2470 chris-

916 2505 1029 2576 tianae,
1047 2504 1087 2566 ad
1103 2503 1332 2581 eleemosynas
1354 2519 1420 2564 non
1442 2505 1611 2567 sufficiant
1625 2521 1710 2567 con·

918 2602 1040 2678 suetas,
1057 2601 1123 2663 nisi
1144 2601 1291 2663 fidelium
1307 2601 1477 2678 suffragiis
1501 2601 1711 2680 adjuventur,

918 2700 1169 2764 universitatem
1186 2700 1331 2760 vestram
1353 2700 1534 2776 rogandam
1555 2701 1711 2762 duximus

918 2798 950 2860 et
972 2797 1168 2858 monendam
1187 2796 1471 2858 inremissionem
1491 2797 1585 2859 vobis
1599 2813 1714 2875 peeca-

917 2894 1043 2955 minnm
1058 2893 1280 2970 injungentes,
1297 2895 1470 2970 qnatenus,
1495 2911 1596 2971 quum
1610 2895 1711 2956 iidem

918 2990 1037 3054 fratres
1059 2990 1112 3052 vel
1136 3005 1251 3052 eorum
1275 2991 1385 3052 nuntii
1411 2990 1452 3052 ad
1472 3007 1532 3052 vos
1559 2992 1713 3054 venerint

919 3089 1146 3166 eleemosynas
1162 3087 1295 3164 petituri
1312 3103 1370 3164 pro
1382 3088 1623 3150 sustentatione
1632 3104 1713 3164 pau·

917 3202 1034 3263 perum
1046 3201 1085 3248 ac
1099 3187 1210 3246 Terrae
1227 3184 1356 3246 Sanctae
1369 3201 1540 3258 succursu,
1557 3187 1651 3262 grata
1662 3186 1712 3247 eis

918 3283 1065 3345 subsidia
1091 3282 1281 3355 conferatis,
1311 3282 1359 3343 ita
1375 3282 1460 3360 qnod
1496 3298 1556 3360 per
1581 3283 1653 3344 haec
1679 3283 1713 3344 et

918 3381 985 3442 alia
1000 3381 1133 3458 pietatis
1149 3394 1261 3456 opera,
1279 3395 1352 3456 quae
1371 3380 1511 3441 Domino
1526 3380 1711 3456 inspirante

919 3478 1075 3550 feceritis
1098 3476 1281 3554 proficiatis
1302 3476 1399 3538 bonis
1422 3477 1659 3553 temporalibus
1679 3479 1713 3539 et

919 3575 1014 3637 donis
1040 3590 1107 3636 non
1137 3573 1365 3636 destituamini
1390 3575 1610 3650 sempiternis.
1642 3575 1711 3636 Nos

918 3688 997 3734 vero
1021 3672 1081 3743 eis,
1100 3671 1156 3748 qui
1172 3671 1270 3732 dictis
1293 3670 1451 3734 fratribus
1474 3687 1606 3732 manum
1634 3687 1713 3748 por-

919 3771 1067 3834 rexerint
1075 3769 1219 3846 pietatis,
1232 3770 1262 3829 si
1276 3785 1355 3831 vere
1366 3769 1489 3831 fuerint
1499 3770 1708 3845 prenitentes,

920 3868 1099 3932 secundnm
1116 3866 1334 3944 quantitatem
1352 3866 1493 3927 subsidii
1508 3869 1540 3927 et
1560 3866 1711 3946 devotio-

919 3966 971 4027 nis
999 3965 1153 4026 aifectum
1180 3957 1317 4024 suornm
1331 3963 1463 4023 veniam
1482 3964 1711 4040 peccaminum

919 4062 1126 4141 pollicemur.
1138 4061 1257 4122 Datum
1268 4059 1436 4133 Laterani,
1449 4061 1494 4121 111
1505 4076 1583 4122 non.
1595 4059 1712 4122 febru·
1840 4061 1847 4067 '

920 4160 996 4234 arii,
1009 4158 1221 4238 pontificatus
1236 4156 1343 4219 nostri
1357 4173 1445 4221 anno
1460 4157 1611 4236 septimo.

1246 4472 1391 4559 LXXII

979 4625 1030 4685 Ad
1054 4625 1222 4684 decanam
1240 4623 1275 4684 ct
1294 4621 1483 4696 capitulam
1503 4625 1653 4684 ecclesia

1159 4721 1200 4780 de
1225 4719 1469 4792 wanbensort.

1185 4848 1202 4906 3
1222 4847 1355 4905 februarii
1370 4848 1449 4905 1223.

920 4996 921 5000 ¹
1008 4973 1137 5038 [Bohmer,
1152 4970 1213 5023 Cod.
1225 4971 1332 5035 diplom.
1344 4969 1519 5033 Manofranc,
1536 4987 1561 5036 p.
1575 4972 1627 5038 38.]

969 5097 1205 5158 constitutionem
1221 5109 1235 5154 a
1249 5093 1380 5240 Phigippo
1394 5097 1548 5168 proposito
1563 5094 1666 5153 factam

1240 5197 1294 5241 oon
1317 5189 1401 5241 rmat.

962 5310 1129 5373 Honorius
1170 5309 1357 5385 episcopus,
1384 5323 1500 5369 servus
1544 5324 1717 5374 servorum

129 5405 204 5472 Inter
217 5415 349 5484 caetera,
367 5428 439 5489 quae
459 5411 621 5474 inducunt
643 5413 868 5474 miserationis
922 5410 992 5481 Dei,
1010 5407 1139 5468 dilectis
1155 5406 1233 5466 filiis
1248 5406 1374 5466 decano
1389 5407 1421 5465 et
1441 5405 1586 5480 capitulo
1608 5409 1719 5471 eccle-

100 5503 267 5572 latientiam
285 5510 327 5571 ad
341 5510 554 5586 parcendum,
574 5510 646 5571 sola
659 5512 709 5573 est
724 5510 869 5573 eleemo-
923 5507 981 5570 siae
994 5506 1035 5566 de
1049 5503 1283 5576 Franlrenfort,
1301 5502 1440 5563 salutem
1451 5504 1717 5581 etApostolicam

102 5607 172 5676 lina,
202 5624 275 5686 quas
298 5607 454 5684 operiens
479 5607 724 5688 multitudinem
750 5623 870 5684 pecca·
922 5603 1197 5666 benedictionem.

210 5706 337 5798 vinritos.
358 5749 431 5795 roua
443 5738 495 5796 lV.

1547 5735 1581 5791 tt)
