4168 6344
131 321 191 384 loo
650 351 667 370 κ
748 315 977 386 EPIS'IOLAE.
1000 325 1078 386 ΜΒ.
1101 325 1155 386 v1.
1369 361 1384 382 a
1713 317 1772 387 lio

132 479 333 545 senentiam
348 481 528 556 interdicti,
539 477 741 544 memoratus
754 482 821 544 dui
833 481 928 546 nobis
982 483 1198 546 correctimrts
1216 484 1345 561 uirgam
1366 469 1545 548 salubriter
1564 441 1771 562 apponendo·

131 579 292 656 captiose,
304 578 468 656 suggessit
483 580 568 657 quod
583 596 656 641 cum
668 580 825 657 praelatus
838 595 928 657 pre·
982 595 1056 657 quae
1068 583 1307 658 cousequenter
1317 581 1554 644 consolationis
1567 582 1666 642 etiem
1676 581 1772 658 uirga

132 677 259 754 positus
276 677 437 753 quasdem
452 691 472 737 a
487 675 582 738 nobis
596 679 711 739 contra
724 693 799 738 eum
813 677 853 738 ad
869 693 928 738 vos
982 679 1100 739 merito
1115 677 1160 739 sit
1174 678 1323 740 dicenda.
1342 682 1428 740 Sane
1443 677 1484 738 ed
1500 679 1645 740 nostram
1665 690 1772 740 nove*

132 788 234 850 super
261 773 406 850 quadam
441 789 569 834 summa
605 775 770 850 pecuniae,
800 773 928 837 litteras
982 775 1056 836 rltis
1079 773 1282 838 audientiam
1305 776 1506 852 pervenisse,
1524 773 1647 852 quod...
1670 775 1773 837 abbas

134 870 358 947 impetrasset,
381 878 453 943 vos,
465 871 688 948 praetermisso
699 871 786 947 juris
799 871 927 940 ordine,
983 873 1374 945 monesteril,...,crimine
1382 873 1531 934 irretitus
1541 887 1579 933 ac
1590 870 1773 934 simoniaca

131 967 254 1029 terram
284 967 392 1044 ipsius
425 967 673 1044 supposueretis,
702 968 928 1030 ecclesiastico
982 969 1056 1031 laba
1076 963 1260 1047 respersus,
1273 971 1341 1032 alia
1361 965 1535 1032 committit
1551 970 1699 1031 enormia
1714 979 1773 1046 per
1893 968 1898 986 ¹

132 1063 322 1125 interdictos
345 1066 385 1126 Et
401 1063 479 1126 licet
492 1067 551 1141 per
566 1065 814 1142 procuratorem
830 1067 928 1126 suurn
983 1079 1057 1144 quae
1077 1065 1179 1128 Deum
1204 1067 1351 1138 ostendit,
1378 1067 1598 1128 monasticum
1624 1066 1773 1128 ordinem
1860 1136 1862 1140 .

133 1159 356 1223 sufficientem
375 1161 519 1223 offerens
538 1163 725 1223 cautionem
746 1163 928 1248 celeraria
983 1161 1178 1225 dehonestat
1187 1166 1220 1225 et
1232 1163 1351 1226 iratres
1367 1164 1543 1240 plurimum
1558 1161 1772 1225 scandalizata

132 1257 225 1318 vobis
241 1259 443 1319 sententiam
458 1259 619 1335 petiisset,
634 1275 693 1320 vos
704 1260 814 1320 tamen
828 1247 930 1321 clene—
983 1261 1072 1321 idern
1090 1273 1220 1338 quoque
1238 1261 1307 1336 qui,
1332 1261 1402 1321 suis
1426 1260 1532 1338 culpis
1551 1259 1772 1336 exigentibus,
1856 1278 1860 1286 ¹

133 1355 321 1432 generastis
348 1354 493 1428 officere,
514 1358 648 1432 propter
674 1357 760 1433 quod
786 1357 859 1433 ipsc
886 1357 928 1418 ad
982 1357 1115 1418 uinculo
1125 1357 1488 1429 excommunicationis,
1498 1357 1676 1418 adstrictus
1687 1353 1775 1418 elvia

132 1454 282 1513 nestram
294 1453 499 1515 audientiam
510 1453 702 1530 appellarit,
714 1453 760 1514 ed.
769 1453 928 1530 quosdam
984 1469 1026 1515 na
1038 1454 1164 1515 temere
1176 1453 1357 1526 celebrare,
1370 1454 1424 1516 vel
1438 1455 1548 1534 potius
1564 1453 1775 1530 prophanare

134 1565 209 1611 suos
224 1550 361 1628 judices
376 1550 508 1612 nostras
527 1551 657 1612 litteras
676 1550 877 1628 impetravit,
895 1551 930 1613 ut
984 1551 1164 1628 praesumit,
1180 1551 1268 1612 bona
1283 1549 1431 1628 ejusdotn
1444 1549 1638 1612 monasterii
1657 1551 1773 1613 multi-⁴

134 1647 162 1706 si
176 1646 266 1708 esset
280 1646 339 1718 ita,
366 1647 439 1724 ipso
464 1645 608 1708 lactente
634 1647 721 1725 quod
751 1647 926 1716 obtulerat,
983 1648 1114 1726 pliciter
1128 1649 1289 1724 dilapidat
1303 1650 1336 1710 et
1350 1648 1520 1725 dispergit,
1536 1649 1623 1709 unde
1639 1647 1776 1725 praedic·

134 1743 929 1822 dictamsententiamrelaua'rentinconstituite
983 1747 1052 1808 tuin
1080 1747 1318 1808 monasterium
1345 1744 1557 1822 usqueadeo
1585 1761 1645 1822 per
1668 1745 1774 1822 ipsius

134 1841 282 1902 mandati
295 1841 402 1902 nostri
417 1841 561 1903 tenorem
572 1841 701 1903 ratione
714 1841 837 1918 praevia
852 1855 931 1918 pro·
983 1842 1112 1904 abbatis
1124 1843 1300 1916 incuriam,
1317 1843 1369 1904 vel
1382 1843 1491 1920 potius
1504 1842 1664 1906 malitiam
1678 1843 1774 1919 jugi-

134 1937 281 2010 cessuri;
297 1938 447 2015 alioquin
462 1939 632 2015 negotium
650 1938 690 2000 ad
708 1954 765 1999 vos
781 1939 930 2000 remitte·
983 1940 1034 2002 ter
1059 1940 1093 2002 in
1119 1939 1349 2017 spiritualibus
1373 1937 1568 2002 diminuitur
1595 1939 1680 2017 quod
1709 1939 1775 2000 nisi

133 2035 215 2106 rent,
228 2035 463 2112 impetrantem
477 2036 511 2096 in
522 2037 677 2114 expensis
689 2035 843 2112 legitimis
855 2051 930 2110 con·
983 2037 1251 2114 perApostolicae
1263 2037 1357 2100 setlle
1370 2037 1611 2114 providentiam
1622 2036 1777 2099 celeriter

134 2131 333 2194 damnando.
347 2133 416 2194 Nos
436 2133 546 2194 eutem
567 2132 705 2210 provide
723 2133 931 2199 attendentes
983 2135 1197 2196 succurratur
1219 2134 1337 2207 eidem,
1359 2135 1508 2196 incurret
1532 2134 1647 2211 procul
1675 2133 1776 2196 dubio

134 2229 217 2305 quod
245 2229 440 2306 hujusmodi
463 2229 583 2292 litterae
607 2246 674 2292 non
697 2229 830 2292 luerunt
857 2232 928 2292 sine
983 2230 1242 2308 irrecuperabile
1274 2231 1516 2293 detrimentum.
1557 2229 1640 2303 Quia
1675 2231 1777 2308 igitur

135 2325 358 2403 subreptionis
372 2327 451 2389 villo
465 2328 660 2404 impetratae,
674 2344 748 2388 curn
761 2344 831 2400 nos,
844 2329 929 2389 sicut
984 2328 1102 2390 melius
1116 2329 1167 2390 est
1180 2329 1215 2389 in
1229 2330 1379 2407 temporo
1391 2341 1577 2400 occurrere,
1590 2327 1688 2406 quam
1703 2329 1779 2406 post

134 2439 174 2486 ex
192 2425 311 2501 primis
334 2425 454 2487 litteris
475 2424 515 2486 ad
531 2440 589 2486 vos
605 2425 739 2486 directis
764 2426 854 2502 patet
868 2442 930 2486 ex·
983 2422 1110 2487 exitum
1140 2425 1324 2498 uindicare,
1348 2413 1542 2487 discretioni
1574 2427 1694 2487 restrae
1720 2439 1779 2502 per

135 2537 401 2598 presse‚causam
412 2522 569 2584 Ecclesiae
580 2525 827 2600 persequentes,
840 2537 930 2584 man·
982 2523 1170 2600 apostoliea
1188 2523 1311 2600 scripta
1331 2523 1536 2591 mandamus,
1553 2523 1715 2600 quatenus
1734 2523 1777 2584 ad
1805 2541 1808 2548 ·

134 2617 333 2690 deverimus,
344 2620 621 2696 praenominatum
633 2619 651 2680 d
658 2635 749 2680 ucem
766 2621 806 2680 ad
822 2621 927 2682 setis·
983 2622 1220 2683 monasterium
1230 2621 1339 2697 ipsum
1351 2619 1570 2697 personaliter
1581 2619 1777 2682 accedentes

136 2713 321 2777 iaciendum
343 2717 450 2778 eidem
477 2717 635 2792 magistro
657 2733 717 2793 per
739 2721 798 2780 uos'
820 2717 930 2780 eccle-
983 2719 1017 2780 et
1031 2719 1191 2781 babentes
1205 2730 1274 2796 prae
1292 2719 1398 2780 oculis
1413 2717 1519 2779 solum
1535 2717 1648 2790 Deum,
1664 2718 1778 2796 inqui-

136 2811 266 2876 siastica
290 2829 432 2876 censura
455 2815 619 2891 compelli,
636 2815 765 2876 litteras
789 2814 830 2876 ad
851 2816 928 2877 illos
982 2815 1064 2878 ratis
1085 2831 1185 2893 super
1202 2816 1247 2877 iis
1262 2815 1295 2878 et
1309 2815 1386 2877 alus
1404 2819 1472 2878 tam
1491 2815 1661 2892 incapite,
1678 2831 1777 2893 quam
1832 2825 1838 2830 '

136 2909 275 2973 directas
291 2911 500 2972 decernimus
521 2911 635 2974 irritas
659 2913 693 2974 et
715 2912 846 2984 inanes,
859 2913 929 2976 dis·¹
982 2914 1019 2974 in
1040 2912 1199 2975 membris
1224 2911 1416 2988 diligentius
1441 2912 1626 2984 veritatem,
1650 2914 1684 2973 et
1702 2925 1777 2989 quae

137 3008 272 3069 crationi
314 3009 433 3071 uestrae
475 3025 535 3086 per
578 3009 769 3086 apostolica
805 3009 928 3086 scripta
981 3009 1180 3072 inveneritis
1190 3007 1285 3071 nobis
1301 3007 1362 3070 sub
1373 3009 1493 3072 vestris
1505 3007 1624 3086 sigillis
1634 3009 1778 3071 fideliter
1811 3025 1813 3033 ⁴

138 3105 343 3174 mandentes,
368 3106 530 3184 quatenus
558 3107 683 3168 eisdem
712 3107 835 3170 litteris
862 3123 928 3169 nou
982 3107 1154 3179 intimetis,
1167 3103 1204 3170 ut
1217 3121 1261 3169 ex
1274 3109 1385 3169 uestra
1394 3107 1557 3169 relatione
1572 3106 1778 3169 sufficienter

138 3199 341 3265 obstantibus
354 3202 593 3266 latamavobis
606 3204 774 3267 interdicti
794 3205 929 3267 senten·
959 3201 960 3208 ’
983 3201 1138 3267 instructi
1156 3205 1373 3282 procedamus
1398 3204 1518 3266 exinde
1540 3205 1638 3282 prout
1657 3219 1778 3266 secun-

138 3297 213 3362 uam
240 3299 376 3362 faciatis
390 3301 588 3364 auctoritate
613 3305 738 3373 nostra,
756 3318 861 3380 usque
885 3303 927 3365 ad
982 3301 1060 3362 dum
1083 3299 1187 3362 neum
1207 3300 1389 3363 uiderimus
1414 3299 1668 3377 procedendum.
1685 3300 1778 3372 Quod

138 3396 395 3460 satisfactionem
409 3399 617 3474 condignam,
634 3398 856 3476 appellatione
871 3415 928 3462 re-
982 3399 1013 3460 si
1026 3391 1092 3460 non
1108 3413 1234 3472 omnes,
1255 3399 1318 3460 etc.
1339 3399 1458 3460 Datum
1471 3397 1643 3473 anagnie,
1659 3397 1778 3460 Vidua

138 3494 220 3555 mota
233 3493 476 3556 iuviolabiliter
497 3495 681 3558 observari.
706 3495 798 3569 Quod
817 3495 928 3558 sinon
981 3495 1103 3568 martii,
1120 3495 1332 3573 ponuucarus
1344 3495 1449 3556 nostri
1465 3507 1553 3557 anno
1567 3495 1672 3557 sexto.

138 3591 483 3664 omnes‚etc.1)atum
513 3591 687 3668 Anagniae,
722 3592 817 3655 sexto
851 3592 927 3657 idus

139 3688 254 3762 martii,
271 3703 362 3750 arruo
377 3688 499 3754 sexto„

1276 3821 1474 3910 CXXXIII

442 3959 618 4059 CXXXII
1123 3975 1177 4036 Ad
1192 3972 1383 4050 mutatum
1405 3975 1631 4050 capannam.
1738 3953 1739 3956 ‘

139 4119 186 4180 Ad
204 4123 401 4196 episcopum
415 4124 718 4193 cenomanensem,
736 4122 770 4184 et
790 4123 928 4184 abbates
1256 4101 1290 4161 ¹²
1303 4102 1398 4161 martii
1414 4102 1493 4162 ilii.

180 4221 379 4281 Vodanncn.
415 4221 450 4282 et
481 4221 738 4282 claromonten.
773 4223 927 4282 dtoecests
1127 4225 1444 4293 [emendatissimum.
1459 4226 1551 4287 vnn
1566 4226 1635 4293 riu]

175 4317 358 4378 eremmon.

534 4411 551 4424 ,,
981 4353 1077 4412 llonet
1090 4350 1246 4425 capitulum
1262 4351 1439 4425 Regusinum
1454 4358 1484 4410 ut
1497 4351 1533 4410 ad
1547 4352 1716 4410 elecuouem
1729 4367 1774 4412 cr·

411 4411 441 4468 ¹¹
458 4418 553 4468 mm*
567 4411 644 4469 ¹²²²·
1015 4439 1190 4514 chlepieoopi
1204 4442 1372 4498 canonicam
1386 4440 1552 4514 procedant,
1563 4447 1592 4498 et
1603 4448 1700 4498 contra
1711 4440 1770 4499 hae·

170 4521 342 4589 [liagasc.,lih.
356 4524 547 4592 vispinum.
559 4525 791 4576 insinuemus
803 4525 898 4590 rheti]
1015 4529 1119 4587 reticos
1139 4530 1169 4587 in
1191 4529 1331 4588 Dalmatia
1350 4529 1470 4586 acontio
1496 4527 1577 4586 Sedis
1602 4529 1773 4602 apostolica

141 4645 248 4707 llandat
268 4655 300 4707 ut
323 4649 508 4722 personaliter
531 4643 701 4707 accedentes
721 4649 757 4708 ad
780 4656 924 4708 monaste·
1016 4617 1174 4692 ¹⁰3⁸¹⁰p¹⁰
1188 4617 1296 4675 virum
1310 4617 1453 4674 amm·
1538 4690 1541 4698 ·

172 4736 277 4796 rium...
296 4737 440 4810 inquirant
459 4736 497 4795 de
510 4736 678 4794 criminibus
695 4737 805 4796 abbatis
823 4739 925 4796 verita·
1019 4752 1380 4830 Ηοῃοῃῑῃςθρῑςοορῃς,
1391 4763 1689 4815 serpugggpvomm
1698 4753 1770 4827 Dei,

171 4829 236 4894 nm,
260 4833 288 4883 0‘
312 4840 377 4924 (ΙΨ
396 4826 557 4883 ffllfflfflfl‘
579 4825 632 4882 θιὼ
653 4827 716 4884 ⁸⁰¹⁸
736 4826 839 4900 ⁸issffl¹⁸
860 4828 924 4884 5⁰²¹·
981 4849 1110 4912 dllectis
1126 4849 1243 4910 liliis...
1259 4850 1292 4911 et
1312 4847 1457 4926 capitulo
1478 4849 1662 4926 Ragusino,
1677 4850 1772 4912 salu-

173 4921 259 4971 ment.
980 4949 1046 5010 tem
1061 4949 1094 5009 et
1107 4945 1322 5024 apostolicam
1337 4943 1612 5010 benedictionem.

176 5039 351 5110 Honorius,
367 5039 446 5112 ete,
458 5038 643 5101 vonerabili
657 5037 755 5102 fratri·
771 5039 926 5118 episcopo
1021 5047 1129 5122 Super
1136 5059 1272 5121 gregem
1279 5044 1487 5106 Dominicum
1496 5044 1684 5122 uigilantes,
1694 5045 1773 5122 quia

144 5131 507 5207 cenomanen.,dilecus
520 5136 796 5199 utilsVadaunen.
809 5139 925 5200 etGla-
981 5140 1074 5203 nobis
1090 5144 1167 5203 suni
1187 5155 1266 5208 oves
1286 5142 1409 5205 Gbristi
1423 5157 1467 5202 en
1487 5142 1598 5204 officio
1612 5141 1772 5219 pastorali

143 5236 316 5295 romonten.
335 5233 508 5295 abbatibus
521 5235 740 5297 cenomanen.
760 5237 924 5299 dioecesis.
980 5239 1175 5312 commissa,
1192 5239 1287 5316 lupos
1311 5239 1353 5300 ab
1380 5238 1503 5300 eisdem
1530 5251 1692 5311 arcemus,
1716 5255 1769 5312 ue,

178 5329 224 5391 lte
246 5331 351 5407 uirgae
375 5331 547 5407 vigilantis
572 5331 717 5393 officium
741 5332 926 5396 inofficiose
981 5337 1065 5414 quod
1075 5336 1171 5408 absit,
1180 5336 1386 5397 mercenario
1395 5349 1633 5412 comparemur.
1643 5339 1771 5399 Rursus

144 5437 250 5497 gerere
265 5429 447 5500 videamur,
464 5428 597 5506 expedit
609 5431 657 5501 ut,
674 5445 750 5490 oum
765 5431 927 5493 ecclesia·
980 5435 1067 5496 inter
1081 5433 1251 5510 operarios
1261 5434 1367 5495 uineae
1378 5432 1509 5494 Domini
1525 5432 1681 5506 Sabaoth,
1692 5434 1772 5497 licet

145 5535 210 5583 rum
221 5525 366 5587 omnium
380 5525 424 5589 sit
433 5525 728 5589 nobissouicitudo
736 5529 924 5602 commissa,
980 5532 1069 5593 circa
1097 5531 1214 5594 boram
1237 5530 1456 5603 undecimam,
1483 5545 1503 5591 a
1530 5531 1771 5608 patrefamilias

145 5630 205 5690 eas,
231 5638 304 5685 curn
331 5623 476 5702 expedit,
501 5623 692 5698 visitemus,
720 5625 925 5702 corrigendis
980 5628 1173 5705 evangelico
1187 5627 1357 5690 constituti
1371 5627 1412 5690 ad
1427 5628 1621 5706 vulpeculas
1635 5629 1770 5706 capien÷
