4108 6328
305 337 369 396 ‘947
923 333 1101 396 HONORII
1122 335 1168 396 111
1189 331 1338 397 OPERA.
1894 342 1949 402 948

308 493 385 556 rent
401 507 461 556 eas
480 492 522 554 ad
537 492 580 555 ·id
602 492 744 556 sollicite
764 491 962 555 inducendo.
977 495 1101 556 Verum
1156 495 1362 569 mandamus,
1379 495 1593 574 quaternas!
1609 499 1951 563 vobissicessecons·

311 591 466 670 quoniam
482 591 568 653 sicut
580 592 702 654 nostris
727 592 778 653 est
802 591 940 652 auribus
963 590 1100 652 intima·
1156 592 1271 665 literit,
1289 593 1393 655 dictos
1421 595 1574 658 homines
1598 597 1671 658 utut
1685 612 1745 674 per
1766 599 1951 659 communis

309 689 379 751 tum
396 689 484 750 intra
500 691 676 751 terminum
692 691 910 767 praetaxatum
932 690 1021 751 inter
1043 705 1102 750 vos
1157 690 1303 752 collectae
1321 691 1504 752 subsidium
1526 695 1730 756 moderatum
1748 695 1789 756 ad
1805 695 1950 756 solutio-

311 787 488 850 concordia
503 803 569 849 non
587 788 693 864 potuit
716 787 901 859 reformari,
927 803 987 848 nos
1003 786 1101 848 tinem
1157 803 1232 848 nem
1248 788 1437 864 hujusmodi
1452 790 1648 860 debitorum,
1668 793 1784 853 saltem
1798 792 1864 852 hac
1879 793 1951 852 vice

311 885 427 946 litibus
458 886 629 962 imponere
667 884 848 961 cupiente8‚
890 884 1102 946 universitati
1157 884 1342 946 liberaliter
1356 887 1437 962 ipsis
1451 888 1660 960 subveniant,
1672 891 1854 950 monitione
1867 906 1952 966 praa-

310 985 430 1044 vestra
457 999 516 1059 per
529 983 720 1060 apostolica
747 983 872 1058 scripta
894 983 1101 1055 mandamus,
1157 984 1259 1044 missa
1275 1000 1522 1060 percensuram
1543 987 1813 1059 ecclesiasticam,
1835 987 1953 1063 appel-

312 1083 475 1159 quatenus
485 1095 592 1158 usque
603 1080 867 1152 adDominicam,
877 1097 940 1158 qua
950 1081 1103 1142 cantatur
1157 1081 1282 1142 latione
1295 1084 1434 1155 remota,
1452 1085 1591 1160 cogatis.
1605 1083 1696 1155 Quod
1713 1085 1741 1144 si
1755 1101 1821 1145 non
1834 1099 1953 1145 ornnes

311 1178 1104 1255 Loelarclcrusatem,quamvobisetdictodeca·
1158 1178 1211 1239 bis
1235 1180 1455 1256 exsequendis
1484 1181 1657 1256 potueritis
1683 1181 1858 1248 interesse,
1888 1181 1953 1240 duo

313 1275 544 1337 noterminum
558 1276 766 1352 assignamus
778 1276 1102 1344 cuminstrumentis‚
1158 1279 1304 1338 vestrum
1315 1276 1953 1356 aanihilominusexsequantur.Datum

312 1374 347 1435 et
358 1370 434 1434 aliis
445 1373 484 1433 ad
493 1373 874 1450 cansampertinentibus
887 1373 1103 1435 memoratam
1159 1375 1272 1446 Reate,
1297 1374 1372 1435 idus
1392 1375 1593 1449 novembris,
1619 1375 1830 1454 pontificatus
1846 1375 1954 1438 nostri

312 1471 426 1532 nostro
451 1484 510 1531 vos
530 1469 720 1548 conspectui
740 1471 946 1548 praesentetis
969 1470 1104 1532 exhibi-
1159 1487 1247 1533 anno
1262 1471 1401 1534 decimo.

312 1568 379 1630 turi
390 1570 460 1644 jam
476 1566 562 1630 dicto
586 1567 722 1640 decano,
753 1569 786 1630 et
799 1569 977 1645 recepturi
996 1568 1038 1628 ab
1065 1583 1104 1637 eo

313 1679 415 1742 super
433 1665 615 1742 praemissis
630 1665 716 1742 quod
738 1666 819 1727 ordo
837 1666 1013 1728 dictaverit
1042 1681 1102 1726 ra·
1510 1695 1603 1784 LIII

311 1762 424 1824 tionis.
459 1762 615 1840 Alioquin
648 1764 771 1825 extunc
798 1764 834 1824 in
863 1764 936 1841 ipso
972 1763 1104 1838 negotio

312 1862 471 1938 quantum
502 1860 542 1922 de
564 1864 641 1938 jure
667 1861 848 1938 poterimus
877 1861 1103 1938 procedemus.
1212 1839 1467 1900 ᾸΜΜΟΜΜΜ
1481 1840 1635 1901 abbatem
1650 1839 1683 1901 el
1696 1841 1907 1902 conventum

312 1957 431 2019 Datum
451 1959 619 2032 Laterani,
643 1959 761 2022 vidus
788 1959 988 2032 novembris,
1017 1975 1105 2022 anno
1370 1938 1405 1998 S·
1422 1937 1523 1998 Petri
1537 1939 1740 2000 Gaudenti&

312 2054 452 2117 decim·
1420 2067 1453 2125 lc
1463 2065 1597 2125 novemb.
1612 2067 1690 2126 1225.

1192 2190 1339 2256 [becherer.
1351 2189 1456 2242 Chartae
1465 2195 1490 2242 et
1501 2192 1560 2243 boc.
1571 2191 1601 2242 de
1612 2191 1752 2254 St-Pierre,
1765 2191 1785 2252 l,
1799 2191 1839 2251 bb,
1853 2191 1925 2256 m]

672 2263 745 2350 LII
1160 2315 1351 2374 Eisconcedit
1364 2324 1395 2374 ut
1413 2317 1442 2373 iu
1468 2316 1551 2374 bonis
1566 2325 1714 2391 parentum
1740 2317 1853 2374 illorum
1883 2331 1954 2388 quos

313 2433 365 2494 Ad
374 2433 529 2494 abbatem
544 2433 577 2494 et
589 2435 747 2508 priorem
758 2435 793 2495 S·
805 2434 970 2505 Praejem
982 2433 1016 2494 et
1033 2433 1106 2493 mg,
1195 2404 1300 2463 dicium
1315 2405 1518 2464 monasterium
1530 2404 1566 2463 de
1579 2413 1683 2463 caetero
1695 2405 1802 2464 intrare
1818 2407 1952 2478 contige-

352 2533 555 2592 Muramm
592 2532 627 2592 S·
665 2533 830 2604 Quinum,
864 2533 1106 2594 Nom-ommis
1194 2495 1240 2564 rit,
1265 2495 1325 2551 sive
1346 2509 1382 2550 ex
1405 2501 1576 2552 testamento
1590 2495 1652 2552 sive
1675 2493 1711 2552 ab
1724 2495 1859 2552 intestato
1885 2495 1954 2566 ipsis

353 2629 519 2690 ἀποδεῖ-8.
1196 2584 1388 2657 provenerint,
1404 2583 1557 2640 succedere
1567 2583 1688 2680 possint.

420 2798 424 2807 Ι
572 2723 606 2781 13
621 2722 754 2781 novemb.
773 2723 851 2781 illd.
1199 2719 1366 2781 Honorius
1377 2719 1561 2796 episcopus,
1573 2735 1689 2780 servus
1699 2735 1873 2780 servorum
1882 2719 1952 2791 Dei,

313 2853 463 2918 [coeluum
475 2857 580 2907 cnaeus
589 2863 614 2908 e,
626 2858 684 2908 noc.
698 2857 730 2908 oe
745 2856 891 2915 mem,
902 2857 923 2918 1,
933 2857 990 2918 ,ὅδ’
1003 2870 1028 2908 n.
1038 2853 1104 2920 eeu]
1160 2817 1289 2880 dilectis
1320 2817 1399 2878 liliis
1429 2815 1541 2878 abbati
1573 2818 1606 2880 et
1631 2817 1808 2879 conventui
1838 2815 1954 2878 Sancti

697 2971 701 2980 .
1161 2916 1251 2976 Petri
1267 2915 1461 2988 candensis,
1473 2914 1613 2976 salutem
1624 2915 1657 2977 et
1666 2905 1892 2991 apostolicam
1902 2913 1955 2973 be·

313 2989 363 3046 Eis
377 2989 495 3047 maudut
509 2999 540 3049 ut
549 2997 656 3066 cogant
665 2991 797 3049 homines
810 2992 976 3049 monasterii
989 2991 1016 3047 S.
1031 2989 1106 3048 Petri
1160 3013 1393 3074 „edictionem

348 3079 507 3137 Gandcnsis
521 3082 603 3154 gravi
621 3095 708 3137 onere
725 3080 884 3139 debitorum
904 3078 1060 3152 suppressi,
1075 3085 1106 3134 ut
1200 3113 1250 3172 Ex
1264 3111 1357 3187 parte
1371 3110 1481 3171 vestra
1497 3109 1511 3170 s

368 3182 399 3223 e,
558 3170 564 3183 ·
821 3169 826 3181 -
850 3170 856 3182 ·
1197 3208 1203 3220 .
1511 3111 1559 3172 uit
1571 3109 1852 3221 nobislhumiloit'er
1867 3127 1952 3186 sup-

348 3181 384 3311 gd
406 3183 582 3314 Sssfflffieng
593 3168 1107 3330 affiifflisuggffitlgff,mmfflgugss
1160 3208 1317 3285 plicatum
1333 3209 1378 3280 ut,
1396 3223 1470 3269 cum
1495 3208 1696 3268 anonnullrs
1718 3207 1887 3270 nobilibus
1915 3223 1953 3268 ac

347 3346 500 3402 couventui
511 3345 576 3402 dicii
585 3346 750 3403 monasterii
763 3345 915 3403 liberaliter
923 3344 1104 3402 subveniant.
1160 3306 1239 3366 alus
1250 3306 1341 3366 ¹ll¹¹¹³
1353 3321 1544 3381 pr⁰v¹¹¹⁰¹ae'
1558 3321 1658 3414 §uper
1670 3307 1859 3415 r⁰⁰⁰pt¹⁰¹¹f³
1872 3305 1954 3414 ΜΨ

1159 3418 1233 3464 rum
1249 3419 1384 3466 suorum
1404 3403 1642 3464 monasterium
1657 3405 1803 3465 vestrum
1827 3405 1872 3464 sit
1887 3419 1951 3464 mr-

352 3500 715 3578 ilonoriusepiscopus,
728 3515 843 3562 servus
852 3514 1023 3561 servorum
1032 3499 1103 3571 Dei,
1160 3501 1250 3562 nime
1264 3501 1480 3576 aggravatum
1501 3500 1533 3562 et
1561 3500 1602 3560 ad
1617 3501 1650 3560 id
1679 3502 1753 3578 post
1773 3501 1953 3562 multarum

311 3595 442 3659 dilectis
455 3598 533 3659 filiis
548 3597 660 3660 abbati
670 3599 703 3660 et
714 3599 817 3675 priori
832 3598 943 3660 Sancti
953 3598 1105 3675 Praejecti
1160 3615 1296 3676 precum
1325 3597 1519 3660 instantiam
1549 3598 1768 3676 compellatur
1794 3598 1830 3658 in
1856 3597 1952 3660 bonis

313 3695 346 3756 et
357 3695 567 3758 thesaurario
580 3697 691 3758 Sancti
703 3697 861 3768 Quintini,
873 3695 1105 3758 Noviomensis
1161 3697 1335 3774 parentum
1361 3695 1505 3769 illorum,
1530 3713 1612 3774 quos
1636 3697 1760 3758 dictum
1786 3696 1953 3758 monaste-

312 3793 477 3868 dioecesiS,
493 3795 633 3857 salutem
659 3794 692 3856 et
706 3794 930 3871 Apostolicam
945 3793 1105 3855 benedic·
1161 3795 1249 3857 rium
1265 3795 1305 3856 de
1325 3795 1445 3856 caetero
1473 3794 1602 3856 intrare
1618 3794 1805 3871 contigerit,
1826 3795 1900 3856 sive
1913 3809 1953 3854 ex

311 3891 448 3952 tionem.
1160 3891 1358 3954 testamento
1374 3891 1444 3953 sive
1460 3889 1501 3952 ab
1517 3891 1674 3953 intestato
1692 3893 1775 3968 ipsis
1790 3907 1953 3969 provene-

351 3993 401 4050 Er
420 3992 514 4067 parte
540 3989 736 4051 dilectorum
761 3988 905 4050 illiorum
920 3987 1049 4051 abbatis
1073 3993 1105 4050 et
1160 3990 1238 4061 rint,
1257 3990 1356 4050 liceat
1370 3988 1464 4050 vobis
1480 3991 1643 4065 quatenus
1662 4005 1682 4050 a
1698 3992 1776 4068 jure
1790 3989 1952 4068 permitti-

312 4088 494 4148 conventus
523 4087 717 4150 monasterii
750 4087 862 4148 Sancti
892 4087 983 4148 Petri
1012 4090 1105 4147 Gan·
1161 4089 1216 4148 tur
1228 4085 1424 4147 auctoritate
1440 4087 1554 4147 nostra
1571 4087 1749 4148 succedere
1777 4102 1816 4148 ac
1840 4103 1881 4148 ea
1909 4087 1951 4146 li-

311 4183 423 4244 densis
438 4183 500 4245 suit
514 4183 609 4244 nobis
622 4184 795 4245 humiliter
816 4184 1049 4262 supplicatum,
1066 4186 1103 4245 ut
1160 4184 1238 4245 bare
1248 4183 1404 4245 retinere.
1421 4183 1491 4244 Nos
1502 4199 1581 4260 ergo
1591 4183 1740 4246 volentes
1756 4186 1792 4248 ut
1801 4201 1859 4262 per
1870 4198 1951 4262 quos

311 4297 386 4343 cum
401 4281 574 4359 praesatum
587 4281 825 4342 monasterium
836 4298 895 4358 pro
908 4282 1030 4344 tuenda
1041 4281 1107 4342 vil·
1161 4280 1284 4342 dictum
1316 4281 1554 4342 monasterium
1586 4285 1755 4350 oneratur,
1781 4283 1812 4344 ei
1840 4282 1951 4360 aliqua

226 4421 227 4426 κ
310 4379 418 4440 larum
447 4382 480 4442 et
510 4379 681 4442 bominum
717 4379 865 4456 ejusdem
910 4378 1106 4442 monasterii
1160 4379 1358 4440 humilitatis
1374 4377 1732 4453 solatiaconserantur,
1757 4380 1950 4442 auctoritate

311 4476 476 4552 libertate,
507 4480 750 4554 contraquam
779 4477 958 4554 plurimum
984 4479 1104 4553 poten·
1160 4475 1254 4538 vobis
1287 4475 1503 4552 praesentium
1534 4476 1746 4538 concedimus
1773 4477 1950 4554 postulata,

310 4575 404 4648 tium,
417 4577 474 4654 qui
490 4591 563 4636 eam
578 4575 761 4652 infringere
776 4576 900 4637 temere
925 4590 1107 4651 praesume-
1161 4573 1264 4635 salvis
1282 4572 1415 4634 illorum
1431 4573 1577 4634 servitiis
1599 4573 1640 4634 ad
1656 4589 1738 4650 quos
1751 4591 1791 4636 ea
1804 4589 1950 4636 noscun-

311 4671 403 4746 baut,
431 4689 471 4734 ac
499 4674 575 4734 aliis
602 4673 751 4750 eiusdem
776 4673 970 4734 monasterii
995 4673 1106 4733 causis
1160 4673 1391 4748 turjurajure
1413 4669 1551 4731 dominii
1567 4673 1745 4748 pertinere.
1767 4673 1858 4734 Nulli
1873 4686 1951 4748 ergo

311 4771 511 4832 necessariis
527 4772 622 4846 gravi
638 4771 682 4832 sit
696 4787 890 4847 oppressum
902 4786 1003 4832 onere
1018 4769 1106 4832 debi·
1161 4769 1295 4830 omnino
1309 4769 1479 4829 bominum
1490 4767 1590 4830 liceat
1602 4769 1689 4831 hauc
1704 4771 1859 4848 paginam
1874 4787 1952 4832 nos·

310 4868 432 4939 torum,
449 4867 625 4929 subvenire
641 4869 689 4929 eis
706 4868 980 4944 permoderatum
993 4868 1105 4929 lromi-
1160 4867 1220 4928 trae
1252 4865 1476 4927 concessionis
1511 4865 1693 4942 intringere
1719 4869 1770 4928 vel
1805 4869 1836 4929 ei
1869 4883 1951 4930 ausu

313 4964 1105 5044 numsuorumsubsidium,paternaprovidentia
1160 4964 1338 5026 temerario
1365 4964 1543 5025 contraire.
1575 4967 1611 5026 Si
1641 4966 1715 5042 quis
1746 4967 1859 5028 autem
1891 4967 1950 5028 hoc

311 5063 508 5126 taceremus.
526 5065 631 5134 Quum
655 5061 757 5137 igitur
777 5063 911 5140 dignum
938 5063 981 5124 sit
1006 5063 1042 5128 ut
1065 5063 1106 5124 ab
1161 5063 1326 5124 attentare
1341 5061 1590 5138 praesumpserit
1604 5062 1865 5139 indignationem
1881 5079 1951 5125 orn-

312 5162 365 5222 bis
390 5162 479 5222 dicto
500 5160 701 5222 monasterio
717 5161 751 5220 in
774 5163 875 5222 tantae
898 5161 1106 5223 necessitatis
1162 5159 1341 5236 nipotentis
1367 5157 1426 5218 Dei
1449 5161 1482 5218 et
1504 5157 1675 5220 beatorum
1698 5161 1788 5222 Petri
1803 5163 1837 5222 et
1857 5159 1951 5222 Pauli

313 5257 531 5321 subveniatur
557 5257 710 5328 articulo,
742 5273 800 5334 pro
834 5257 954 5334 quibus
983 5258 1106 5320 dictum
1162 5256 1388 5335 apostolorum
1409 5258 1481 5332 eius
1510 5271 1545 5316 se
1575 5258 1707 5320 noverit
1729 5259 1948 5320 incursurum.

313 5355 458 5416 debitum
469 5355 574 5418 fertur
583 5372 642 5433 pro
654 5355 773 5434 majori
783 5357 877 5432 parte
888 5357 1104 5427 contractum,
1161 5356 1280 5416 Datum
1296 5355 1410 5424 Reate,
1427 5353 1502 5413 idus
1520 5355 1721 5428 novembris,
1743 5356 1949 5434 pontificatus

315 5453 507 5516 discretioni
534 5455 654 5517 vestrae
679 5470 738 5532 per
765 5454 954 5532 apostolica
984 5454 1106 5532 scripta
1162 5451 1518 5514 nostriannodecimo
