4104 6330
305 357 367 422 255
912 357 1100 424 lionoalr
1122 361 1167 422 111
1188 361 1336 423 OPERA.
1577 349 1582 368 Χ
1892 363 1954 422 256

306 515 506 588 inhabitant,
522 517 655 595 quanio
676 517 764 580 dicta
779 517 915 581 donatio
934 519 1024 582 lacta
1038 519 1101 582 luit
1196 523 1302 592 Quum
1313 535 1333 580 a
1344 518 1441 584 nobis
1452 519 1585 597 petitur,
1598 518 1950 593 stonsqueeffecum.

305 614 401 678 vobis
413 616 446 678 et
460 615 572 676 domui
586 618 717 688 vestrae,
746 616 869 678 liberos
880 616 963 678 ¹sine
985 617 1100 694 requi-
1155 619 1261 689 Quum
1274 617 1378 692 igitur
1393 617 1464 678 zelo
1481 617 1557 678 lidei
1573 617 1606 678 et
1631 615 1818 678 devotionis
1832 631 1955 678 accen-

306 713 429 775 sitione
440 711 566 775 dimisit
588 727 756 789 expresse,
779 714 815 774 ut
829 714 925 790 siqui
940 714 981 775 de
991 713 1101 774 homi·
1155 727 1223 784 sus,
1238 713 1340 774 allino
1350 713 1417 775 tuis
1429 714 1578 776 humeris
1592 714 1687 790 signo
1699 713 1819 786 crucis,
1830 729 1954 790 propo·

306 811 404 871 nibus
419 813 503 887 ejus,
520 811 578 871 aut
589 811 775 887 hospitibus
787 813 885 873 terrae
901 827 970 872 suae
985 811 1027 873 ad
1042 827 1100 873 vos
1156 811 1264 873 sueris
1272 811 1423 874 inTerrae
1431 813 1561 875 Sanctae
1570 811 1752 872 subsidium
1772 811 1950 887 proticisci,

305 909 346 970 de
372 910 493 968 caetero
519 908 854 983 transmigraverint,
885 923 942 971 eos
966 908 1098 980 exinde,
1155 923 1216 969 nos
1244 909 1312 971 tuis
1336 910 1437 986 justis
1461 909 1615 987 precibus
1643 909 1808 976 inclinati,
1836 925 1954 986 perso-

304 1021 404 1083 quem
419 1005 484 1066 cito
500 1005 541 1066 ad
555 1005 708 1066 notitiam
730 1007 875 1068 vestram
898 1007 1097 1082 pervenerit,
1155 1020 1244 1076 nam,
1261 1009 1396 1078 terram,
1413 1006 1574 1068 familiam
1597 1006 1630 1067 et
1653 1007 1765 1067 omnia
1777 1005 1864 1066 bona
1881 1008 1950 1078 tua,

305 1102 491 1179 expellatis.
506 1101 636 1179 Arbecit
663 1103 812 1178 insuper,
836 1105 872 1164 ut
900 1103 1041 1179 quilibet
1065 1103 1099 1162 in
1155 1101 1280 1178 quaein
1305 1105 1558 1180 praesentiarum
1573 1102 1820 1165 rationabiliter
1834 1103 1952 1178 possi-

304 1215 410 1276 regno
422 1203 506 1277 ejus,
522 1201 578 1276 qui
590 1199 826 1276 proprietatem
842 1215 937 1262 suam
951 1199 1045 1262 vobis
1061 1201 1096 1260 in
1156 1199 1295 1270 des,sub
1313 1200 1401 1262 beati
1432 1201 1522 1262 Petri
1547 1203 1580 1262 et
1603 1203 1717 1263 nostra
1746 1199 1953 1278 protectione

306 1297 551 1374 eleemosynam
573 1296 719 1358 voluerit
733 1297 883 1372 elargiri,
898 1297 931 1358 id
955 1295 1099 1359 faciendi
1154 1298 1368 1374 suscipimus,
1396 1298 1588 1369 statuentes,
1602 1299 1638 1359 ut
1659 1313 1699 1358 ea
1720 1297 1951 1373 omnia,post-

304 1393 427 1456 habeat
451 1394 591 1455 liberam
609 1393 815 1470 facultatem
845 1409 885 1455 ea
913 1395 1015 1457 etiam
1039 1409 1099 1456 ros
1154 1409 1252 1471 quam
1266 1394 1330 1455 iter
1341 1396 1525 1472 arripueris
1536 1395 1807 1466 transmarinum,
1819 1393 1952 1469 integra

304 1491 470 1554 concessit
483 1491 637 1553 libertate
651 1491 808 1566 gaudere,
824 1491 1100 1553 utnullusmone-
1153 1493 1310 1553 maneant
1326 1495 1357 1554 et
1373 1494 1495 1569 quieta,
1510 1492 1667 1555 donecaie
1687 1494 1746 1554 tuo
1760 1489 1869 1554 reditu
1898 1491 1953 1553 vel

304 1589 468 1652 tariorum
484 1588 570 1649 ultra
586 1589 697 1666 sylvas
718 1590 842 1650 terram
863 1589 1025 1660 vestram,
1045 1589 1099 1649 rel
1154 1588 1245 1672 obitu
1271 1591 1456 1651 certissime
1487 1590 1715 1666 cognoscatur.
1745 1589 1838 1649 Nulli
1867 1605 1950 1664 ergo

303 1701 364 1749 vos
378 1687 414 1746 in
439 1685 553 1763 aliquo
574 1686 753 1748 molestare
780 1686 973 1763 praesumet3
993 1685 1098 1748 totum
1154 1685 1287 1747 omnino
1302 1687 1473 1748 hominum
1484 1688 1586 1749 liceat
1599 1687 1686 1748 banc
1701 1686 1856 1762 pagiuam
1869 1701 1947 1746 nos·

299 1785 356 1862 jus
381 1783 412 1845 et
427 1783 614 1856 utilitatem,
631 1799 730 1860 quam
754 1784 789 1845 in
811 1784 900 1845 terra
913 1784 1025 1846 restra
1037 1783 1097 1844 de·
1153 1782 1213 1869 trae
1222 1784 1436 1859 protectionis
1448 1787 1481 1847 et
1491 1783 1736 1847 constitutionis
1749 1782 1946 1858 intringere.

303 1880 402 1944 bebat
416 1881 597 1957 percipere,
614 1881 708 1943 robis
729 1881 877 1944 totaliter
896 1880 1098 1957 indulgendo
1155 1880 1271 1957 siquis
1281 1881 1390 1943 autem
1413 1882 1476 1944 boc
1500 1883 1663 1944 attentare
1683 1881 1947 1958 praesumpserit,

302 1979 336 2039 et
368 1978 588 2053 conterend03
626 1979 817 2055 specialiter
840 1979 875 2038 in
903 1993 1099 2054 recompen-
1152 1976 1415 2053 indignationem
1444 1979 1679 2056 omnipotentis
1696 1979 1766 2048 Dei,
1783 1976 1949 2038 etbeato·

303 2077 466 2137 sationem
478 2075 684 2148 damnorum,
700 2093 773 2152 quae
786 2077 933 2152 perpessi
956 2075 1095 2147 lueritis,
1153 2089 1226 2134 rum
1257 2076 1347 2137 Petri
1370 2079 1403 2139 et
1428 2078 1525 2138 Pauli
1551 2077 1782 2154 Apostolorum
1812 2077 1886 2150 ejus
1913 2091 1948 2136 se

303 2173 435 2250 quando
451 2175 523 2249 ejus
540 2173 593 2233 ira
607 2174 724 2234 contra
738 2187 797 2234 vos
817 2173 996 2250 provocata
1011 2189 1099 2250 prae·
1153 2173 1631 2237 noveritincursurum.Datum
1640 2172 1887 2240 Laterani,le
1894 2173 1952 2232 ka·

303 2269 426 2332 dictam
439 2272 563 2330 terram
592 2269 687 2331 robis
714 2271 872 2346 praecepit
896 2271 1042 2344 aulerri;
1058 2285 1098 2331 ac
1152 2268 1267 2330 lendes
1302 2272 1462 2348 januarii,
1488 2273 1699 2350 pontificatus
1732 2269 1835 2332 nostri
1859 2284 1949 2330 anno

302 2366 504 2434 etiamideo,
525 2366 612 2443 quod
639 2368 675 2426 in
698 2367 794 2442 regni
823 2367 967 2428 confinio
998 2367 1097 2444 positi
1153 2366 1302 2442 septimo.

302 2463 493 2541 trequentes
513 2479 718 2541 paganorum
747 2465 918 2526 sustinetis
940 2466 1094 2537 insultus,

301 2577 361 2624 vos
374 2577 434 2638 pro
449 2577 553 2638 regno
569 2563 668 2623 morti
690 2562 857 2638 tamquam
872 2562 1004 2623 firmum
1019 2559 1098 2639 pro·

301 2657 526 2738 pugnaculum
542 2661 762 2735 opponentes;
777 2661 1007 2721 verumtamen·
1021 2659 1098 2720 nul·
1457 2664 1640 2754 XXXVII

301 2757 370 2819 lam
380 2757 575 2834 potestatem
587 2756 737 2818 babeatis
751 2756 892 2818 cudendi
903 2771 1097 2834 quamcum-

303 2871 367 2933 que
381 2855 547 2916 monetam
558 2853 684 2931 absque
694 2854 783 2930 regis
796 2854 932 2916 licentia
945 2854 1093 2930 speciali.

300 2953 371 3014 Nos
400 2967 480 3029 ergo
508 2951 630 3013 vestris
659 2953 762 3029 Justis
791 2952 945 3029 precibus
977 2951 1097 3027 benig·

300 3065 380 3110 num
392 3049 623 3126 impertientes
636 3063 820 3119 assensum,
837 3049 1014 3124 praediotas
1033 3050 1096 3110 ter·
1413 3045 1446 3103 19
1460 3043 1590 3104 decemb.
1609 3048 1687 3107 lata.

299 3144 356 3208 ra's
373 3161 447 3207 oum
455 3143 664 3207 libertatibus
679 3147 711 3206 et
726 3145 990 3207 immunitatibus
1011 3147 1093 3218 suis,
1289 3165 1492 3230 [Tieioeellon.
1508 3170 1601 3234 flung..
1612 3171 1632 3232 l,
1645 3173 1686 3237 to,
1701 3175 1803 3238 ulti]

298 3243 385 3306 sicut
398 3257 456 3304 eas
467 3243 568 3319 Juste,
596 3257 636 3302 ac
661 3242 796 3318 pacilice
811 3243 999 3319 possidetis,
1013 3244 1094 3306 etin

300 3339 486 3418 privilegiis
513 3338 593 3400 dicti
617 3338 706 3414 regis
730 3338 861 3414 plenius
894 3341 1093 3412 continetur,

298 3435 1093 3514 vobisetdomuivestraeauctoritatenpostolica

298 3534 534 3596 confirmamus
549 3535 582 3595 et
594 3533 769 3609 praesentls
781 3533 896 3610 scripti
909 3535 1093 3610 patrocinio
1172 3506 1356 3613 ‚H0n0rius
1369 3508 1556 3586 ⁰Pi⁸⁰⁰P¹¹⁵2
1566 3527 1866 3582 Sflilusservolum
1874 3520 1944 3592 Dei,

298 3631 550 3695 mmmunqmus·
567 3630 660 3692 Nulli
679 3645 758 3706 ergo
769 3631 903 3692 omnino
919 3631 1092 3694 hominum
1149 3599 1277 3664 dilectis
1293 3603 1408 3666 tiliis...
1423 3607 1673 3687 archiepiscopo
1686 3613 1861 3676 colocensi
1875 3617 1944 3678 et...

1151 2813 1203 2874 Ari
1221 2814 1387 2888 Uerianum
1409 2821 1705 2893 archiepiscopum
1729 2825 1946 2888 colocensem

1171 2909 1203 2970 el
1223 2913 1443 2976 Desiderium
1457 2918 1653 2989 episcopam
1666 2921 1927 2984 Celzodienscm.

1150 3291 1199 3348 Eis
1213 3291 1331 3350 mandat
1343 3300 1374 3350 ut
1385 3295 1410 3352 N
1414 3337 1420 3350 .
1432 3296 1565 3354 comitem
1580 3297 1615 3355 de
1629 3299 1738 3372 Sopron
1753 3301 1789 3358 ab
1804 3303 1946 3376 abqiiibus

1344 3384 1489 3442 molestari
1503 3399 1560 3444 non
1574 3389 1747 3460 permittant.

297 3729 496 3792 poeaqhanc
511 3728 666 3805 paginam
681 3727 997 3804 infringerenostm
1013 3745 1095 3790 eon,
1148 3699 1302 3776 episcopo
1317 3701 1526 3777 cenadiensi,
1553 3707 1694 3770 salutem
1714 3711 1747 3773 et
1769 3714 1944 3788 Apostoli·
2029 3779 2030 3782 Ἴ

297 3825 508 3897 firmationis,
521 3827 574 3888 vel
587 3825 618 3886 ei
628 3826 898 3887 ausutemerario
914 3827 1090 3890 contraire.
1148 3811 1220 3857 cam
1235 3795 1524 3912 heneqictmnemfi

300 3925 419 4002 Siquis
438 3923 548 3984 autem
568 3922 632 3984 hoc
643 3923 807 3985 attentare
832 3924 1090 4001 praesumpserit,
1187 3896 1292 4004 Qum
1307 3895 1465 3959 mmmm
1478 3899 1584 3960 ffl¹¹¹m
1599 3901 1743 3966 ¹¹⁰bi¹⁰m
1757 3907 1870 3968 Virum
1888 3909 1942 3981 N*

296 4020 559 4097 indignatiqnem
579 4020 814 4097 omnipotentis
830 4023 900 4094 Dei,
920 4023 953 4083 ot
977 4022 1093 4084 beato·
1147 3995 1299 4102 ⁰‚0mfft0m
1321 3993 1362 4056 αθ
1388 3997 1527 4072 ὃΟΡΓΟΠ’
1545 3999 1601 4076 (Ῑυί
1614 4000 1685 4062 ²⁰¹⁰
1705 4001 1782 4064 fidei
1795 4005 1944 4069 etdew'

297 4133 373 4180 rum
388 4117 480 4179 Petri
495 4117 529 4178 et
543 4117 639 4177 Pauli
653 4118 886 4193 Apostolorum
899 4121 972 4195 ejus
984 4135 1020 4180 se
1035 4134 1093 4181 no,
1146 4088 1246 4150 tlonrs
1259 4106 1431 4200 accensus,
1448 4098 1616 4172 assumpto
1632 4099 1741 4159 crucis
1752 4100 1941 4176 signaculo,

296 4215 386 4278 verit
398 4215 621 4276 incursurum.
632 4217 750 4275 Datum
759 4215 926 4288 Laterani,
938 4216 1089 4278 xlvkal.
1146 4190 1318 4298 PPPPQSfflt
1331 4189 1366 4249 in
1385 4193 1496 4252 Tfflae
1513 4194 1643 4256 3³¹¹&ae
1660 4196 1846 4258 summum
1864 4216 1944 4277 pm·

293 4311 455 4391 januaffi,
471 4311 682 4388 pontificatus
706 4311 812 4374 nostri
836 4328 923 4374 anno
939 4313 1088 4391 septimo·
1146 4283 1261 4356 ticiscr,
1279 4300 1352 4346 oum
1365 4287 1466 4361 terra,
1480 4288 1606 4352 lamllia
1622 4292 1817 4356 etomnibus
1829 4296 1939 4370 bonis,

1146 4382 1938 4468 quaeinpraesentiarumrationabiliterpossidet,
2027 4463 2028 4476 χ

1145 4478 1206 4539 sub
1235 4480 1440 4556 protectione
1467 4486 1713 4562 susceperimus
1738 4491 1940 4566 apostolicae

612 4599 775 4686 XXXVI
1146 4576 1240 4637 Sedis
1264 4577 1297 4638 et
1322 4578 1435 4639 nostra
1463 4580 1656 4656 statuentes,
1683 4589 1719 4646 ut
1746 4601 1786 4648 ea
1812 4589 1937 4660 omnia,

1144 4675 1317 4750 postquam
1332 4675 1397 4736 iter
1412 4677 1592 4755 arripuerit
1605 4681 1879 4756 transmarinum,
1893 4687 1940 4746 in-
2026 4668 2027 4678 ¹

374 4753 426 4812 Aa
440 4753 618 4812 mmm
632 4751 792 4811 mittem
806 4753 847 4811 de
861 4751 1004 4826 SOIWOW·
1143 4773 1238 4848 tegra
1252 4774 1410 4836 maneant
1437 4775 1469 4836 et
1484 4777 1606 4852 quieta,
1632 4778 1737 4841 donec
1766 4780 1808 4842 de
1832 4783 1937 4859 ipsius

557 4879 591 4935 19
610 4877 737 4937 decemp.
756 4879 834 4938 lita.
1095 4903 1098 4912 ·
1144 4870 1251 4931 reditu
1275 4869 1328 4931 rel
1353 4869 1444 4932 obitu
1475 4873 1661 4938 certissime
1692 4881 1936 4954 cognoscatur:

381 5000 774 5068 pheraesuonirungaaat.
788 5005 808 5062 1,
823 5003 1004 5070 paenae]
1144 4966 1345 5029 fraternitati
1367 4969 1487 5032 vestrae
1512 4987 1571 5047 per
1594 4973 1786 5049 apostoliea
1811 4979 1937 5055 scripta
2025 5019 2026 5048 ,

295 5131 331 5190 N.
347 5141 445 5186 comes
459 5126 494 5184 de
511 5127 620 5199 Sopron
632 5126 849 5200 crucesignatus
859 5142 924 5186 cum
939 5129 1088 5189 bonissuis

348 5215 582 5289 subAposiolioae
601 5213 683 5273 Sedis
699 5217 875 5288 protectione
890 5217 1033 5290 recipitur.
1142 5159 1340 5237 permittatis
1364 5163 1404 5224 ab
1422 5163 1589 5242 aliqffibus
1610 5168 1791 5242 m⁰¹0⁸ta¹⁸ir
1813 5172 1937 5234 mles·

334 5351 502 5413 Honorius
511 5350 699 5429 episcopus,
712 5365 1005 5415 servasservorum
1014 5354 1085 5429 Dei,
1142 5354 1322 5428 siasticam,
1336 5357 1561 5434 appellatione
1573 5362 1767 5438 postposita,
1784 5377 1936 5440 compes-

294 5449 417 5512 dilecto
432 5449 501 5510 lilio
510 5447 613 5509 nobili
624 5447 708 5520 vire,
718 5449 759 5509 N.
770 5450 882 5511 comiti
890 5450 930 5512 de
944 5454 1084 5530 Sopron,
1141 5452 1256 5515 cando.
1280 5454 1399 5514 Datum
1414 5455 1582 5526 Laterani,
1606 5459 1681 5518 XIV
1698 5457 1859 5520 kalendas
1875 5463 1933 5538 ja-

295 5544 513 5608 Gueuriensis
528 5544 694 5618 dioecesis,
711 5546 863 5620 salutem,
882 5547 945 5610 etc.
1141 5551 1262 5624 nuarii,
1277 5551 1488 5628 pontitlcatus
1507 5555 1612 5616 nostri
1627 5569 1716 5616 anno
1728 5556 1880 5632 septimo.

1143 5064 1349 5137 mandamus,
1366 5067 1528 5143 quatenus
1549 5068 1659 5146 ipsum
1680 5087 1782 5148 super
1800 5073 1855 5134 his
1870 5091 1937 5137 non
2025 5059 2026 5096 ³

1141 5258 1266 5320 tatores
1281 5261 1353 5338 ejus
1368 5259 1543 5334 indebitos
1559 5279 1621 5340 per
1638 5281 1813 5328 censuram
1828 5269 1937 5330 eccle-
2024 5271 2025 5332 3

2018 6167 2022 6299 l
