3948 6326
258 373 315 434 531
875 369 1051 432 uououu
1074 371 1290 434 1110PERA.
1793 407 1806 418 .
1841 383 1892 444 532
1951 369 1952 372 ‘

257 549 342 604 mus,
367 529 481 594 contra
507 531 575 592 tam
590 529 681 606 pium
702 528 824 590 sactum
846 532 970 591 temere
992 546 1052 593 ve·

256 631 387 691 aientes
416 645 458 690 ex
487 643 525 689 eo
553 629 683 704 sumpta
701 628 876 689 occasione
889 629 975 705 quod
991 645 1051 705 per

256 743 380 789 annum
391 725 520 798 debent,
534 728 569 787 ut
580 726 712 798 dicitur,
725 725 935 802 praebendam
948 726 1050 787 dece-

258 826 366 886 dentis
389 823 542 886 canonici
562 823 780 884 carnotenses
798 823 931 896 babere,
950 823 1050 885 dece-

256 923 353 984 dente
367 923 538 993 canonico,
553 922 605 983 vel
619 922 745 983 vicario
758 922 813 999 qui
826 923 958 984 tertiam
971 937 1052 998 prae-

254 1020 371 1082 bendae
386 1023 508 1083 vestrae
519 1022 766 1098 consequuntur
775 1021 971 1096 portionem,
985 1035 1051 1080 non

255 1121 362 1181 solum
379 1119 527 1180 eamdem
540 1119 683 1190 tertiam,
697 1117 755 1178 sed
779 1119 881 1179 totam
894 1117 957 1178 sibi
967 1133 1050 1178 con-

256 1217 397 1278 tendunt
420 1216 610 1294 hujusmodi
631 1215 803 1277 vindicare
826 1215 1049 1292 praebendam,

255 1331 322 1376 non
331 1315 581 1376 considerantes
594 1315 725 1392 quantae
741 1313 784 1374 sit
796 1313 947 1375 avarities
959 1329 1053 1374 men·

255 1412 442 1474 dicentibus
461 1412 657 1473 subtrahere
675 1412 884 1473 necessitatis
904 1411 1052 1472 subsidia

255 1510 463 1582 mendicatae‚
499 1525 560 1572 nec
594 1508 679 1588 quod
715 1509 879 1585 hospitale
905 1509 1051 1572 vestrum

256 1609 372 1669 mortis
397 1610 564 1685 jacturam
584 1623 651 1670 non
675 1607 811 1684 patitur,
832 1608 1050 1669 attendentes.

256 1706 413 1767 volentes
432 1705 543 1783 itaque
564 1705 659 1767 vobis
682 1707 716 1766 in
738 1706 852 1766 eadem
868 1693 1052 1781 'praebenda

219 1846 225 1858 ,
249 1806 308 1882 jus
322 1804 473 1865 vestrum
489 1803 619 1880 integre
634 1804 837 1874 conservari,
855 1804 1051 1865 auctoritate

254 1902 469 1978 praesentium
493 1901 676 1962 districtius
688 1900 891 1971 inhibemus,
908 1915 950 1961 ne
965 1916 1052 1976 prae-

254 1997 314 2060 sati
327 1998 429 2059 abbas
445 2001 478 2060 et
493 1997 673 2060 conventus
689 2015 789 2075 super
804 1996 931 2058 duabus
947 1997 1052 2074 parti-

254 2094 315 2156 bus
349 2095 536 2173 praebendae
572 2097 742 2173 praedictae
782 2095 846 2156 bac
877 2096 1052 2158 occasione

253 2194 401 2270 aliquam
416 2193 511 2255 vobis
531 2195 716 2255 molestiam
736 2193 909 2259 interrant,
932 2194 985 2254 vel
1002 2193 1052 2254 la-

254 2291 356 2353 ciant.
368 2291 459 2352 Nulli
470 2293 809 2368 ergo,etc.,paginam
821 2293 943 2353 nostrae
961 2291 1052 2351 inhi-

254 2387 390 2450 bitionis
409 2389 602 2466 intringere,
620 2393 681 2451 etc.
709 2389 831 2466 Siquis
847 2391 969 2460 autem,
987 2391 1048 2450 etc.

295 2489 412 2548 Datum
440 2489 606 2561 Laterani,
633 2488 729 2549 nonis
761 2486 931 2560 februarii,
962 2503 1050 2549 anno

257 2585 385 2645 octavu.

594 2809 713 2895 CXXI

256 2963 308 3020 Ad
329 2961 552 3021 Benedictum
574 2964 770 3048 episcopum
786 2961 992 3021 scarensem
1017 2959 1050 3019 ct

373 3059 522 3118 Petrum
543 3059 686 3119 electam
701 3061 929 3118 baracensem.

519 3189 553 3245 lll
567 3187 699 3245 februarii
713 3189 791 3246 real.

338 3313 482 3377 [Liljegrcm
499 3311 614 3362 Sweuskt
626 3310 743 3376 diplom,
758 3311 778 3370 Ι,
791 3309 846 3370 2³7,
858 3325 885 3360 n.
899 3311 966 3377 225]

254 3441 291 3498 Ut
302 3439 402 3496 Oleum
426 3439 630 3510 strangensem
649 3437 815 3510 episcopum
829 3435 981 3510 Upsalensi
1000 3451 1048 3494 eo·

287 3528 383 3586 clesiae
399 3527 570 3601 praeficiant,
596 3526 741 3583 solventes
764 3526 856 3598 ipsum
877 3541 893 3584 a
922 3527 1048 3594 viuculo,

288 3633 343 3692 quo
359 3617 526 3691 strangensl
537 3617 666 3674 ecclesia
679 3623 818 3674 teneatur.

289 3744 467 3818 Honorius,
479 3747 552 3818 etc,
566 3744 722 3822 episcopo
735 3743 891 3804 scarensi
900 3743 932 3805 et
943 3743 1049 3804 electo

254 3844 433 3905 Luudensi.

291 3941 518 4004 Intelleximus
531 3941 617 4016 quod
634 3939 810 4017 Upsalensi
821 3938 962 4001 ecclesia
987 3939 1050 3999 du·

254 4039 332 4100 dum
347 4039 483 4100 viduata
498 4040 642 4116 pastore,
656 4039 765 4099 clerus
781 4039 814 4099 et
824 4035 964 4115 populus
980 4039 1049 4115 Up-

251 4135 403 4209 salensis‚
424 4135 584 4213 praedicta
611 4135 753 4196 ecclesia
776 4135 957 4210 capitulum
982 4151 1048 4196 non

250 4233 403 4306 habente,
414 4232 706 4295 sibivenerabilem
718 4231 1046 4294 fratremnostrum...

251 4334 485 4410 strangensem
499 4331 689 4408 episcopum
704 4330 738 4391 in
755 4331 952 4392 executione
970 4347 1048 4406 pon-

247 4431 381 4494 tltioalis
392 4429 504 4502 cilicii,
518 4429 692 4500 utdicitur,
702 4427 929 4504 approbatum,
943 4427 996 4489 cui
1008 4428 1048 4490 de

248 4533 317 4593 vita
329 4529 516 4592 etmeribus
526 4525 926 4589 laudabiletestimonium
939 4527 1048 4604 perhi-

247 4629 401 4700 betunia
418 4625 915 4704 archiepiscopumunanimiter
923 4625 956 4686 et
967 4639 1048 4686 con-

248 4728 400 4790 corditer
414 4725 634 4802 postularunt.
669 4722 941 4800 Supplioantibus
966 4737 1046 4798 ergo

248 4821 1048 4888 nobiscarissimoinGbristolllionostro...illus-

248 4925 291 4988 tri
302 4939 382 4999 rege
398 4922 538 4992 sueciae,
553 4922 586 4982 et
598 4921 765 4981 universis
780 4919 926 4998 ejusdem
941 4918 1048 4980 eccle-

249 5016 1045 5096 siaesuffraganeis,accleroetiamUpsalensiut,

252 5138 351 5200 quum
363 5113 1048 5197 Upsalensismetropolispropterindomi·

251 5222 294 5282 tae
309 5216 520 5280 consistentis
532 5215 566 5276 in
579 5231 618 5275 ea
634 5214 741 5292 gentis
753 5212 957 5284 induritiam‚
971 5211 1046 5273 talis

249 5310 1049 5390 sollicitudinepastorisindigeatquivinumin·

248 5415 415 5477 fundendo
429 5413 581 5474 etoleurn
591 5411 714 5472 mederi
728 5409 859 5470 noverit
875 5409 1045 5480 sauciatis,

249 5505 290 5574 a‘d
306 5511 392 5589 quod
413 5511 494 5572 satis
516 5509 673 5570 idoneum
700 5506 894 5584 praedictum
918 5507 1049 5583 episco-

249 5625 327 5687 pum
354 5609 568 5678 asseverant,
606 5604 823 5684 postulationi
858 5605 1048 5681 baJusmodi

249 5723 425 5770 assensum
440 5704 637 5767 benevolum
651 5721 693 5766 ex
717 5719 816 5766 carisa
840 5705 907 5765 tam
927 5719 1046 5764 neces-

1107 534 1196 594 saria
1222 534 1455 611 praeberemus.
1482 535 1549 598 Nos
1575 537 1678 614 igitur
1698 539 1784 616 jnris
1803 557 1891 618 super

1106 630 1169 692 boc
1185 633 1329 707 rigorem
1349 632 1558 710 providentia
1581 635 1815 713 temperantes,
1829 640 1890 701 dis·
1951 657 1952 670 ³

1106 730 1248 790 crationi
1259 731 1378 792 vestrae
1390 747 1450 808 per
1463 734 1652 810 Apostolica
1661 736 1787 812 scripta
1803 753 1889 799 man-

1107 827 1233 901 damus,
1252 831 1414 905 quatenus
1429 831 1457 890 si
1468 830 1562 892 vobis
1576 833 1889 919 constiteritdeprae-

1107 925 1241 998 missis,
1287 927 1438 988 eumdem
1483 929 1672 1008 episcopum
1713 933 1889 1007 praeliciatis

1107 1022 1303 1086 auctoritate
1332 1027 1447 1087 nostra
1480 1029 1657 1103 Upsalensi
1684 1029 1834 1092 ecclesiae
1859 1033 1889 1094 iu

1107 1123 1286 1197 pastorem,
1298 1122 1507 1186 absolventes
1521 1125 1627 1202 ipsum
1642 1143 1661 1187 a
1680 1127 1888 1205 vinculoque
1951 1175 1952 1184 ,

1108 1218 1300 1295 strangensi
1321 1221 1496 1283 tenebatur
1519 1223 1681 1297 ecclesiae,
1704 1226 1888 1286 transeundi
1951 1223 1952 1226 ’

1107 1317 1148 1376 ad
1163 1318 1354 1394 praedictam
1368 1321 1542 1381 ecclesiam
1554 1323 1888 1399 Upsalensemtribua·

1106 1413 1149 1475 trs
1172 1412 1390 1495 [licentiam.
1426 1421 1544 1480 uatum
1569 1420 1738 1492 Laterani,
1762 1423 1805 1482 1v
1823 1422 1886 1482 raus
1951 1405 1952 1460 ?

1107 1511 1278 1585 februarii,
1295 1529 1383 1576 anno
1400 1516 1527 1577 octavo.

1434 1757 1574 1847 CXXII

1167 1902 1218 1960 Ad
1230 1903 1388 1974 priorem
1401 1902 1435 1962 ct
1449 1903 1655 1964 concentum
1666 1907 1702 1965 S.
1718 1908 1837 1966 Morte

1294 2001 1331 2058 iu
1346 2000 1459 2060 Portu
1473 2002 1710 2062 Ravennatem.

1355 2130 1388 2187 12
1407 2129 1542 2189 februarii
1562 2133 1640 2190 laet.

1130 2243 1269 2304 OEanluzzi,
1283 2245 1440 2296 Monumeuti
1456 2248 1606 2307 Ravennati,
1622 2249 1652 2306 11,
1667 2263 1695 2314 p.
1709 2249 1763 2309 lae,
1777 2264 1800 2298 u.
1811 2249 1866 2313 lot]

1157 2361 1400 2434 Compositlouem
1415 2378 1503 2435 super
1522 2363 1701 2436 subjectione
1717 2367 1838 2423 ecclesie

1300 2451 1411 2508 Sanctae
1427 2452 1523 2508 llariae
1543 2451 1705 2511 confirmat.

1145 2567 1878 2646 Honoriusepiscopusservusservornmllei
1951 2575 1952 2618 ἲ

1106 2665 1225 2728 dilecto
1241 2666 1309 2727 filio
1322 2667 1426 2744 priori
1439 2669 1472 2728 et
1488 2669 1667 2730 conventui
1685 2671 1718 2730 S.
1736 2670 1842 2730 Mariae
1854 2669 1880 2728 in

1106 2765 1208 2826 Portu
1224 2766 1421 2836 Ravennati,
1439 2765 1591 2837 salutem,
1608 2767 1671 2828 etc.

1146 2867 1251 2935 Quum
1263 2863 1350 2924 inter
1364 2879 1423 2924 vos
1439 2879 1482 2924 ex
1492 2865 1661 2941 parteuna
1677 2865 1711 2927 et
1723 2864 1880 2928 venerabi-

1105 2960 1170 3022 lem
1183 2960 1320 3022 tratrem
1337 2962 1485 3022 nostrum
1497 2962 1786 3040 archiepiscopum
1800 2964 1829 3024 et
1841 2977 1880 3022 ca-

1105 3058 1245 3133 pitulum
1261 3061 1455 3121 Ravennate
1463 3075 1506 3120 ex
1516 3061 1634 3133 altera,
1645 3062 1785 3139 quaestio
1798 3075 1880 3136 super
1951 3105 1952 3146 3

1106 3156 1309 3234 subjectione
1330 3157 1481 3219 ecclesiae
1497 3161 1618 3220 vestra
1632 3159 1752 3221 luisset
1772 3159 1879 3220 diutius
1951 3211 1952 3252 ἒ

1105 3255 1229 3331 agitata
1245 3255 1277 3316 et
1287 3255 1481 3332 quibusdam
1495 3257 1719 3332 processibus,
1734 3257 1789 3335 qui
1799 3269 1880 3332 super
1951 3253 1952 3260 ’

1106 3353 1168 3414 lroc
1180 3351 1285 3414 habiti
1296 3352 1440 3424 luerunt,
1453 3353 1599 3428 legitime
1610 3357 1786 3427 revocatis,
1797 3367 1880 3416 causa

1105 3449 1268 3511 initianda
1293 3451 1387 3527 quasi
1412 3466 1455 3512 ex
1476 3451 1606 3527 integro
1621 3453 1800 3529 judicetur,
1816 3455 1879 3512 tan·
1951 3471 1952 3508 r

1105 3549 1178 3610 dem
1207 3563 1320 3609 coram
1348 3547 1469 3609 dilecto
1496 3549 1565 3610 lilio
1591 3553 1706 3612 nostro
1740 3555 1781 3624 J,
1808 3547 1880 3610 tituli
1951 3597 1952 3624 ,

1106 3648 1235 3710 Sanctae
1250 3644 1381 3706 Sabinae
1402 3646 1595 3723 presbytero
1609 3649 1782 3720 cardinali,
1799 3660 1879 3724 quem
1951 3709 1952 3716 χ

1105 3744 1881 3821 dederamusipsiarchiepiscopoetC.Rauves·
1951 3751 1952 3826 l

1106 3844 1164 3904 trae
1175 3842 1326 3903 ecclesiae
1339 3842 1485 3918 syndicis
1493 3844 1693 3914 auditorem,
1706 3844 1880 3920 telis,quun
1951 3877 1952 3912 2

1104 3941 1204 4001 iidem
1227 3939 1357 4016 syndici
1379 3940 1571 4002 mandatum
1590 3943 1657 4002 tam
1679 3941 1722 4002 ad
1739 3941 1879 4020 agendum

1104 4053 1202 4115 quam
1220 4038 1261 4099 ad
1275 4039 1538 4113 componendum
1551 4038 1726 4113 haberent,
1742 4036 1879 4114 composi·

1103 4137 1149 4198 tio
1171 4135 1388 4197 intervenerit
1405 4136 1491 4213 quod
1507 4137 1662 4199 videlicet
1677 4137 1769 4214 prior
1785 4139 1814 4197 et
1829 4134 1880 4194 ira·

1103 4236 1169 4296 tres
1183 4235 1332 4296 ecclesiae
1349 4235 1544 4296 Portuensis
1556 4235 1738 4297 teneantur
1749 4235 1878 4310 recipere
1951 4253 1952 4288 v

1103 4331 1236 4392 ordines
1250 4347 1270 4391 a
1284 4329 1487 4392 Ravennatis
1501 4330 1765 4409 archiepiscopo,
1778 4334 1807 4393 el
1819 4343 1878 4390 cou-
1951 4325 1952 4386 Ξ

1103 4429 1321 4490 sacrationem
1335 4429 1564 4501 ecclesiarum,
1575 4431 1609 4490 et
1624 4429 1777 4491 altarium
1790 4429 1820 4488 iu
1830 4429 1878 4486 lla·
1951 4469 1952 4478 .

1102 4525 1878 4604 vannetensidioecesipositorum,oleumquoque

1102 4625 1251 4687 sanctum
1272 4625 1304 4685 et
1325 4623 1393 4685 alia
1417 4623 1645 4687 ecclesiastica
1669 4623 1875 4690 sacramenta,
1951 4627 1952 4710 ἐ

1103 4739 1175 4800 quae
1193 4723 1234 4784 ab
1250 4723 1361 4800 aliquo
1378 4723 1489 4784 essent
1503 4721 1660 4800 episcopo
1672 4719 1838 4800 recepturi,
1853 4716 1875 4776 si
1951 4713 1952 4780 ξ

1102 4825 1212 4882 tamen
1224 4821 1294 4898 ipse
1309 4819 1579 4896 archiepiscopus
1589 4819 1769 4882 catholicus
1782 4815 1872 4885 luerit,

1102 4922 1183 4982 ctea
1199 4919 1302 4994 gratis
1318 4918 1350 4979 et
1365 4915 1489 4994 absque
1504 4917 1573 4979 ulla
1598 4919 1761 4995 pravitate
1777 4915 1874 4978 volue-
1951 4899 1952 4958 ἰ

1102 5019 1146 5078 rit
1161 5015 1331 5088 exhihere,
1349 5015 1497 5093 alioquin
1519 5015 1703 5092 recipiendi
1719 5033 1756 5078 ea
1778 5025 1876 5090 aquo·

1103 5131 1242 5192 cumque
1268 5115 1448 5176 maluerint
1474 5114 1638 5176 catholico
1667 5115 1812 5192 episcopo
1828 5111 1877 5169 ba·

1102 5215 1202 5275 beant
1229 5213 1436 5290 potestatem.
1462 5211 1648 5273 Decedente
1676 5227 1753 5273 vero
1784 5207 1875 5286 priore

1104 5313 1208 5390 ipsius
1224 5310 1385 5381 ecclesiae,
1401 5309 1453 5370 vel
1474 5327 1573 5387 quum
1590 5310 1676 5371 alias
1688 5327 1758 5372 eam
1775 5317 1875 5368 vacare

1103 5410 1289 5486 contigerit,
1304 5409 1484 5485 capitulum
1509 5407 1571 5468 sibi
1592 5408 1735 5484 priorem
1757 5401 1873 5480 eligant,

1103 5519 1199 5582 quern
1215 5504 1398 5565 secundum
1411 5505 1524 5574 Deum,
1548 5503 1580 5565 et
1599 5504 1774 5565 canonicas
1786 5501 1814 5560 et
1825 5511 1873 5556 re-

1103 5603 1237 5678 gulares
1252 5601 1483 5662 observantias
1493 5600 1640 5662 viderint
1654 5599 1838 5678 eligendum,
1850 5590 1875 5651 et

1103 5700 1245 5763 electum
1262 5699 1502 5777 repraesentent
1511 5699 1759 5777 archiepiscopo
1772 5691 1875 5756 contir-
