4104 6330
111 405 166 469 257

394 568 599 657 XXXVIII

128 720 320 784 baccuates
331 721 628 784 Sanctttobannto
645 721 820 782 Morinen.
836 717 871 779 ct

245 818 364 880 Sancti
388 818 523 880 Vedaoti
541 819 740 880 atrebaten.

358 957 393 1014 10
405 956 534 1015 decemb.
554 955 634 1014 1111.

134 1083 244 1146 mermi,
254 1079 300 1130 lib.
311 1079 367 1140 vll,
376 1079 450 1144 epist.
460 1079 515 1130 aab.
526 1080 583 1130 llss.
596 1079 633 1131 La
644 1081 719 1130 Porto
731 1077 766 1129 du
778 1077 873 1142 Thali]

112 1204 216 1266 itandat
229 1211 260 1262 ut
274 1205 401 1279 episcopi
415 1205 554 1265 litoriuen.
567 1205 726 1264 cessionem
742 1204 889 1277 recipiant.

145 1339 319 1410 Honorius,
331 1341 406 1412 ete,
416 1337 672 1402 dilectisdliis...
685 1341 718 1400 S.
727 1337 891 1401 lobannis

111 1437 262 1498 blorinau.
279 1436 434 1498 dioecesis
449 1439 482 1498 et
497 1437 610 1499 Sancti
634 1436 769 1499 vedasti
790 1437 890 1496 Atre-

110 1533 208 1596 baten.
233 1533 426 1606 abbatibus,
448 1534 589 1596 salutem
613 1535 646 1596 et
667 1533 891 1610 apostolicam

111 1629 376 1692 benedictionem.

139 1728 443 1799 Quumvenerabilis
451 1727 555 1790 irater
564 1729 713 1790 noster...
726 1727 889 1789 Morinen.

111 1825 285 1901 episcopus,
316 1825 431 1886 senilis
455 1825 563 1887 aetatis
582 1827 739 1901 gravatus
763 1825 893 1885 incom-

110 1921 216 1993 modis,
236 1937 342 1983 onera
357 1922 559 1999 pontificalis
575 1921 712 1983 honoris
736 1922 889 1998 nequeat,

111 2021 141 2080 ut
153 2019 280 2090 asserit,
296 2018 466 2080 commode
481 2020 699 2096 comportare,
711 2018 792 2080 nesi
806 2034 893 2095 prae-

110 2114 157 2188 sit,
168 2115 242 2176 dum
255 2131 323 2178 non
336 2114 482 2193 prodest,
494 2114 647 2178 rideatur
657 2114 784 2188 obesse,
797 2115 892 2176 nobis

111 2213 288 2289 supplicare
303 2213 383 2276 iecit
396 2213 571 2286 instanter,
586 2215 623 2276 nt
645 2213 751 2290 ipsius
766 2214 894 2275 cessio-

110 2324 177 2370 nem
198 2311 349 2388 reoipero
379 2310 604 2386 dignaremur,
628 2310 791 2388 cupientis
812 2310 894 2370 reii-

110 2422 199 2482 quum
210 2407 287 2469 ritae
304 2423 374 2469 suae
388 2408 424 2468 in
437 2407 612 2470 dulcedine
623 2407 743 2484 quietis
752 2407 892 2469 internae

111 2502 236 2564 Domino
247 2503 413 2567 dedicare.
428 2507 533 2576 Quum
545 2505 649 2582 igitur
659 2504 747 2566 idem
762 2505 894 2582 episco-

111 2600 894 2676 pusbnnumcertemoncertarit‚etcursumlau·

110 2695 252 2760 debiliter
262 2701 516 2771 consummarit,
531 2715 597 2761 non
610 2699 654 2762 sit
667 2699 773 2761 eidem
788 2701 893 2762 hone-

111 2793 161 2855 stae
175 2795 385 2858 demissionis
398 2796 553 2858 solatium
573 2795 813 2872 denegandum,
831 2813 892 2859 nos

111 2889 251 2954 eidebito
274 2893 514 2970 compatientes
535 2894 673 2968 affectu,
700 2895 892 2957 discretioni

110 2989 215 3050 restrae
232 3004 296 3065 per
317 2991 507 3067 apostolica
534 2991 657 3068 scripta
682 2991 890 3063 mandamus,

112 3085 259 3160 quatenus
272 3085 349 3148 sice
363 3087 477 3148 nostra
493 3087 676 3148 cessionem
693 3087 891 3164 recipientes

111 3179 214 3256 ipsius,
230 3199 296 3244 usn
318 3183 381 3244 sibi
393 3184 632 3260 pontificalium
652 3186 835 3258 reservato,
852 3185 892 3246 de

111 3275 194 3340 bonis
223 3280 468 3358 episcopalibus
497 3282 584 3343 unde
613 3281 784 3344 commode
818 3277 915 3345 sus?

113 3375 217 3437 tentari
239 3377 362 3451 valeat,
388 3379 591 3455 provideatis
618 3379 736 3451 eidem,
758 3382 893 3443 contra-

112 3469 893 3555 dictorespercensuramecclesiasticam,appel·

111 3565 221 3631 latione
245 3571 441 3649 postposita,
472 3573 720 3650 compescendo,
747 3576 891 3652 capitulo

112 3681 227 3744 qunque
238 3668 405 3730 Morinen.
420 3669 571 3732 ecclesiae
586 3671 752 3744 indicatis,
774 3676 809 3734 ut
828 3673 892 3734 sibi

113 3759 145 3821 de
158 3779 298 3839 persona
323 3765 443 3827 idonea
462 3780 522 3844 per
534 3761 730 3830 electionem
749 3769 891 3830 canoni-

113 3873 173 3920 cam
186 3862 383 3938 provideant
396 3864 430 3924 in
444 3865 610 3941 pastorem
622 3882 694 3943 quaa
704 3866 796 3928 tanto
812 3883 893 3929 con-

114 3959 199 4030 gruat
224 3959 322 4022 oneri
344 3961 378 4023 at
403 3960 533 4023 honori.
564 3963 655 4036 Quod
679 3964 709 4024 si
730 3980 796 4025 non
821 3979 893 4026 om-

113 4067 172 4126 nes,
197 4058 257 4119 etc.
291 4057 410 4120 Datum
438 4060 607 4134 Laterani,
627 4063 704 4122 Xlll
731 4061 891 4125 kalendas

110 4149 253 4228 ianuarii,
270 4155 484 4232 pontificatus
503 4157 609 4219 nostri
629 4173 716 4220 anno
738 4159 889 4237 septimo.

414 4447 576 4538 XXXIX

183 4609 231 4668 Ad
243 4608 359 4670 abbati
371 4610 406 4671 S.
423 4613 581 4685 Dionysii
594 4613 803 4674 Partetcnst.

356 4747 393 4805 ti
406 4745 535 4806 decemb.
552 4751 630 4808 liii.

146 4864 263 4929 [Doublet
276 4869 342 4920 liist.
356 4850 388 4922 de
398 4871 515 4938 l'ebbaye
526 4872 558 4924 de
570 4873 740 4934 saint-benis,
751 4889 777 4940 p.
787 4875 856 4942 aab]

116 4985 276 5051 Eieoncedit
293 5001 325 5052 ut
344 4995 493 5053 monacbis
511 4997 556 5054 sui
575 4999 752 5068 monasterii,
770 4999 818 5071 qui
839 5013 887 5058 er·

143 5083 335 5140 communicati
349 5083 444 5142 divina
455 5083 549 5142 oillcia
558 5086 786 5157 celebraverunt,
800 5087 888 5146 bene·

144 5163 229 5225 licium
243 5169 429 5229 absolutionis
442 5173 598 5246 impendat.

147 5292 809 5375 Honoriusepiscopus,servusserrorum
817 5302 888 5375 Del,

116 5383 220 5451 dilecto
245 5392 313 5454 tilio
338 5393 449 5456 abbati
470 5397 583 5458 Sancti
608 5398 769 5474 Dionysii,
793 5399 892 5460 Pari-

116 5481 221 5547 sieusis
248 5489 411 5564 dioecesIs,
440 5493 580 5554 salutem
608 5494 642 5556 et
666 5496 891 5571 Apostolicam

116 5574 373 5648 benedictionem.

149 5677 191 5737 Ex
201 5683 291 5756 parte
300 5684 356 5744 tua
369 5683 432 5746 tuit
442 5665 646 5764 prepositum
658 5702 771 5751 coram
781 5689 889 5764 nobis,

244 5773 354 5871 remon.
375 5818 517 5878 mariv.

708 399 937 464 EPIS'I'OLAE.
960 401 1038 462 lin.
1061 401 1132 462 VII.

1678 401 1739 464 258

945 557 1740 639 quodnonnullidemonachistuisantesuscep-

942 657 1068 718 tionem
1082 655 1216 718 habitus
1229 658 1447 729 monachalis,
1456 657 1490 720 et
1503 658 1636 735 quidem
1651 659 1737 735 post,

945 769 1004 830 pro
1019 753 1200 830 injectione
1215 770 1372 816 manuum
1388 755 1534 818 violenta
1550 756 1585 816 in
1598 755 1739 817 clericos

944 852 997 912 rai
1022 865 1214 924 conversos,
1245 853 1278 913 et
1306 853 1440 929 quidam
1464 869 1507 914 ex
1530 853 1597 916 alia
1624 869 1737 928 causa,

945 946 1078 1009 vinculo
1103 947 1457 1010 excommunicationis
1484 949 1646 1022 adstricti,
1682 949 1738 1010 di-

944 1043 1023 1105 vine
1048 1043 1159 1106 oidcia
1180 1044 1410 1119 celebrarunt;
1436 1047 1522 1108 unde
1546 1061 1607 1107 nos
1628 1047 1742 1107 bumi-

945 1140 1023 1202 liter
1041 1141 1246 1219 supplicasti,
1268 1145 1305 1203 ut
1326 1158 1426 1219 super
1444 1143 1507 1205 hoc
1527 1157 1641 1205 eornm
1656 1159 1739 1220 pro-

944 1237 1059 1299 ridere
1096 1239 1197 1302 saluti
1225 1239 1486 1302 misericorditer
1512 1227 1760 1316 dignaremur.'

946 1336 1015 1397 Nos
1029 1335 1188 1411 igiturde
1201 1337 1259 1398 tua
1281 1337 1482 1399 discretione
1502 1338 1635 1415 plenam
1654 1338 1742 1400 ddu-

946 1432 1032 1493 oiam
1048 1433 1245 1504 obtinentes,
1262 1449 1322 1512 per
1335 1436 1525 1511 Apostolica
1539 1435 1600 1498 tibi
1615 1436 1741 1514 scripta

946 1529 1155 1602 mandamus,
1184 1532 1348 1608 quatenus
1379 1532 1502 1593 talibus
1528 1534 1602 1595 rica
1625 1535 1740 1595 nostra

942 1627 1041 1704 juxta
1064 1627 1205 1690 formam
1232 1629 1390 1692 Ecclesiae
1417 1627 1580 1692 benecho
1606 1631 1743 1692 absolu-

945 1724 1047 1785 tionis
1065 1726 1228 1801 impenso,
1250 1727 1282 1788 ot
1300 1725 1449 1804 injuncto
1465 1728 1550 1804 quod
1567 1727 1742 1790 consuerit

946 1821 1077 1898 injungi
1098 1837 1200 1898 super
1222 1837 1263 1884 eo
1282 1823 1367 1900 quod
1389 1825 1667 1887 excommunicati
1684 1825 1741 1886 di-

946 1917 1025 1978 vina
1045 1915 1155 1978 oidcia
1175 1918 1396 1991 celebrarunt,
1422 1935 1495 1981 cum
1517 1921 1600 1998 ipsis
1623 1922 1742 1982 aucto·

946 2014 1045 2076 ritate
1071 2016 1187 2078 nostra
1215 2015 1398 2093 dispenses,
1433 2019 1532 2095 prout
1558 2018 1742 2080 secundum

947 2114 1052 2173 Deum
1062 2112 1163 2174 saluti
1175 2127 1291 2174 eorum
1304 2113 1430 2176 videris
1440 2113 1609 2191 expodIre.
1624 2117 1743 2178 Datum

948 2209 1116 2278 Laterani,
1132 2211 1178 2270 IX
1198 2209 1332 2272 kalend.
1347 2212 1508 2288 januarii,
1532 2213 1743 2290 pontificatus

948 2305 1054 2368 nostri
1068 2322 1157 2369 anno
1171 2307 1324 2385 septimo.

1313 2630 1381 2716 XL

911 2792 914 2801 ·
987 2778 1039 2838 Aci
1057 2779 1332 2854 nrcbieptocopos
1350 2782 1385 2842 et
1411 2783 1585 2857 epmcopoa
1604 2787 1705 2860 repet

1257 2880 1430 2940 monnica.

1205 3005 1242 3065 30
1254 3005 1385 3066 decemb.
1402 3009 1483 3067 1111.

977 3121 1108 3190 [1101111111.
1120 3127 1185 3182 illst.
1198 3128 1230 3181 de
1243 3129 1360 3198 l'ebbaye
1372 3131 1403 3182 de
1417 3133 1587 3192 seint-Derris,
1605 3149 1630 3200 p.
1643 3135 1713 3201 tib]

947 3249 1060 3310 inhibet
1077 3267 1115 3310 ne
1129 3258 1433 3316 excommunicationis
1451 3260 1496 3318 vei
1513 3260 1656 3320 interdicti
1675 3271 1743 3320 sen·

982 3341 1087 3400 tentius
1100 3349 1199 3401 contra
1215 3344 1372 3404 monachos
1387 3347 1416 3406 S.
1433 3349 1562 3422 Dionysii
1575 3351 1745 3410 parisiensis
1776 3413 1778 3416 ,

982 3427 1012 3485 in
1026 3443 1126 3486 eorum
1138 3429 1310 3492 dioecesibus
1321 3436 1492 3494 constitutos
1504 3437 1661 3510 proterant.

986 3554 1153 3616 Honorius
1166 3557 1351 3635 episcopus,
1361 3575 1478 3624 servus
1487 3577 1658 3625 servorum
1669 3565 1741 3638 Dei,

946 3650 1195 3715 venerabilibus
1227 3655 1387 3718 tratribus
1419 3657 1682 3738 archiepiscopis
1709 3663 1744 3724 et

947 3748 1113 3826 episcopis
1127 3750 1162 3810 in
1178 3767 1319 3828 quorum
1331 3754 1541 3829 dicecesibns
1559 3757 1739 3834 prioratus,

946 3844 980 3908 et
998 3844 1091 3908 cella
1108 3849 1310 3912 monasterio
1331 3852 1444 3914 Sancti
1466 3854 1617 3932 Dionysii
1639 3857 1741 3918 Pari-

947 3941 1069 4004 siensis
1088 3943 1241 4006 dioecesis
1260 3947 1402 4024 subjecti
1423 3952 1620 4027 consistunt,
1645 3954 1741 4016 salu·
1814 3958 1816 3960 ’

945 4039 1012 4102 tem
1027 4043 1060 4102 et
1071 4042 1296 4118 Apostolicam
1310 4043 1587 4112 benedictionem.

986 4138 1115 4209 Quanto
1134 4140 1277 4216 amplius
1293 4157 1366 4205 esee
1385 4144 1513 4207 debetis
1527 4149 1670 4224 justitiae
1684 4165 1742 4210 ze·

945 4234 1081 4308 latores,
1112 4237 1205 4298 tanto
1234 4239 1340 4316 magn
1369 4256 1430 4304 ros
1460 4243 1597 4307 dedecet
1629 4243 1740 4314 iacere

945 4330 1096 4394 fraudem
1119 4332 1198 4410 legi,
1223 4335 1257 4397 et
1277 4339 1462 4414 praesertim
1481 4341 1517 4402 in
1540 4342 1739 4420 Apostolicee

946 4429 1042 4490 Sedis
1067 4430 1226 4508 iniuriam
1249 4435 1283 4496 et
1307 4434 1542 4514 contemptum.
1575 4441 1663 4502 Sane
1686 4441 1739 4502 di·

944 4525 1023 4588 lecti
1046 4527 1108 4588 diii
1134 4527 1237 4591 abbas
1260 4531 1293 4593 et
1315 4535 1498 4596 conventus
1520 4537 1634 4598 Sancti
1655 4537 1738 4599 Dio-

946 4625 1034 4702 nysii
1062 4625 1262 4688 Parisiensis
1295 4628 1459 4703 dioecesis,
1482 4647 1618 4709 gravem
1642 4634 1739 4697 nobis

945 4719 1188 4796 querimoniam
1202 4721 1403 4798 obtulerunt,
1418 4727 1505 4802 quod
1520 4727 1654 4808 qrridam
1667 4744 1740 4792 ves-

946 4817 1033 4878 trum
1043 4819 1076 4880 et
1086 4831 1201 4878 eorum
1214 4817 1386 4893 officiales,
1396 4837 1496 4899 quum
1510 4825 1545 4885 in
1557 4841 1613 4888 eos
1628 4828 1662 4890 et
1673 4827 1738 4890 sibi

945 4913 1096 4974 subditos
1109 4914 1288 4976 monachos
1304 4931 1369 4978 non
1388 4922 1527 4995 possunt
1540 4937 1737 4986 excommu-

945 5009 1127 5071 nicationis
1147 5012 1180 5073 at
1194 5011 1362 5075 interdicti
1377 5016 1527 5092 proferre
1541 5021 1735 5094 sententias,

945 5121 985 5167 eo
1000 5107 1087 5183 quod
1104 5123 1206 5184 super
1226 5108 1289 5171 boc
1303 5113 1502 5188 apostolica
1523 5117 1618 5178 Sedis
1633 5119 1739 5194 priri-

944 5203 1042 5278 legiis
1068 5205 1146 5266 sunt
1167 5207 1298 5280 muniti,
1330 5209 1366 5270 in
1390 5212 1528 5289 eosqui
1552 5213 1681 5277 molunt
1702 5215 1738 5277 in

945 5300 1155 5375 molendinis,
1180 5305 1233 5366 vei
1255 5307 1402 5381 coquunt
1422 5308 1456 5368 in
1481 5307 1589 5371 turnis
1609 5326 1736 5390 eorum,

945 5397 1067 5474 quique
1082 5400 1255 5462 vendendo
1271 5417 1330 5463 seu
1345 5404 1495 5474 emendo,
1516 5408 1574 5469 aut
1590 5409 1676 5471 alias
1687 5411 1738 5473 eis

946 5495 1200 5569 communicant,
1221 5501 1403 5562 sententias
1421 5503 1594 5579 proterunt
1612 5523 1739 5569 memo·

945 5593 1046 5662 ratas,
1072 5592 1106 5652 et
1128 5593 1177 5654 sic
1200 5597 1467 5672 Apostolicorum
1487 5602 1737 5680 privilegiorum

947 5704 1012 5751 non
1027 5689 1093 5750 vim
1110 5691 1143 5752 et
1156 5691 1363 5767 potestatem,
1381 5695 1439 5757 sed
1455 5698 1524 5760 sola
1540 5701 1641 5762 rerba
1660 5717 1735 5764 sor-

1563 5832 1579 5888 9
