<?xml version="1.0" encoding="UTF-8"?>
<!DOCTYPE html PUBLIC "-//W3C//DTD XHTML 1.0 Transitional//EN"
    "http://www.w3.org/TR/xhtml1/DTD/xhtml1-transitional.dtd">
<html xmlns="http://www.w3.org/1999/xhtml" xml:lang="en" lang="en">
 <head>
  <title>
</title>
<meta http-equiv="Content-Type" content="text/html;charset=utf-8" />
  <meta name='ocr-system' content='tesseract 3.04.00' />
  <meta name='ocr-capabilities' content='ocr_page ocr_carea ocr_par ocr_line ocrx_word'/>
</head>
<body>
  <div class='ocr_page' id='page_1' title='image "./mediiaevibiblio06bottgoog_0028.png"; bbox 0 0 4168 6344; ppageno 0'>
   <div class='ocr_carea' id='block_1_1' title="bbox 119 379 155 448">
    <p class='ocr_par' dir='ltr' id='par_1_1' title="bbox 119 379 155 448">
     <span class='ocr_line' id='line_1_1' title="bbox 119 379 155 448; baseline 0 -7"><span class='ocrx_word' id='word_1_1' title='bbox 119 379 155 448; x_wconf 74' lang='lat'><strong>,25</strong></span> 
     </span>
    </p>
   </div>
   <div class='ocr_carea' id='block_1_2' title="bbox 118 539 945 4638">
    <p class='ocr_par' dir='ltr' id='par_1_2' title="bbox 119 539 935 2756">
     <span class='ocr_line' id='line_1_2' title="bbox 120 539 902 627; baseline -0.004 -22"><span class='ocrx_word' id='word_1_2' title='bbox 120 541 187 606; x_wconf 81' lang='lat' dir='ltr'><strong>tlcae</strong></span> <span class='ocrx_word' id='word_1_3' title='bbox 213 540 246 602; x_wconf 90' lang='lat' dir='ltr'><strong>lu</strong></span> <span class='ocrx_word' id='word_1_4' title='bbox 277 539 434 627; x_wconf 82' lang='lat' dir='ltr'><strong>Remensi</strong></span> <span class='ocrx_word' id='word_1_5' title='bbox 471 539 644 618; x_wconf 89' lang='lat' dir='ltr'><strong>provincia</strong></span> <span class='ocrx_word' id='word_1_6' title='bbox 683 540 902 604; x_wconf 79' lang='lat' dir='ltr'><strong>consistentes</strong></span> 
     </span>
     <span class='ocr_line' id='line_1_3' title="bbox 120 639 903 716; baseline -0.004 -14"><span class='ocrx_word' id='word_1_7' title='bbox 120 640 301 702; x_wconf 78' lang='lat' dir='ltr'><strong>vicesimam</strong></span> <span class='ocrx_word' id='word_1_8' title='bbox 341 639 644 701; x_wconf 90' lang='lat' dir='ltr'><strong>ecclesiasticorum</strong></span> <span class='ocrx_word' id='word_1_9' title='bbox 683 641 903 716; x_wconf 87' lang='lat' dir='ltr'><strong>proventuum</strong></span> 
     </span>
     <span class='ocr_line' id='line_1_4' title="bbox 121 736 901 816; baseline -0.005 -16"><span class='ocrx_word' id='word_1_10' title='bbox 121 753 215 815; x_wconf 90' lang='lat' dir='ltr'><strong>usque</strong></span> <span class='ocrx_word' id='word_1_11' title='bbox 234 737 273 798; x_wconf 91' lang='lat' dir='ltr'><strong>ad</strong></span> <span class='ocrx_word' id='word_1_12' title='bbox 294 737 477 812; x_wconf 85' lang='lat' dir='ltr'><strong>triennium</strong></span> <span class='ocrx_word' id='word_1_13' title='bbox 506 737 636 814; x_wconf 88' lang='lat' dir='ltr'><strong>integre</strong></span> <span class='ocrx_word' id='word_1_14' title='bbox 659 736 833 816; x_wconf 81' lang='lat' dir='ltr'><strong>conferant</strong></span> <span class='ocrx_word' id='word_1_15' title='bbox 860 737 901 797; x_wconf 90' lang='lat' dir='ltr'><strong>ad</strong></span> 
     </span>
     <span class='ocr_line' id='line_1_5' title="bbox 120 833 902 911; baseline -0.004 -13"><span class='ocrx_word' id='word_1_16' title='bbox 120 835 346 898; x_wconf 84' lang='lat' dir='ltr'><strong>relevationem</strong></span> <span class='ocrx_word' id='word_1_17' title='bbox 375 835 502 910; x_wconf 88' lang='lat' dir='ltr'><strong>negotii</strong></span> <span class='ocrx_word' id='word_1_18' title='bbox 530 834 722 907; x_wconf 86' lang='lat' dir='ltr'><strong>memorati,</strong></span> <span class='ocrx_word' id='word_1_19' title='bbox 754 833 902 911; x_wconf 86' lang='lat' dir='ltr'><strong>exceptis</strong></span> 
     </span>
     <span class='ocr_line' id='line_1_6' title="bbox 119 931 902 1009; baseline -0.006 -13"><span class='ocrx_word' id='word_1_20' title='bbox 119 931 352 1004; x_wconf 78' lang='lat' dir='ltr'><strong>venationibus,</strong></span> <span class='ocrx_word' id='word_1_21' title='bbox 376 932 626 1009; x_wconf 66' lang='lat' dir='ltr'><strong>piscationibus</strong></span> <span class='ocrx_word' id='word_1_22' title='bbox 651 933 902 1009; x_wconf 90' lang='lat' dir='ltr'><strong>procurationi-</strong></span> 
     </span>
     <span class='ocr_line' id='line_1_7' title="bbox 120 1025 901 1110; baseline -0.004 -18"><span class='ocrx_word' id='word_1_23' title='bbox 120 1032 183 1103; x_wconf 90' lang='lat' dir='ltr'><strong>bus,</strong></span> <span class='ocrx_word' id='word_1_24' title='bbox 199 1046 270 1109; x_wconf 81' lang='lat' dir='ltr'><strong>quae</strong></span> <span class='ocrx_word' id='word_1_25' title='bbox 290 1029 331 1091; x_wconf 92' lang='lat' dir='ltr'><strong>de</strong></span> <span class='ocrx_word' id='word_1_26' title='bbox 351 1028 442 1091; x_wconf 83' lang='lat' dir='ltr'><strong>facili</strong></span> <span class='ocrx_word' id='word_1_27' title='bbox 457 1030 612 1093; x_wconf 84' lang='lat' dir='ltr'><strong>extimari</strong></span> <span class='ocrx_word' id='word_1_28' title='bbox 629 1025 713 1109; x_wconf 78' lang='lat' dir='ltr'><strong>[the</strong></span> <span class='ocrx_word' id='word_1_29' title='bbox 730 1027 901 1110; x_wconf 87' lang='lat' dir='ltr'><strong>aestimari]</strong></span> 
     </span>
     <span class='ocr_line' id='line_1_8' title="bbox 120 1127 904 1205; baseline -0.004 -15"><span class='ocrx_word' id='word_1_30' title='bbox 120 1145 177 1190; x_wconf 92' lang='lat' dir='ltr'><strong>uon</strong></span> <span class='ocrx_word' id='word_1_31' title='bbox 197 1129 344 1205; x_wconf 90' lang='lat' dir='ltr'><strong>possunt,</strong></span> <span class='ocrx_word' id='word_1_32' title='bbox 361 1129 394 1190; x_wconf 89' lang='lat' dir='ltr'><strong>et</strong></span> <span class='ocrx_word' id='word_1_33' title='bbox 407 1128 599 1205; x_wconf 90' lang='lat' dir='ltr'><strong>hujusmodi</strong></span> <span class='ocrx_word' id='word_1_34' title='bbox 623 1144 708 1188; x_wconf 92' lang='lat' dir='ltr'><strong>onus</strong></span> <span class='ocrx_word' id='word_1_35' title='bbox 734 1127 904 1204; x_wconf 89' lang='lat' dir='ltr'><strong>imposue-</strong></span> 
     </span>
     <span class='ocr_line' id='line_1_9' title="bbox 119 1224 935 1301; baseline -0.002 -14"><span class='ocrx_word' id='word_1_36' title='bbox 119 1226 287 1287; x_wconf 86' lang='lat' dir='ltr'><strong>rintetiam</strong></span> <span class='ocrx_word' id='word_1_37' title='bbox 306 1225 474 1301; x_wconf 82' lang='lat' dir='ltr'><strong>religiosis</strong></span> <span class='ocrx_word' id='word_1_38' title='bbox 488 1224 652 1297; x_wconf 89' lang='lat' dir='ltr'><strong>omnibus,</strong></span> <span class='ocrx_word' id='word_1_39' title='bbox 670 1225 904 1287; x_wconf 79' lang='lat' dir='ltr'><strong>cisterciensi·</strong></span> <span class='ocrx_word' id='word_1_40' title='bbox 934 1273 935 1276; x_wconf 18' lang='lat'>¹</span> 
     </span>
     <span class='ocr_line' id='line_1_10' title="bbox 119 1323 904 1403; baseline -0.001 -19"><span class='ocrx_word' id='word_1_41' title='bbox 119 1323 183 1397; x_wconf 90' lang='lat' dir='ltr'><strong>bus,</strong></span> <span class='ocrx_word' id='word_1_42' title='bbox 207 1324 415 1400; x_wconf 82' lang='lat' dir='ltr'><strong>Templariis,</strong></span> <span class='ocrx_word' id='word_1_43' title='bbox 431 1323 675 1403; x_wconf 66' lang='lat' dir='ltr'><strong>{Hospitalariis</strong></span> <span class='ocrx_word' id='word_1_44' title='bbox 703 1325 736 1385; x_wconf 91' lang='lat' dir='ltr'><strong>et</strong></span> <span class='ocrx_word' id='word_1_45' title='bbox 761 1323 904 1384; x_wconf 75' lang='grc'><strong>0111111-</strong></span> 
     </span>
     <span class='ocr_line' id='line_1_11' title="bbox 120 1421 902 1499; baseline -0.001 -17"><span class='ocrx_word' id='word_1_46' title='bbox 120 1421 274 1482; x_wconf 90' lang='lat' dir='ltr'><strong>siensibus</strong></span> <span class='ocrx_word' id='word_1_47' title='bbox 290 1421 465 1483; x_wconf 78' lang='lat' dir='ltr'><strong>dumtaxat</strong></span> <span class='ocrx_word' id='word_1_48' title='bbox 481 1422 639 1499; x_wconf 85' lang='lat' dir='ltr'><strong>exceptis,</strong></span> <span class='ocrx_word' id='word_1_49' title='bbox 664 1437 725 1483; x_wconf 91' lang='lat' dir='ltr'><strong>nos</strong></span> <span class='ocrx_word' id='word_1_50' title='bbox 745 1422 902 1484; x_wconf 87' lang='lat' dir='ltr'><strong>statutum</strong></span> 
     </span>
     <span class='ocr_line' id='line_1_12' title="bbox 120 1518 904 1598; baseline 0 -18"><span class='ocrx_word' id='word_1_51' title='bbox 120 1518 310 1596; x_wconf 87' lang='lat' dir='ltr'><strong>hujusmodi,</strong></span> <span class='ocrx_word' id='word_1_52' title='bbox 336 1520 495 1596; x_wconf 91' lang='lat' dir='ltr'><strong>tanquam</strong></span> <span class='ocrx_word' id='word_1_53' title='bbox 518 1519 657 1598; x_wconf 88' lang='lat' dir='ltr'><strong>provide</strong></span> <span class='ocrx_word' id='word_1_54' title='bbox 671 1519 805 1592; x_wconf 87' lang='lat' dir='ltr'><strong>iactum,</strong></span> <span class='ocrx_word' id='word_1_55' title='bbox 823 1535 904 1580; x_wconf 91' lang='lat' dir='ltr'><strong>auc·</strong></span> 
     </span>
     <span class='ocr_line' id='line_1_13' title="bbox 119 1617 903 1694; baseline -0.001 -15"><span class='ocrx_word' id='word_1_56' title='bbox 119 1618 242 1680; x_wconf 85' lang='lat' dir='ltr'><strong>toritate</strong></span> <span class='ocrx_word' id='word_1_57' title='bbox 282 1617 467 1694; x_wconf 89' lang='lat' dir='ltr'><strong>apostolica</strong></span> <span class='ocrx_word' id='word_1_58' title='bbox 507 1617 752 1690; x_wconf 86' lang='lat' dir='ltr'><strong>confirmamus,</strong></span> <span class='ocrx_word' id='word_1_59' title='bbox 785 1617 903 1680; x_wconf 87' lang='lat' dir='ltr'><strong>dantes</strong></span> 
     </span>
     <span class='ocr_line' id='line_1_14' title="bbox 120 1714 904 1792; baseline -0.003 -16"><span class='ocrx_word' id='word_1_60' title='bbox 120 1715 215 1776; x_wconf 87' lang='lat' dir='ltr'><strong>eidem</strong></span> <span class='ocrx_word' id='word_1_61' title='bbox 248 1714 500 1792; x_wconf 87' lang='lat' dir='ltr'><strong>archiepiscopo</strong></span> <span class='ocrx_word' id='word_1_62' title='bbox 531 1714 671 1776; x_wconf 89' lang='lat' dir='ltr'><strong>liberam</strong></span> <span class='ocrx_word' id='word_1_63' title='bbox 705 1715 904 1792; x_wconf 87' lang='lat' dir='ltr'><strong>potestatem</strong></span> 
     </span>
     <span class='ocr_line' id='line_1_15' title="bbox 120 1809 904 1892; baseline 0 -19"><span class='ocrx_word' id='word_1_64' title='bbox 120 1811 369 1874; x_wconf 85' lang='lat' dir='ltr'><strong>contradictores</strong></span> <span class='ocrx_word' id='word_1_65' title='bbox 387 1809 431 1892; x_wconf 92' lang='lat' dir='ltr'><strong>(si</strong></span> <span class='ocrx_word' id='word_1_66' title='bbox 447 1813 503 1890; x_wconf 93' lang='lat' dir='ltr'><strong>qui</strong></span> <span class='ocrx_word' id='word_1_67' title='bbox 518 1811 655 1891; x_wconf 86' lang='lat' dir='ltr'><strong>suerint)</strong></span> <span class='ocrx_word' id='word_1_68' title='bbox 669 1813 711 1874; x_wconf 87' lang='lat' dir='ltr'><strong>ad</strong></span> <span class='ocrx_word' id='word_1_69' title='bbox 724 1813 904 1874; x_wconf 84' lang='lat' dir='ltr'><strong>exsolven-</strong></span> 
     </span>
     <span class='ocr_line' id='line_1_16' title="bbox 120 1909 903 1987; baseline 0 -17"><span class='ocrx_word' id='word_1_70' title='bbox 120 1909 299 1987; x_wconf 86' lang='lat' dir='ltr'><strong>damipsam</strong></span> <span class='ocrx_word' id='word_1_71' title='bbox 310 1910 502 1973; x_wconf 88' lang='lat' dir='ltr'><strong>vicesimam</strong></span> <span class='ocrx_word' id='word_1_72' title='bbox 512 1909 721 1973; x_wconf 90' lang='lat' dir='ltr'><strong>districtione</strong></span> <span class='ocrx_word' id='word_1_73' title='bbox 730 1910 903 1982; x_wconf 88' lang='lat' dir='ltr'><strong>canonica,</strong></span> 
     </span>
     <span class='ocr_line' id='line_1_17' title="bbox 119 2007 907 2085; baseline 0.001 -19"><span class='ocrx_word' id='word_1_74' title='bbox 119 2007 236 2069; x_wconf 91' lang='lat' dir='ltr'><strong>sublato</strong></span> <span class='ocrx_word' id='word_1_75' title='bbox 270 2008 506 2085; x_wconf 88' lang='lat' dir='ltr'><strong>appellationis</strong></span> <span class='ocrx_word' id='word_1_76' title='bbox 540 2007 723 2075; x_wconf 89' lang='lat' dir='ltr'><strong>obstaculo,</strong></span> <span class='ocrx_word' id='word_1_77' title='bbox 758 2007 907 2084; x_wconf 89' lang='lat' dir='ltr'><strong>compel-</strong></span> 
     </span>
     <span class='ocr_line' id='line_1_18' title="bbox 120 2105 907 2183; baseline 0 -17"><span class='ocrx_word' id='word_1_78' title='bbox 120 2105 211 2166; x_wconf 89' lang='lat' dir='ltr'><strong>lendi.</strong></span> <span class='ocrx_word' id='word_1_79' title='bbox 222 2106 367 2183; x_wconf 86' lang='lat' dir='ltr'><strong>Ideoque</strong></span> <span class='ocrx_word' id='word_1_80' title='bbox 376 2105 590 2168; x_wconf 87' lang='lat' dir='ltr'><strong>universitati</strong></span> <span class='ocrx_word' id='word_1_81' title='bbox 603 2106 722 2168; x_wconf 88' lang='lat' dir='ltr'><strong>vestrae</strong></span> <span class='ocrx_word' id='word_1_82' title='bbox 731 2121 791 2182; x_wconf 88' lang='lat' dir='ltr'><strong>per</strong></span> <span class='ocrx_word' id='word_1_83' title='bbox 799 2109 907 2181; x_wconf 84' lang='lat' dir='ltr'><strong>Apos-</strong></span> 
     </span>
     <span class='ocr_line' id='line_1_19' title="bbox 120 2202 907 2280; baseline -0.004 -16"><span class='ocrx_word' id='word_1_84' title='bbox 120 2203 209 2264; x_wconf 87' lang='lat' dir='ltr'><strong>tolica</strong></span> <span class='ocrx_word' id='word_1_85' title='bbox 228 2204 354 2280; x_wconf 86' lang='lat' dir='ltr'><strong>scripta</strong></span> <span class='ocrx_word' id='word_1_86' title='bbox 376 2203 585 2272; x_wconf 88' lang='lat' dir='ltr'><strong>mandamus,</strong></span> <span class='ocrx_word' id='word_1_87' title='bbox 608 2204 770 2280; x_wconf 86' lang='lat' dir='ltr'><strong>quatenus</strong></span> <span class='ocrx_word' id='word_1_88' title='bbox 785 2202 907 2264; x_wconf 89' lang='lat' dir='ltr'><strong>vicesi-</strong></span> 
     </span>
     <span class='ocr_line' id='line_1_20' title="bbox 120 2300 907 2378; baseline 0 -18"><span class='ocrx_word' id='word_1_89' title='bbox 120 2317 196 2360; x_wconf 88' lang='lat' dir='ltr'><strong>mam</strong></span> <span class='ocrx_word' id='word_1_90' title='bbox 224 2302 335 2378; x_wconf 88' lang='lat' dir='ltr'><strong>ipsam</strong></span> <span class='ocrx_word' id='word_1_91' title='bbox 364 2301 546 2364; x_wconf 83' lang='lat' dir='ltr'><strong>exsolvatis</strong></span> <span class='ocrx_word' id='word_1_92' title='bbox 577 2301 626 2362; x_wconf 88' lang='lat' dir='ltr'><strong>ita</strong></span> <span class='ocrx_word' id='word_1_93' title='bbox 661 2300 848 2363; x_wconf 86' lang='lat' dir='ltr'><strong>liberaliter</strong></span> <span class='ocrx_word' id='word_1_94' title='bbox 874 2300 907 2360; x_wconf 91' lang='grc'><strong>11</strong></span> 
     </span>
     <span class='ocr_line' id='line_1_21' title="bbox 120 2397 906 2477; baseline 0.001 -20"><span class='ocrx_word' id='word_1_95' title='bbox 120 2398 260 2471; x_wconf 87' lang='lat' dir='ltr'><strong>libenter,</strong></span> <span class='ocrx_word' id='word_1_96' title='bbox 279 2399 365 2477; x_wconf 93' lang='lat' dir='ltr'><strong>quod</strong></span> <span class='ocrx_word' id='word_1_97' title='bbox 389 2399 429 2460; x_wconf 93' lang='lat' dir='ltr'><strong>ob</strong></span> <span class='ocrx_word' id='word_1_98' title='bbox 451 2400 515 2460; x_wconf 90' lang='lat' dir='ltr'><strong>boc</strong></span> <span class='ocrx_word' id='word_1_99' title='bbox 541 2399 684 2476; x_wconf 90' lang='lat' dir='ltr'><strong>alicujus</strong></span> <span class='ocrx_word' id='word_1_100' title='bbox 699 2397 906 2460; x_wconf 82' lang='lat' dir='ltr'><strong>difficultatis</strong></span> 
     </span>
     <span class='ocr_line' id='line_1_22' title="bbox 120 2497 906 2574; baseline 0 -18"><span class='ocrx_word' id='word_1_101' title='bbox 120 2497 288 2558; x_wconf 87' lang='lat' dir='ltr'><strong>articulum</strong></span> <span class='ocrx_word' id='word_1_102' title='bbox 316 2499 491 2558; x_wconf 89' lang='lat' dir='ltr'><strong>incurrere</strong></span> <span class='ocrx_word' id='word_1_103' title='bbox 516 2512 583 2558; x_wconf 94' lang='lat' dir='ltr'><strong>non</strong></span> <span class='ocrx_word' id='word_1_104' title='bbox 613 2497 760 2574; x_wconf 91' lang='lat' dir='ltr'><strong>possitis.</strong></span> <span class='ocrx_word' id='word_1_105' title='bbox 788 2499 906 2558; x_wconf 88' lang='lat' dir='ltr'><strong>Datum</strong></span> 
     </span>
     <span class='ocr_line' id='line_1_23' title="bbox 120 2594 905 2673; baseline 0 -18"><span class='ocrx_word' id='word_1_106' title='bbox 120 2594 276 2667; x_wconf 89' lang='lat' dir='ltr'><strong>Laterani,</strong></span> <span class='ocrx_word' id='word_1_107' title='bbox 294 2597 386 2656; x_wconf 85' lang='lat' dir='ltr'>XVII</span> <span class='ocrx_word' id='word_1_108' title='bbox 401 2594 535 2656; x_wconf 90' lang='lat' dir='ltr'><strong>kalend.</strong></span> <span class='ocrx_word' id='word_1_109' title='bbox 554 2594 750 2667; x_wconf 70' lang='lat' dir='ltr'><strong>decembris</strong></span> <span class='ocrx_word' id='word_1_110' title='bbox 765 2595 905 2673; x_wconf 86' lang='lat' dir='ltr'><strong>pontid·</strong></span> 
     </span>
     <span class='ocr_line' id='line_1_24' title="bbox 120 2693 558 2756; baseline 0.007 -4"><span class='ocrx_word' id='word_1_111' title='bbox 120 2695 205 2754; x_wconf 88' lang='lat' dir='ltr'><strong>catus</strong></span> <span class='ocrx_word' id='word_1_112' title='bbox 219 2693 329 2754; x_wconf 89' lang='lat' dir='ltr'><strong>nostri</strong></span> <span class='ocrx_word' id='word_1_113' title='bbox 344 2709 432 2754; x_wconf 91' lang='lat' dir='ltr'><strong>anno</strong></span> <span class='ocrx_word' id='word_1_114' title='bbox 452 2694 558 2756; x_wconf 80' lang='lat' dir='ltr'><strong>sexto,</strong></span> 
     </span>
    </p>

    <p class='ocr_par' dir='ltr' id='par_1_3' title="bbox 118 2791 945 4638">
     <span class='ocr_line' id='line_1_25' title="bbox 152 2791 906 2866; baseline -0.003 -14"><span class='ocrx_word' id='word_1_115' title='bbox 152 2793 193 2852; x_wconf 82' lang='lat' dir='ltr'><strong>In</strong></span> <span class='ocrx_word' id='word_1_116' title='bbox 221 2795 382 2852; x_wconf 83' lang='lat' dir='ltr'><strong>cumdem</strong></span> <span class='ocrx_word' id='word_1_117' title='bbox 407 2793 482 2865; x_wconf 84' lang='lat' dir='ltr'><strong>scre</strong></span> <span class='ocrx_word' id='word_1_118' title='bbox 507 2793 647 2852; x_wconf 73' lang='lat' dir='ltr'><strong>ronedum</strong></span> <span class='ocrx_word' id='word_1_119' title='bbox 665 2791 833 2866; x_wconf 72' lang='lat' dir='ltr'><strong>scriptum</strong></span> <span class='ocrx_word' id='word_1_120' title='bbox 855 2791 906 2852; x_wconf 85' lang='lat' dir='ltr'><strong>ast</strong></span> 
     </span>
     <span class='ocr_line' id='line_1_26' title="bbox 119 2888 906 2964; baseline 0 -15"><span class='ocrx_word' id='word_1_121' title='bbox 119 2903 215 2964; x_wconf 80' lang='lat' dir='ltr'><strong>super</strong></span> <span class='ocrx_word' id='word_1_122' title='bbox 229 2892 295 2952; x_wconf 81' lang='lat' dir='ltr'><strong>boc</strong></span> <span class='ocrx_word' id='word_1_123' title='bbox 309 2892 437 2950; x_wconf 81' lang='lat' dir='ltr'><strong>eisdem</strong></span> <span class='ocrx_word' id='word_1_124' title='bbox 451 2889 613 2950; x_wconf 81' lang='lat' dir='ltr'><strong>Remcost</strong></span> <span class='ocrx_word' id='word_1_125' title='bbox 627 2889 661 2950; x_wconf 88' lang='lat' dir='ltr'><strong>ct</strong></span> <span class='ocrx_word' id='word_1_126' title='bbox 674 2888 906 2964; x_wconf 76' lang='lat' dir='ltr'><strong>srtffroponcts</strong></span> 
     </span>
     <span class='ocr_line' id='line_1_27' title="bbox 120 2984 905 3062; baseline 0.004 -17"><span class='ocrx_word' id='word_1_127' title='bbox 120 2987 294 3058; x_wconf 67' lang='grc'><strong>11110111]</strong></span> <span class='ocrx_word' id='word_1_128' title='bbox 316 2987 514 3048; x_wconf 87' lang='lat' dir='ltr'><strong>auctoritate</strong></span> <span class='ocrx_word' id='word_1_129' title='bbox 537 2984 686 3046; x_wconf 86' lang='lat' dir='ltr'><strong>mandati</strong></span> <span class='ocrx_word' id='word_1_130' title='bbox 706 2985 905 3062; x_wconf 75' lang='lat' dir='ltr'><strong>nostrique</strong></span> 
     </span>
     <span class='ocr_line' id='line_1_28' title="bbox 121 3081 908 3160; baseline 0.003 -18"><span class='ocrx_word' id='word_1_131' title='bbox 121 3081 182 3154; x_wconf 90' lang='lat' dir='ltr'><strong>tibi,</strong></span> <span class='ocrx_word' id='word_1_132' title='bbox 194 3082 302 3145; x_wconf 83' lang='lat' dir='ltr'><strong>frater</strong></span> <span class='ocrx_word' id='word_1_133' title='bbox 318 3083 579 3160; x_wconf 85' lang='lat' dir='ltr'><strong>archiepiscope,</strong></span> <span class='ocrx_word' id='word_1_134' title='bbox 598 3081 748 3144; x_wconf 87' lang='lat' dir='ltr'><strong>dedimus</strong></span> <span class='ocrx_word' id='word_1_135' title='bbox 760 3081 908 3159; x_wconf 91' lang='lat' dir='ltr'><strong>potesta-</strong></span> 
     </span>
     <span class='ocr_line' id='line_1_29' title="bbox 122 3180 908 3257; baseline 0 -16"><span class='ocrx_word' id='word_1_136' title='bbox 122 3181 177 3241; x_wconf 90' lang='lat' dir='ltr'><strong>tem</strong></span> <span class='ocrx_word' id='word_1_137' title='bbox 190 3180 337 3244; x_wconf 80' lang='lat' dir='ltr'><strong>faciendi</strong></span> <span class='ocrx_word' id='word_1_138' title='bbox 360 3181 396 3241; x_wconf 91' lang='lat' dir='ltr'><strong>in</strong></span> <span class='ocrx_word' id='word_1_139' title='bbox 418 3182 477 3245; x_wconf 90' lang='lat' dir='ltr'><strong>tua</strong></span> <span class='ocrx_word' id='word_1_140' title='bbox 500 3183 534 3242; x_wconf 92' lang='lat' dir='ltr'><strong>et</strong></span> <span class='ocrx_word' id='word_1_141' title='bbox 548 3181 808 3256; x_wconf 88' lang='lat' dir='ltr'><strong>Rothomagensi</strong></span> <span class='ocrx_word' id='word_1_142' title='bbox 828 3195 908 3257; x_wconf 92' lang='lat' dir='ltr'><strong>pro-</strong></span> 
     </span>
     <span class='ocr_line' id='line_1_30' title="bbox 120 3277 908 3355; baseline 0 -15"><span class='ocrx_word' id='word_1_143' title='bbox 120 3278 240 3353; x_wconf 88' lang='lat' dir='ltr'><strong>vinciis,</strong></span> <span class='ocrx_word' id='word_1_144' title='bbox 263 3277 386 3342; x_wconf 88' lang='lat' dir='ltr'><strong>tamin</strong></span> <span class='ocrx_word' id='word_1_145' title='bbox 403 3278 634 3355; x_wconf 81' lang='lat' dir='ltr'><strong>indulgentiis,</strong></span> <span class='ocrx_word' id='word_1_146' title='bbox 656 3278 732 3347; x_wconf 72' lang='lat' dir='ltr'><strong>eto„</strong></span> <span class='ocrx_word' id='word_1_147' title='bbox 746 3279 784 3340; x_wconf 80' lang='lat' dir='ltr'><strong>ut</strong></span> <span class='ocrx_word' id='word_1_148' title='bbox 798 3293 908 3352; x_wconf 83' lang='lat' dir='ltr'><strong>supra</strong></span> 
     </span>
     <span class='ocr_line' id='line_1_31' title="bbox 120 3376 906 3455; baseline 0 -19"><span class='ocrx_word' id='word_1_149' title='bbox 120 3391 214 3451; x_wconf 74' lang='grc'><strong>13111</strong></span> <span class='ocrx_word' id='word_1_150' title='bbox 228 3377 369 3455; x_wconf 91' lang='lat' dir='ltr'><strong>provide</strong></span> <span class='ocrx_word' id='word_1_151' title='bbox 391 3376 527 3449; x_wconf 85' lang='lat' dir='ltr'><strong>lactum,</strong></span> <span class='ocrx_word' id='word_1_152' title='bbox 552 3376 750 3438; x_wconf 88' lang='lat' dir='ltr'><strong>auctoritate</strong></span> <span class='ocrx_word' id='word_1_153' title='bbox 766 3379 906 3453; x_wconf 91' lang='lat' dir='ltr'><strong>aposto-</strong></span> 
     </span>
     <span class='ocr_line' id='line_1_32' title="bbox 119 3472 909 3552; baseline 0 -18"><span class='ocrx_word' id='word_1_154' title='bbox 119 3472 176 3536; x_wconf 90' lang='lat' dir='ltr'><strong>lica</strong></span> <span class='ocrx_word' id='word_1_155' title='bbox 196 3477 444 3546; x_wconf 75' lang='lat' dir='ltr'><strong>confirmamus</strong></span> <span class='ocrx_word' id='word_1_156' title='bbox 466 3476 499 3536; x_wconf 90' lang='lat' dir='ltr'><strong>et</strong></span> <span class='ocrx_word' id='word_1_157' title='bbox 521 3475 680 3551; x_wconf 82' lang='lat' dir='ltr'><strong>praesenti</strong></span> <span class='ocrx_word' id='word_1_158' title='bbox 704 3473 820 3552; x_wconf 90' lang='lat' dir='ltr'><strong>scripti</strong></span> <span class='ocrx_word' id='word_1_159' title='bbox 847 3489 909 3551; x_wconf 91' lang='lat' dir='ltr'><strong>pa-</strong></span> 
     </span>
     <span class='ocr_line' id='line_1_33' title="bbox 120 3571 907 3648; baseline 0 -16"><span class='ocrx_word' id='word_1_160' title='bbox 120 3571 253 3636; x_wconf 90' lang='lat' dir='ltr'><strong>trocinio</strong></span> <span class='ocrx_word' id='word_1_161' title='bbox 281 3573 540 3645; x_wconf 89' lang='lat' dir='ltr'><strong>communimus,</strong></span> <span class='ocrx_word' id='word_1_162' title='bbox 578 3572 672 3634; x_wconf 89' lang='lat' dir='ltr'><strong>salvo</strong></span> <span class='ocrx_word' id='word_1_163' title='bbox 707 3572 907 3648; x_wconf 75' lang='lat' dir='ltr'><strong>apostoncae</strong></span> 
     </span>
     <span class='ocr_line' id='line_1_34' title="bbox 122 3668 907 3744; baseline 0.001 -16"><span class='ocrx_word' id='word_1_164' title='bbox 122 3669 207 3730; x_wconf 88' lang='lat' dir='ltr'><strong>Sedis</strong></span> <span class='ocrx_word' id='word_1_165' title='bbox 234 3669 404 3744; x_wconf 87' lang='lat' dir='ltr'><strong>mandato,</strong></span> <span class='ocrx_word' id='word_1_166' title='bbox 432 3670 550 3732; x_wconf 90' lang='lat' dir='ltr'><strong>dautes</strong></span> <span class='ocrx_word' id='word_1_167' title='bbox 578 3668 639 3732; x_wconf 89' lang='lat' dir='ltr'><strong>tibi</strong></span> <span class='ocrx_word' id='word_1_168' title='bbox 663 3669 768 3730; x_wconf 81' lang='lat' dir='ltr'><strong>irater</strong></span> <span class='ocrx_word' id='word_1_169' title='bbox 790 3668 907 3730; x_wconf 88' lang='lat' dir='ltr'><strong>archi-</strong></span> 
     </span>
     <span class='ocr_line' id='line_1_35' title="bbox 118 3766 906 3845; baseline -0.003 -17"><span class='ocrx_word' id='word_1_170' title='bbox 118 3767 279 3845; x_wconf 88' lang='lat' dir='ltr'><strong>episcope,</strong></span> <span class='ocrx_word' id='word_1_171' title='bbox 303 3768 443 3830; x_wconf 88' lang='lat' dir='ltr'><strong>liberam</strong></span> <span class='ocrx_word' id='word_1_172' title='bbox 458 3767 654 3845; x_wconf 88' lang='lat' dir='ltr'><strong>potestatem</strong></span> <span class='ocrx_word' id='word_1_173' title='bbox 675 3766 906 3830; x_wconf 89' lang='lat' dir='ltr'><strong>contradicto-</strong></span> 
     </span>
     <span class='ocr_line' id='line_1_36' title="bbox 120 3865 908 3944; baseline 0 -20"><span class='ocrx_word' id='word_1_174' title='bbox 120 3878 178 3937; x_wconf 93' lang='lat' dir='ltr'><strong>res,</strong></span> <span class='ocrx_word' id='word_1_175' title='bbox 203 3867 310 3944; x_wconf 90' lang='lat' dir='ltr'><strong>siqui</strong></span> <span class='ocrx_word' id='word_1_176' title='bbox 334 3865 468 3937; x_wconf 88' lang='lat' dir='ltr'><strong>luerint,</strong></span> <span class='ocrx_word' id='word_1_177' title='bbox 492 3867 569 3938; x_wconf 82' lang='lat' dir='ltr'><strong>etc,</strong></span> <span class='ocrx_word' id='word_1_178' title='bbox 595 3866 634 3926; x_wconf 84' lang='lat' dir='ltr'><strong>nt</strong></span> <span class='ocrx_word' id='word_1_179' title='bbox 662 3879 772 3940; x_wconf 80' lang='lat' dir='ltr'><strong>supro</strong></span> <span class='ocrx_word' id='word_1_180' title='bbox 797 3878 908 3938; x_wconf 74' lang='lat' dir='ltr'><strong>aesque</strong></span> 
     </span>
     <span class='ocr_line' id='line_1_37' title="bbox 120 3960 908 4052; baseline -0.005 -29"><span class='ocrx_word' id='word_1_181' title='bbox 120 3964 343 4040; x_wconf 91' lang='lat' dir='ltr'><strong>compellendi.</strong></span> <span class='ocrx_word' id='word_1_182' title='bbox 372 3961 574 4026; x_wconf 80' lang='lat' dir='ltr'><strong>Absolvendi</strong></span> <span class='ocrx_word' id='word_1_183' title='bbox 599 3962 700 4052; x_wconf 78' lang='lat' dir='ltr'><strong>etiam</strong></span> <span class='ocrx_word' id='word_1_184' title='bbox 716 3962 815 4038; x_wconf 81' lang='lat' dir='ltr'><strong>jnxta</strong></span> <span class='ocrx_word' id='word_1_185' title='bbox 837 3960 908 4021; x_wconf 84' lang='lat' dir='ltr'><strong>lor-</strong></span> 
     </span>
     <span class='ocr_line' id='line_1_38' title="bbox 120 4058 945 4138; baseline -0.002 -18"><span class='ocrx_word' id='word_1_186' title='bbox 120 4058 909 4138; x_wconf 87' lang='lat' dir='ltr'><strong>namecclesiae,tuaelegatiouisincendiarioset</strong></span> <span class='ocrx_word' id='word_1_187' title='bbox 942 4071 945 4076; x_wconf 77' lang='grc'><em>’</em></span> 
     </span>
     <span class='ocr_line' id='line_1_39' title="bbox 120 4157 909 4236; baseline -0.003 -19"><span class='ocrx_word' id='word_1_188' title='bbox 120 4157 335 4221; x_wconf 91' lang='lat' dir='ltr'><strong>violentarum</strong></span> <span class='ocrx_word' id='word_1_189' title='bbox 350 4177 506 4221; x_wconf 91' lang='lat' dir='ltr'><strong>manuum</strong></span> <span class='ocrx_word' id='word_1_190' title='bbox 526 4160 715 4236; x_wconf 87' lang='lat' dir='ltr'><strong>injectores,</strong></span> <span class='ocrx_word' id='word_1_191' title='bbox 737 4158 773 4219; x_wconf 89' lang='lat' dir='ltr'><strong>ut</strong></span> <span class='ocrx_word' id='word_1_192' title='bbox 788 4157 836 4218; x_wconf 88' lang='lat' dir='ltr'><strong>sic</strong></span> <span class='ocrx_word' id='word_1_193' title='bbox 851 4171 909 4216; x_wconf 91' lang='lat' dir='ltr'><strong>eos</strong></span> 
     </span>
     <span class='ocr_line' id='line_1_40' title="bbox 120 4253 909 4331; baseline -0.003 -15"><span class='ocrx_word' id='word_1_194' title='bbox 120 4253 282 4319; x_wconf 86' lang='grc'><strong>1111010113</strong></span> <span class='ocrx_word' id='word_1_195' title='bbox 310 4257 467 4319; x_wconf 90' lang='lat' dir='ltr'><strong>inducere</strong></span> <span class='ocrx_word' id='word_1_196' title='bbox 488 4257 603 4319; x_wconf 88' lang='lat' dir='ltr'><strong>valeas</strong></span> <span class='ocrx_word' id='word_1_197' title='bbox 631 4255 674 4317; x_wconf 89' lang='lat' dir='ltr'><strong>ad</strong></span> <span class='ocrx_word' id='word_1_198' title='bbox 691 4255 816 4331; x_wconf 86' lang='lat' dir='ltr'><strong>negotii</strong></span> <span class='ocrx_word' id='word_1_199' title='bbox 837 4270 909 4315; x_wconf 90' lang='lat' dir='ltr'><strong>me-</strong></span> 
     </span>
     <span class='ocr_line' id='line_1_41' title="bbox 119 4351 911 4428; baseline -0.003 -16"><span class='ocrx_word' id='word_1_200' title='bbox 119 4356 231 4417; x_wconf 87' lang='lat' dir='ltr'><strong>morati</strong></span> <span class='ocrx_word' id='word_1_201' title='bbox 248 4371 455 4428; x_wconf 91' lang='lat' dir='ltr'><strong>succursum,</strong></span> <span class='ocrx_word' id='word_1_202' title='bbox 475 4354 536 4416; x_wconf 90' lang='lat' dir='ltr'><strong>tibi</strong></span> <span class='ocrx_word' id='word_1_203' title='bbox 555 4353 746 4417; x_wconf 78' lang='lat' dir='ltr'><strong>facultatem</strong></span> <span class='ocrx_word' id='word_1_204' title='bbox 761 4351 911 4413; x_wconf 88' lang='lat' dir='ltr'><strong>auctori-</strong></span> 
     </span>
     <span class='ocr_line' id='line_1_42' title="bbox 118 4449 909 4530; baseline -0.003 -19"><span class='ocrx_word' id='word_1_205' title='bbox 118 4449 180 4512; x_wconf 85' lang='lat' dir='ltr'><strong>tate</strong></span> <span class='ocrx_word' id='word_1_206' title='bbox 213 4453 430 4530; x_wconf 89' lang='lat' dir='ltr'><strong>praesentium</strong></span> <span class='ocrx_word' id='word_1_207' title='bbox 457 4452 680 4528; x_wconf 87' lang='lat' dir='ltr'><strong>indulgemus.</strong></span> <span class='ocrx_word' id='word_1_208' title='bbox 718 4450 837 4514; x_wconf 86' lang='lat' dir='ltr'><strong>Datum</strong></span> <span class='ocrx_word' id='word_1_209' title='bbox 870 4449 909 4510; x_wconf 82' lang='lat' dir='ltr'><strong>ot</strong></span> 
     </span>
     <span class='ocr_line' id='line_1_43' title="bbox 118 4560 533 4638; baseline 0.007 -31"><span class='ocrx_word' id='word_1_210' title='bbox 118 4560 231 4623; x_wconf 73' lang='lat' dir='ltr'><strong>mora.</strong></span> <span class='ocrx_word' id='word_1_211' title='bbox 279 4607 296 4638; x_wconf 31' lang='grc' dir='ltr'>ἱ</span> <span class='ocrx_word' id='word_1_212' title='bbox 531 4569 533 4573; x_wconf 94' lang='grc'><em>·</em></span> 
     </span>
    </p>
   </div>
   <div class='ocr_carea' id='block_1_3' title="bbox 153 4859 864 5019">
    <p class='ocr_par' dir='ltr' id='par_1_4' title="bbox 153 4859 864 5019">
     <span class='ocr_line' id='line_1_44' title="bbox 153 4859 864 4936; baseline -0.003 -16"><span class='ocrx_word' id='word_1_213' title='bbox 153 4859 204 4920; x_wconf 80' lang='lat' dir='ltr'><strong>Act</strong></span> <span class='ocrx_word' id='word_1_214' title='bbox 235 4860 490 4936; x_wconf 65' lang='lat' dir='ltr'><strong>margaretam,</strong></span> <span class='ocrx_word' id='word_1_215' title='bbox 515 4863 663 4924; x_wconf 80' lang='lat' dir='ltr'><strong>Joonnoe</strong></span> <span class='ocrx_word' id='word_1_216' title='bbox 686 4859 864 4920; x_wconf 73' lang='lat' dir='ltr'><strong>Ftcadricc</strong></span> 
     </span>
     <span class='ocr_line' id='line_1_45' title="bbox 322 4957 700 5019; baseline -0.005 -1"><span class='ocrx_word' id='word_1_217' title='bbox 322 4957 509 5019; x_wconf 69' lang='lat' dir='ltr'><strong>comitissae</strong></span> <span class='ocrx_word' id='word_1_218' title='bbox 531 4971 700 5019; x_wconf 81' lang='lat' dir='ltr'><strong>sororem.</strong></span> 
     </span>
    </p>
   </div>
   <div class='ocr_carea' id='block_1_4' title="bbox 254 5077 771 5258">
    <p class='ocr_par' dir='ltr' id='par_1_5' title="bbox 254 5077 771 5258">
     <span class='ocr_line' id='line_1_46' title="bbox 360 5077 665 5137; baseline 0.003 -2"><span class='ocrx_word' id='word_1_219' title='bbox 360 5079 393 5136; x_wconf 89' lang='grc'><strong>16</strong></span> <span class='ocrx_word' id='word_1_220' title='bbox 406 5079 570 5137; x_wconf 87' lang='lat' dir='ltr'><strong>novembris</strong></span> <span class='ocrx_word' id='word_1_221' title='bbox 586 5077 665 5136; x_wconf 78' lang='lat' dir='ltr'><strong>lati.</strong></span> 
     </span>
     <span class='ocr_line' id='line_1_47' title="bbox 254 5191 771 5258; baseline -0.006 -13"><span class='ocrx_word' id='word_1_222' title='bbox 254 5193 392 5258; x_wconf 70' lang='lat' dir='ltr'><strong>[Bcuquet</strong></span> <span class='ocrx_word' id='word_1_223' title='bbox 403 5195 461 5247; x_wconf 86' lang='lat' dir='ltr'><strong>Rec.</strong></span> <span class='ocrx_word' id='word_1_224' title='bbox 475 5193 604 5253; x_wconf 81' lang='lat' dir='ltr'><strong>desiliet,</strong></span> <span class='ocrx_word' id='word_1_225' title='bbox 619 5193 687 5252; x_wconf 81' lang='lat' dir='ltr'><strong>XIX,</strong></span> <span class='ocrx_word' id='word_1_226' title='bbox 703 5191 771 5258; x_wconf 78' lang='grc'><strong>711]</strong></span> 
     </span>
    </p>
   </div>
   <div class='ocr_carea' id='block_1_5' title="bbox 120 5307 911 5633">
    <p class='ocr_par' dir='ltr' id='par_1_6' title="bbox 120 5307 911 5633">
     <span class='ocr_line' id='line_1_48' title="bbox 120 5307 909 5382; baseline 0 -18"><span class='ocrx_word' id='word_1_227' title='bbox 120 5307 328 5382; x_wconf 87' lang='lat' dir='ltr'><strong>biargaretam,</strong></span> <span class='ocrx_word' id='word_1_228' title='bbox 356 5308 391 5367; x_wconf 90' lang='lat' dir='ltr'><strong>ab</strong></span> <span class='ocrx_word' id='word_1_229' title='bbox 415 5309 712 5367; x_wconf 79' lang='lat' dir='ltr'><strong>excommunicatione</strong></span> <span class='ocrx_word' id='word_1_230' title='bbox 733 5307 909 5376; x_wconf 87' lang='lat' dir='ltr'><strong>absolutam,</strong></span> 
     </span>
     <span class='ocr_line' id='line_1_49' title="bbox 152 5395 911 5471; baseline -0.003 -19"><span class='ocrx_word' id='word_1_231' title='bbox 152 5405 248 5454; x_wconf 88' lang='lat' dir='ltr'><strong>mouet</strong></span> <span class='ocrx_word' id='word_1_232' title='bbox 261 5398 404 5455; x_wconf 88' lang='lat' dir='ltr'><strong>llouorius</strong></span> <span class='ocrx_word' id='word_1_233' title='bbox 422 5403 463 5467; x_wconf 90' lang='lat' dir='ltr'><strong>ut,</strong></span> <span class='ocrx_word' id='word_1_234' title='bbox 482 5396 635 5471; x_wconf 84' lang='lat' dir='ltr'><strong>prudenter</strong></span> <span class='ocrx_word' id='word_1_235' title='bbox 649 5397 784 5468; x_wconf 85' lang='lat' dir='ltr'><strong>deinceps</strong></span> <span class='ocrx_word' id='word_1_236' title='bbox 805 5395 911 5452; x_wconf 88' lang='lat' dir='ltr'><strong>sororis</strong></span> 
     </span>
     <span class='ocr_line' id='line_1_50' title="bbox 152 5481 909 5558; baseline -0.001 -17"><span class='ocrx_word' id='word_1_237' title='bbox 152 5499 210 5542; x_wconf 74' lang='lat' dir='ltr'><strong>suae</strong></span> <span class='ocrx_word' id='word_1_238' title='bbox 233 5485 361 5543; x_wconf 90' lang='lat' dir='ltr'><strong>consiliis</strong></span> <span class='ocrx_word' id='word_1_239' title='bbox 384 5488 581 5558; x_wconf 84' lang='lat' dir='ltr'><strong>acquiescens,</strong></span> <span class='ocrx_word' id='word_1_240' title='bbox 602 5483 781 5543; x_wconf 87' lang='lat' dir='ltr'><strong>laudabiliter</strong></span> <span class='ocrx_word' id='word_1_241' title='bbox 803 5499 838 5541; x_wconf 91' lang='lat' dir='ltr'><strong>ac</strong></span> <span class='ocrx_word' id='word_1_242' title='bbox 856 5481 909 5540; x_wconf 91' lang='lat' dir='ltr'><strong>ho·</strong></span> 
     </span>
     <span class='ocr_line' id='line_1_51' title="bbox 152 5573 409 5633; baseline 0.019 -5"><span class='ocrx_word' id='word_1_243' title='bbox 152 5581 233 5632; x_wconf 84' lang='lat' dir='ltr'><strong>nesto</strong></span> <span class='ocrx_word' id='word_1_244' title='bbox 247 5589 282 5631; x_wconf 87' lang='lat' dir='ltr'><strong>se</strong></span> <span class='ocrx_word' id='word_1_245' title='bbox 295 5573 409 5633; x_wconf 87' lang='lat' dir='ltr'><strong>babeat.</strong></span> 
     </span>
    </p>
   </div>
   <div class='ocr_carea' id='block_1_6' title="bbox 158 5690 909 5768">
    <p class='ocr_par' dir='ltr' id='par_1_7' title="bbox 158 5690 909 5768">
     <span class='ocr_line' id='line_1_52' title="bbox 158 5690 909 5768; baseline 0.001 -18"><span class='ocrx_word' id='word_1_246' title='bbox 158 5690 324 5753; x_wconf 86' lang='lat' dir='ltr'><strong>Honorius</strong></span> <span class='ocrx_word' id='word_1_247' title='bbox 335 5691 522 5768; x_wconf 90' lang='lat' dir='ltr'><strong>episcopus,</strong></span> <span class='ocrx_word' id='word_1_248' title='bbox 533 5707 649 5754; x_wconf 92' lang='lat' dir='ltr'><strong>servus</strong></span> <span class='ocrx_word' id='word_1_249' title='bbox 660 5691 909 5761; x_wconf 84' lang='lat' dir='ltr'><strong>servorumbei,</strong></span> 
     </span>
    </p>
   </div>
   <div class='ocr_carea' id='block_1_7' title="bbox 721 379 948 443">
    <p class='ocr_par' dir='ltr' id='par_1_8' title="bbox 721 379 948 443">
     <span class='ocr_line' id='line_1_53' title="bbox 721 379 948 443; baseline -0.009 -1"><span class='ocrx_word' id='word_1_250' title='bbox 721 379 948 443; x_wconf 80' lang='lat' dir='ltr'><strong>EPISTOLAE.</strong></span> 
     </span>
    </p>
   </div>
   <div class='ocr_carea' id='block_1_8' title="bbox 964 381 1752 478">
    <p class='ocr_par' dir='ltr' id='par_1_9' title="bbox 964 381 1752 478">
     <span class='ocr_line' id='line_1_54' title="bbox 964 381 1752 478; baseline 0.008 -37"><span class='ocrx_word' id='word_1_251' title='bbox 964 381 1050 444; x_wconf 66' lang='lat' dir='ltr'><strong>‚nin</strong></span> <span class='ocrx_word' id='word_1_252' title='bbox 1072 381 1128 446; x_wconf 84' lang='lat' dir='ltr'><strong>vv.</strong></span> <span class='ocrx_word' id='word_1_253' title='bbox 1650 439 1652 444; x_wconf 77' lang='grc'>,</span> <span class='ocrx_word' id='word_1_254' title='bbox 1705 386 1752 478; x_wconf 16' lang='lat' dir='ltr'><strong>*aa</strong></span> 
     </span>
    </p>
   </div>
   <div class='ocr_carea' id='block_1_9' title="bbox 957 529 1828 3157">
    <p class='ocr_par' dir='ltr' id='par_1_10' title="bbox 957 529 1828 3157">
     <span class='ocr_line' id='line_1_55' title="bbox 957 529 1753 619; baseline 0.008 -17"><span class='ocrx_word' id='word_1_255' title='bbox 957 540 1062 604; x_wconf 93' lang='lat' dir='ltr'><strong>nobili</strong></span> <span class='ocrx_word' id='word_1_256' title='bbox 1090 541 1225 603; x_wconf 88' lang='lat' dir='ltr'><strong>mulieri</strong></span> <span class='ocrx_word' id='word_1_257' title='bbox 1252 529 1297 604; x_wconf 86' lang='lat' dir='ltr'><strong>M.</strong></span> <span class='ocrx_word' id='word_1_258' title='bbox 1322 556 1493 619; x_wconf 69' lang='lat' dir='ltr'><strong>germanae</strong></span> <span class='ocrx_word' id='word_1_259' title='bbox 1515 545 1546 610; x_wconf 82' lang='lat' dir='ltr'><strong>J.</strong></span> <span class='ocrx_word' id='word_1_260' title='bbox 1575 544 1753 608; x_wconf 85' lang='lat' dir='ltr'><strong>comitissae</strong></span> 
     </span>
     <span class='ocr_line' id='line_1_56' title="bbox 957 638 1828 716; baseline 0.005 -16"><span class='ocrx_word' id='word_1_261' title='bbox 957 638 1184 712; x_wconf 75' lang='lat' dir='ltr'><strong>Flandrensis,</strong></span> <span class='ocrx_word' id='word_1_262' title='bbox 1202 639 1355 716; x_wconf 88' lang='lat' dir='ltr'><strong>spiritum</strong></span> <span class='ocrx_word' id='word_1_263' title='bbox 1372 640 1505 701; x_wconf 90' lang='lat' dir='ltr'><strong>consilii</strong></span> <span class='ocrx_word' id='word_1_264' title='bbox 1521 643 1678 703; x_wconf 86' lang='lat' dir='ltr'><strong>sanioris.</strong></span> <span class='ocrx_word' id='word_1_265' title='bbox 1824 709 1828 714; x_wconf 70' lang='grc'><strong>,</strong></span> 
     </span>
     <span class='ocr_line' id='line_1_57' title="bbox 977 736 1754 816; baseline 0.006 -19"><span class='ocrx_word' id='word_1_266' title='bbox 977 739 980 757; x_wconf 86' lang='grc'><em>·</em></span> <span class='ocrx_word' id='word_1_267' title='bbox 998 737 1089 810; x_wconf 90' lang='lat' dir='ltr'><strong>Quod</strong></span> <span class='ocrx_word' id='word_1_268' title='bbox 1103 737 1166 799; x_wconf 86' lang='lat' dir='ltr'><strong>tibi</strong></span> <span class='ocrx_word' id='word_1_269' title='bbox 1181 736 1391 799; x_wconf 90' lang='lat' dir='ltr'><strong>salutationis</strong></span> <span class='ocrx_word' id='word_1_270' title='bbox 1407 737 1590 815; x_wconf 85' lang='lat' dir='ltr'><strong>alloquium</strong></span> <span class='ocrx_word' id='word_1_271' title='bbox 1606 739 1754 816; x_wconf 82' lang='lat' dir='ltr'><strong>denega-</strong></span> 
     </span>
     <span class='ocr_line' id='line_1_58' title="bbox 957 834 1754 914; baseline 0.008 -20"><span class='ocrx_word' id='word_1_272' title='bbox 957 851 1042 906; x_wconf 77' lang='lat' dir='ltr'><strong>muS,</strong></span> <span class='ocrx_word' id='word_1_273' title='bbox 1064 849 1131 910; x_wconf 81' lang='lat' dir='ltr'><strong>uon</strong></span> <span class='ocrx_word' id='word_1_274' title='bbox 1149 851 1191 896; x_wconf 80' lang='lat' dir='ltr'><strong>ex</strong></span> <span class='ocrx_word' id='word_1_275' title='bbox 1213 834 1280 895; x_wconf 89' lang='lat' dir='ltr'><strong>alia</strong></span> <span class='ocrx_word' id='word_1_276' title='bbox 1295 850 1396 896; x_wconf 87' lang='lat' dir='ltr'><strong>causa</strong></span> <span class='ocrx_word' id='word_1_277' title='bbox 1418 835 1578 912; x_wconf 89' lang='lat' dir='ltr'><strong>procedit,</strong></span> <span class='ocrx_word' id='word_1_278' title='bbox 1596 837 1662 897; x_wconf 91' lang='lat' dir='ltr'><strong>nisi</strong></span> <span class='ocrx_word' id='word_1_279' title='bbox 1675 837 1754 914; x_wconf 89' lang='lat' dir='ltr'><strong>quia</strong></span> 
     </span>
     <span class='ocr_line' id='line_1_59' title="bbox 958 919 1752 1008; baseline 0.005 -16"><span class='ocrx_word' id='word_1_280' title='bbox 958 925 1137 1008; x_wconf 81' lang='lat' dir='ltr'><strong>numquam</strong></span> <span class='ocrx_word' id='word_1_281' title='bbox 1154 931 1302 993; x_wconf 88' lang='lat' dir='ltr'><strong>salutare</strong></span> <span class='ocrx_word' id='word_1_282' title='bbox 1318 935 1551 996; x_wconf 88' lang='lat' dir='ltr'><strong>consuevimus</strong></span> <span class='ocrx_word' id='word_1_283' title='bbox 1563 919 1752 998; x_wconf 83' lang='lat' dir='ltr'><strong>excommu-</strong></span> 
     </span>
     <span class='ocr_line' id='line_1_60' title="bbox 958 1029 1755 1110; baseline 0.008 -20"><span class='ocrx_word' id='word_1_284' title='bbox 958 1029 1126 1091; x_wconf 90' lang='lat' dir='ltr'><strong>nicatione</strong></span> <span class='ocrx_word' id='word_1_285' title='bbox 1152 1029 1283 1105; x_wconf 87' lang='lat' dir='ltr'><strong>ligatos.</strong></span> <span class='ocrx_word' id='word_1_286' title='bbox 1302 1032 1382 1090; x_wconf 88' lang='lat' dir='ltr'><strong>Cum</strong></span> <span class='ocrx_word' id='word_1_287' title='bbox 1406 1033 1517 1093; x_wconf 87' lang='lat' dir='ltr'><strong>autern</strong></span> <span class='ocrx_word' id='word_1_288' title='bbox 1541 1033 1587 1096; x_wconf 91' lang='lat' dir='ltr'><strong>sis</strong></span> <span class='ocrx_word' id='word_1_289' title='bbox 1603 1049 1663 1110; x_wconf 90' lang='lat' dir='ltr'><strong>per</strong></span> <span class='ocrx_word' id='word_1_290' title='bbox 1681 1035 1755 1096; x_wconf 88' lang='lat' dir='ltr'><strong>stu-</strong></span> 
     </span>
     <span class='ocr_line' id='line_1_61' title="bbox 957 1127 1754 1200; baseline 0.005 -12"><span class='ocrx_word' id='word_1_291' title='bbox 957 1127 1049 1188; x_wconf 90' lang='lat' dir='ltr'><strong>dium</strong></span> <span class='ocrx_word' id='word_1_292' title='bbox 1073 1129 1222 1188; x_wconf 90' lang='lat' dir='ltr'><strong>nostrum</strong></span> <span class='ocrx_word' id='word_1_293' title='bbox 1247 1127 1287 1188; x_wconf 92' lang='lat' dir='ltr'><strong>de</strong></span> <span class='ocrx_word' id='word_1_294' title='bbox 1313 1127 1405 1189; x_wconf 91' lang='lat' dir='ltr'><strong>illius</strong></span> <span class='ocrx_word' id='word_1_295' title='bbox 1430 1129 1583 1190; x_wconf 90' lang='lat' dir='ltr'><strong>manibus</strong></span> <span class='ocrx_word' id='word_1_296' title='bbox 1599 1130 1754 1200; x_wconf 89' lang='lat' dir='ltr'><strong>liberata,</strong></span> 
     </span>
     <span class='ocr_line' id='line_1_62' title="bbox 958 1223 1756 1305; baseline 0.008 -21"><span class='ocrx_word' id='word_1_297' title='bbox 958 1239 1031 1285; x_wconf 92' lang='lat' dir='ltr'><strong>cum</strong></span> <span class='ocrx_word' id='word_1_298' title='bbox 1048 1240 1112 1303; x_wconf 91' lang='lat' dir='ltr'><strong>quo</strong></span> <span class='ocrx_word' id='word_1_299' title='bbox 1132 1226 1167 1285; x_wconf 92' lang='lat' dir='ltr'><strong>in</strong></span> <span class='ocrx_word' id='word_1_300' title='bbox 1181 1223 1299 1286; x_wconf 86' lang='lat' dir='ltr'><strong>salutis</strong></span> <span class='ocrx_word' id='word_1_301' title='bbox 1315 1225 1347 1288; x_wconf 91' lang='lat' dir='ltr'><strong>et</strong></span> <span class='ocrx_word' id='word_1_302' title='bbox 1371 1226 1465 1287; x_wconf 80' lang='lat' dir='ltr'><strong>famae</strong></span> <span class='ocrx_word' id='word_1_303' title='bbox 1485 1229 1550 1288; x_wconf 87' lang='lat' dir='ltr'><strong>tuae</strong></span> <span class='ocrx_word' id='word_1_304' title='bbox 1569 1228 1756 1305; x_wconf 90' lang='lat' dir='ltr'><strong>periculum</strong></span> 
     </span>
     <span class='ocr_line' id='line_1_63' title="bbox 958 1322 1755 1400; baseline 0.005 -18"><span class='ocrx_word' id='word_1_305' title='bbox 958 1322 1155 1394; x_wconf 89' lang='lat' dir='ltr'><strong>morabaris,</strong></span> <span class='ocrx_word' id='word_1_306' title='bbox 1175 1337 1302 1400; x_wconf 92' lang='lat' dir='ltr'><strong>nosque</strong></span> <span class='ocrx_word' id='word_1_307' title='bbox 1321 1324 1507 1385; x_wconf 89' lang='lat' dir='ltr'><strong>venerabili</strong></span> <span class='ocrx_word' id='word_1_308' title='bbox 1529 1323 1625 1387; x_wconf 83' lang='lat' dir='ltr'><strong>tratri</strong></span> <span class='ocrx_word' id='word_1_309' title='bbox 1641 1327 1755 1388; x_wconf 92' lang='lat' dir='ltr'><strong>nostro</strong></span> 
     </span>
     <span class='ocr_line' id='line_1_64' title="bbox 958 1421 1757 1497; baseline 0.004 -16"><span class='ocrx_word' id='word_1_310' title='bbox 958 1421 1113 1497; x_wconf 89' lang='lat' dir='ltr'><strong>episcopo</strong></span> <span class='ocrx_word' id='word_1_311' title='bbox 1134 1421 1377 1494; x_wconf 74' lang='lat' dir='ltr'><strong>cameracensi,</strong></span> <span class='ocrx_word' id='word_1_312' title='bbox 1396 1423 1429 1483; x_wconf 93' lang='lat' dir='ltr'><strong>et</strong></span> <span class='ocrx_word' id='word_1_313' title='bbox 1447 1422 1577 1485; x_wconf 84' lang='lat' dir='ltr'><strong>dilectis</strong></span> <span class='ocrx_word' id='word_1_314' title='bbox 1600 1423 1678 1484; x_wconf 89' lang='lat' dir='ltr'><strong>filiis</strong></span> <span class='ocrx_word' id='word_1_315' title='bbox 1694 1422 1757 1484; x_wconf 90' lang='lat' dir='ltr'><strong>ab·</strong></span> 
     </span>
     <span class='ocr_line' id='line_1_65' title="bbox 958 1517 1756 1582; baseline 0.004 -3"><span class='ocrx_word' id='word_1_316' title='bbox 958 1517 1026 1580; x_wconf 88' lang='lat' dir='ltr'><strong>bati</strong></span> <span class='ocrx_word' id='word_1_317' title='bbox 1043 1519 1156 1580; x_wconf 86' lang='lat' dir='ltr'><strong>Sancti</strong></span> <span class='ocrx_word' id='word_1_318' title='bbox 1170 1521 1188 1580; x_wconf 90' lang='lat' dir='ltr'><strong>J</strong></span> <span class='ocrx_word' id='word_1_319' title='bbox 1191 1520 1309 1582; x_wconf 91' lang='lat' dir='ltr'><strong>oannis</strong></span> <span class='ocrx_word' id='word_1_320' title='bbox 1332 1519 1367 1580; x_wconf 92' lang='lat' dir='ltr'><strong>in</strong></span> <span class='ocrx_word' id='word_1_321' title='bbox 1382 1519 1580 1582; x_wconf 75' lang='lat' dir='ltr'><strong>valencenis</strong></span> <span class='ocrx_word' id='word_1_322' title='bbox 1596 1523 1756 1582; x_wconf 87' lang='lat' dir='ltr'><strong>Gamera-</strong></span> 
     </span>
     <span class='ocr_line' id='line_1_66' title="bbox 959 1615 1754 1689; baseline 0.004 -12"><span class='ocrx_word' id='word_1_323' title='bbox 959 1617 1068 1678; x_wconf 90' lang='lat' dir='ltr'><strong>ceusis</strong></span> <span class='ocrx_word' id='word_1_324' title='bbox 1093 1615 1258 1689; x_wconf 87' lang='lat' dir='ltr'><strong>dioecesis,</strong></span> <span class='ocrx_word' id='word_1_325' title='bbox 1280 1617 1313 1680; x_wconf 90' lang='lat' dir='ltr'><strong>et</strong></span> <span class='ocrx_word' id='word_1_326' title='bbox 1334 1617 1571 1679; x_wconf 88' lang='lat' dir='ltr'><strong>archidiacono</strong></span> <span class='ocrx_word' id='word_1_327' title='bbox 1598 1621 1754 1680; x_wconf 87' lang='lat' dir='ltr'><strong>Gamera-</strong></span> 
     </span>
     <span class='ocr_line' id='line_1_67' title="bbox 959 1713 1756 1786; baseline 0.004 -10"><span class='ocrx_word' id='word_1_328' title='bbox 959 1715 1063 1786; x_wconf 91' lang='lat' dir='ltr'><strong>censi,</strong></span> <span class='ocrx_word' id='word_1_329' title='bbox 1085 1713 1236 1775; x_wconf 89' lang='lat' dir='ltr'><strong>dedimus</strong></span> <span class='ocrx_word' id='word_1_330' title='bbox 1251 1715 1287 1775; x_wconf 92' lang='lat' dir='ltr'><strong>in</strong></span> <span class='ocrx_word' id='word_1_331' title='bbox 1302 1715 1468 1777; x_wconf 88' lang='lat' dir='ltr'><strong>mandatis</strong></span> <span class='ocrx_word' id='word_1_332' title='bbox 1482 1716 1518 1776; x_wconf 91' lang='lat' dir='ltr'><strong>ut</strong></span> <span class='ocrx_word' id='word_1_333' title='bbox 1535 1716 1567 1778; x_wconf 88' lang='lat' dir='ltr'><strong>te</strong></span> <span class='ocrx_word' id='word_1_334' title='bbox 1580 1716 1756 1780; x_wconf 88' lang='lat' dir='ltr'><strong>absolvant</strong></span> 
     </span>
     <span class='ocr_line' id='line_1_68' title="bbox 959 1812 1755 1891; baseline 0.003 -17"><span class='ocrx_word' id='word_1_335' title='bbox 959 1812 1000 1874; x_wconf 91' lang='lat' dir='ltr'><strong>ab</strong></span> <span class='ocrx_word' id='word_1_336' title='bbox 1016 1813 1371 1875; x_wconf 84' lang='lat' dir='ltr'><strong>excommunicationis</strong></span> <span class='ocrx_word' id='word_1_337' title='bbox 1395 1813 1560 1874; x_wconf 87' lang='lat' dir='ltr'><strong>sententia</strong></span> <span class='ocrx_word' id='word_1_338' title='bbox 1579 1831 1677 1891; x_wconf 88' lang='lat' dir='ltr'><strong>quam</strong></span> <span class='ocrx_word' id='word_1_339' title='bbox 1697 1816 1755 1876; x_wconf 90' lang='lat' dir='ltr'><strong>in-</strong></span> 
     </span>
     <span class='ocr_line' id='line_1_69' title="bbox 960 1910 1757 1992; baseline 0.004 -22"><span class='ocrx_word' id='word_1_340' title='bbox 960 1926 1115 1992; x_wconf 83' lang='lat' dir='ltr'><strong>curreras</strong></span> <span class='ocrx_word' id='word_1_341' title='bbox 1141 1910 1205 1971; x_wconf 86' lang='lat' dir='ltr'><strong>hac</strong></span> <span class='ocrx_word' id='word_1_342' title='bbox 1230 1910 1270 1970; x_wconf 93' lang='lat' dir='ltr'><strong>de</strong></span> <span class='ocrx_word' id='word_1_343' title='bbox 1292 1926 1410 1986; x_wconf 83' lang='lat' dir='ltr'><strong>causa3</strong></span> <span class='ocrx_word' id='word_1_344' title='bbox 1436 1910 1643 1973; x_wconf 88' lang='lat' dir='ltr'><strong>nobilitatem</strong></span> <span class='ocrx_word' id='word_1_345' title='bbox 1663 1912 1757 1974; x_wconf 85' lang='lat' dir='ltr'><strong>tuam</strong></span> 
     </span>
     <span class='ocr_line' id='line_1_70' title="bbox 960 2006 1758 2088; baseline 0.005 -20"><span class='ocrx_word' id='word_1_346' title='bbox 960 2007 1141 2084; x_wconf 87' lang='lat' dir='ltr'><strong>rogandam</strong></span> <span class='ocrx_word' id='word_1_347' title='bbox 1153 2006 1308 2068; x_wconf 86' lang='lat' dir='ltr'><strong>duximus</strong></span> <span class='ocrx_word' id='word_1_348' title='bbox 1324 2009 1758 2088; x_wconf 79' lang='lat' dir='ltr'><strong>etmonendam,pernpos·</strong></span> 
     </span>
     <span class='ocr_line' id='line_1_71' title="bbox 960 2105 1756 2185; baseline 0.003 -19"><span class='ocrx_word' id='word_1_349' title='bbox 960 2105 1061 2166; x_wconf 88' lang='lat' dir='ltr'><strong>tolica</strong></span> <span class='ocrx_word' id='word_1_350' title='bbox 1089 2105 1150 2166; x_wconf 91' lang='lat' dir='ltr'><strong>tibi</strong></span> <span class='ocrx_word' id='word_1_351' title='bbox 1180 2105 1303 2182; x_wconf 86' lang='lat' dir='ltr'><strong>scripta</strong></span> <span class='ocrx_word' id='word_1_352' title='bbox 1336 2105 1552 2178; x_wconf 86' lang='lat' dir='ltr'><strong>mandantes,</strong></span> <span class='ocrx_word' id='word_1_353' title='bbox 1579 2107 1756 2185; x_wconf 88' lang='lat' dir='ltr'><strong>quatenus,</strong></span> 
     </span>
     <span class='ocr_line' id='line_1_72' title="bbox 961 2203 1757 2267; baseline 0.004 -3"><span class='ocrx_word' id='word_1_354' title='bbox 961 2203 1101 2264; x_wconf 93' lang='lat' dir='ltr'><strong>consilio</strong></span> <span class='ocrx_word' id='word_1_355' title='bbox 1117 2205 1150 2265; x_wconf 88' lang='lat' dir='ltr'><strong>et</strong></span> <span class='ocrx_word' id='word_1_356' title='bbox 1163 2203 1328 2264; x_wconf 87' lang='lat' dir='ltr'><strong>voluntati</strong></span> <span class='ocrx_word' id='word_1_357' title='bbox 1340 2204 1469 2265; x_wconf 87' lang='lat' dir='ltr'><strong>dilectae</strong></span> <span class='ocrx_word' id='word_1_358' title='bbox 1483 2206 1519 2266; x_wconf 94' lang='lat' dir='ltr'><strong>iu</strong></span> <span class='ocrx_word' id='word_1_359' title='bbox 1532 2205 1663 2266; x_wconf 86' lang='lat' dir='ltr'><strong>Christo</strong></span> <span class='ocrx_word' id='word_1_360' title='bbox 1678 2205 1757 2267; x_wconf 85' lang='lat' dir='ltr'><strong>tiliae</strong></span> 
     </span>
     <span class='ocr_line' id='line_1_73' title="bbox 962 2299 1756 2376; baseline 0.003 -16"><span class='ocrx_word' id='word_1_361' title='bbox 962 2299 1083 2362; x_wconf 91' lang='lat' dir='ltr'><strong>nobilis</strong></span> <span class='ocrx_word' id='word_1_362' title='bbox 1116 2299 1267 2361; x_wconf 89' lang='lat' dir='ltr'><strong>mulieris</strong></span> <span class='ocrx_word' id='word_1_363' title='bbox 1310 2303 1489 2364; x_wconf 84' lang='lat' dir='ltr'><strong>comitissae</strong></span> <span class='ocrx_word' id='word_1_364' title='bbox 1527 2302 1756 2376; x_wconf 84' lang='lat' dir='ltr'><strong>Flandrensis,</strong></span> 
     </span>
     <span class='ocr_line' id='line_1_74' title="bbox 961 2399 1756 2476; baseline 0.001 -16"><span class='ocrx_word' id='word_1_365' title='bbox 961 2414 1128 2474; x_wconf 86' lang='lat' dir='ltr'><strong>germanae</strong></span> <span class='ocrx_word' id='word_1_366' title='bbox 1138 2399 1216 2470; x_wconf 85' lang='lat' dir='ltr'><strong>tuae,</strong></span> <span class='ocrx_word' id='word_1_367' title='bbox 1229 2399 1315 2460; x_wconf 88' lang='lat' dir='ltr'><strong>sicut</strong></span> <span class='ocrx_word' id='word_1_368' title='bbox 1324 2400 1416 2460; x_wconf 88' lang='lat' dir='ltr'><strong>tuam</strong></span> <span class='ocrx_word' id='word_1_369' title='bbox 1429 2399 1524 2462; x_wconf 86' lang='lat' dir='ltr'><strong>decet</strong></span> <span class='ocrx_word' id='word_1_370' title='bbox 1534 2400 1756 2476; x_wconf 90' lang='lat' dir='ltr'><strong>prudentiam,</strong></span> 
     </span>
     <span class='ocr_line' id='line_1_75' title="bbox 961 2497 1759 2574; baseline 0.004 -16"><span class='ocrx_word' id='word_1_371' title='bbox 961 2498 1188 2574; x_wconf 88' lang='lat' dir='ltr'><strong>acquiescens,</strong></span> <span class='ocrx_word' id='word_1_372' title='bbox 1206 2497 1340 2558; x_wconf 88' lang='lat' dir='ltr'><strong>studeas</strong></span> <span class='ocrx_word' id='word_1_373' title='bbox 1355 2499 1390 2559; x_wconf 93' lang='lat' dir='ltr'><strong>in</strong></span> <span class='ocrx_word' id='word_1_374' title='bbox 1415 2497 1568 2562; x_wconf 88' lang='lat' dir='ltr'><strong>omnibus</strong></span> <span class='ocrx_word' id='word_1_375' title='bbox 1585 2499 1619 2562; x_wconf 92' lang='lat' dir='ltr'><strong>te</strong></span> <span class='ocrx_word' id='word_1_376' title='bbox 1633 2498 1759 2562; x_wconf 88' lang='lat' dir='ltr'><strong>habere</strong></span> 
     </span>
     <span class='ocr_line' id='line_1_76' title="bbox 961 2594 1757 2673; baseline 0.005 -19"><span class='ocrx_word' id='word_1_377' title='bbox 961 2594 1173 2657; x_wconf 88' lang='lat' dir='ltr'><strong>laudabiliter</strong></span> <span class='ocrx_word' id='word_1_378' title='bbox 1197 2596 1229 2656; x_wconf 92' lang='lat' dir='ltr'><strong>et</strong></span> <span class='ocrx_word' id='word_1_379' title='bbox 1255 2595 1394 2656; x_wconf 87' lang='lat' dir='ltr'><strong>honeste</strong></span> <span class='ocrx_word' id='word_1_380' title='bbox 1418 2611 1478 2672; x_wconf 91' lang='lat' dir='ltr'><strong>pro</strong></span> <span class='ocrx_word' id='word_1_381' title='bbox 1503 2598 1540 2658; x_wconf 91' lang='lat' dir='ltr'><strong>ut</strong></span> <span class='ocrx_word' id='word_1_382' title='bbox 1563 2597 1757 2673; x_wconf 87' lang='lat' dir='ltr'><strong>magnitudo</strong></span> 
     </span>
     <span class='ocr_line' id='line_1_77' title="bbox 961 2689 1757 2773; baseline -0.001 -18"><span class='ocrx_word' id='word_1_383' title='bbox 961 2693 1027 2756; x_wconf 87' lang='lat' dir='ltr'><strong>tuae</strong></span> <span class='ocrx_word' id='word_1_384' title='bbox 1041 2693 1221 2756; x_wconf 83' lang='lat' dir='ltr'><strong>voluntatis</strong></span> <span class='ocrx_word' id='word_1_385' title='bbox 1248 2689 1350 2773; x_wconf 78' lang='lat' dir='ltr'><strong>[sorte</strong></span> <span class='ocrx_word' id='word_1_386' title='bbox 1371 2691 1569 2773; x_wconf 85' lang='lat' dir='ltr'><strong>nobilitatis]</strong></span> <span class='ocrx_word' id='word_1_387' title='bbox 1587 2695 1757 2772; x_wconf 84' lang='lat' dir='ltr'><strong>exposcit:</strong></span> 
     </span>
     <span class='ocr_line' id='line_1_78' title="bbox 962 2783 1759 2869; baseline -0.001 -16"><span class='ocrx_word' id='word_1_388' title='bbox 962 2783 1072 2854; x_wconf 88' lang='lat' dir='ltr'><strong>sciens</strong></span> <span class='ocrx_word' id='word_1_389' title='bbox 1094 2790 1192 2868; x_wconf 90' lang='lat' dir='ltr'><strong>quod,</strong></span> <span class='ocrx_word' id='word_1_390' title='bbox 1210 2791 1240 2852; x_wconf 89' lang='lat' dir='ltr'><strong>si</strong></span> <span class='ocrx_word' id='word_1_391' title='bbox 1263 2790 1328 2852; x_wconf 91' lang='lat' dir='ltr'><strong>hoc</strong></span> <span class='ocrx_word' id='word_1_392' title='bbox 1347 2789 1478 2865; x_wconf 84' lang='lat' dir='ltr'><strong>feceris,</strong></span> <span class='ocrx_word' id='word_1_393' title='bbox 1494 2807 1568 2864; x_wconf 91' lang='lat' dir='ltr'><strong>nos,</strong></span> <span class='ocrx_word' id='word_1_394' title='bbox 1587 2792 1759 2869; x_wconf 84' lang='lat' dir='ltr'><strong>inquibus</strong></span> 
     </span>
     <span class='ocr_line' id='line_1_79' title="bbox 961 2887 1759 2964; baseline 0.004 -15"><span class='ocrx_word' id='word_1_395' title='bbox 961 2888 1121 2960; x_wconf 86' lang='lat' dir='ltr'><strong>decuerit,</strong></span> <span class='ocrx_word' id='word_1_396' title='bbox 1136 2887 1197 2949; x_wconf 90' lang='lat' dir='ltr'><strong>tibi</strong></span> <span class='ocrx_word' id='word_1_397' title='bbox 1210 2887 1359 2950; x_wconf 80' lang='lat' dir='ltr'><strong>favorem</strong></span> <span class='ocrx_word' id='word_1_398' title='bbox 1374 2889 1592 2964; x_wconf 87' lang='lat' dir='ltr'><strong>apostolicum</strong></span> <span class='ocrx_word' id='word_1_399' title='bbox 1615 2888 1759 2952; x_wconf 87' lang='lat' dir='ltr'><strong>libenter</strong></span> 
     </span>
     <span class='ocr_line' id='line_1_80' title="bbox 962 2984 1757 3060; baseline 0 -14"><span class='ocrx_word' id='word_1_400' title='bbox 962 2988 995 3047; x_wconf 91' lang='lat' dir='ltr'><strong>et</strong></span> <span class='ocrx_word' id='word_1_401' title='bbox 1009 2985 1194 3046; x_wconf 88' lang='lat' dir='ltr'><strong>liberaliter</strong></span> <span class='ocrx_word' id='word_1_402' title='bbox 1207 2985 1251 3046; x_wconf 92' lang='lat' dir='ltr'><strong>im</strong></span> <span class='ocrx_word' id='word_1_403' title='bbox 1256 2984 1448 3060; x_wconf 88' lang='lat' dir='ltr'><strong>pendemus.</strong></span> <span class='ocrx_word' id='word_1_404' title='bbox 1459 2987 1578 3048; x_wconf 89' lang='lat' dir='ltr'><strong>Datum</strong></span> <span class='ocrx_word' id='word_1_405' title='bbox 1586 2985 1757 3058; x_wconf 88' lang='lat' dir='ltr'><strong>Laterani,</strong></span> 
     </span>
     <span class='ocr_line' id='line_1_81' title="bbox 961 3082 1555 3157; baseline 0 -13"><span class='ocrx_word' id='word_1_406' title='bbox 961 3085 1036 3146; x_wconf 85' lang='lat' dir='ltr'><strong>XVI</strong></span> <span class='ocrx_word' id='word_1_407' title='bbox 1046 3083 1114 3144; x_wconf 86' lang='lat' dir='ltr'><strong>kal.</strong></span> <span class='ocrx_word' id='word_1_408' title='bbox 1132 3082 1329 3157; x_wconf 89' lang='lat' dir='ltr'><strong>decembris,</strong></span> <span class='ocrx_word' id='word_1_409' title='bbox 1346 3097 1434 3145; x_wconf 89' lang='lat' dir='ltr'><strong>anno</strong></span> <span class='ocrx_word' id='word_1_410' title='bbox 1449 3084 1555 3146; x_wconf 82' lang='lat' dir='ltr'><strong>sexto.</strong></span> 
     </span>
    </p>
   </div>
   <div class='ocr_carea' id='block_1_10' title="bbox 1305 3323 1412 3410">
    <p class='ocr_par' dir='ltr' id='par_1_11' title="bbox 1305 3323 1412 3410">
     <span class='ocr_line' id='line_1_82' title="bbox 1305 3323 1412 3410; baseline -0.009 0"><span class='ocrx_word' id='word_1_411' title='bbox 1305 3323 1412 3410; x_wconf 88' lang='lat' dir='ltr'><strong>XXX</strong></span> 
     </span>
    </p>
   </div>
   <div class='ocr_carea' id='block_1_11' title="bbox 962 3476 1760 3644">
    <p class='ocr_par' dir='ltr' id='par_1_12' title="bbox 962 3476 1760 3644">
     <span class='ocr_line' id='line_1_83' title="bbox 962 3476 1760 3551; baseline 0 -13"><span class='ocrx_word' id='word_1_412' title='bbox 962 3477 1014 3538; x_wconf 76' lang='lat' dir='ltr'><strong>Act</strong></span> <span class='ocrx_word' id='word_1_413' title='bbox 1041 3476 1276 3550; x_wconf 66' lang='lat' dir='ltr'><strong>cotafridum,</strong></span> <span class='ocrx_word' id='word_1_414' title='bbox 1306 3477 1592 3536; x_wconf 80' lang='lat' dir='ltr'><strong>cameracensem</strong></span> <span class='ocrx_word' id='word_1_415' title='bbox 1622 3477 1760 3551; x_wconf 81' lang='lat' dir='ltr'><strong>episco-</strong></span> 
     </span>
     <span class='ocr_line' id='line_1_84' title="bbox 1270 3572 1448 3644; baseline 0.006 -12"><span class='ocrx_word' id='word_1_416' title='bbox 1270 3587 1367 3644; x_wconf 71' lang='grc'><strong>1110,</strong></span> <span class='ocrx_word' id='word_1_417' title='bbox 1385 3572 1448 3633; x_wconf 85' lang='grc'><strong>110.</strong></span> 
     </span>
    </p>
   </div>
   <div class='ocr_carea' id='block_1_12' title="bbox 1072 3698 1681 3888">
    <p class='ocr_par' dir='ltr' id='par_1_13' title="bbox 1072 3698 1681 3888">
     <span class='ocr_line' id='line_1_85' title="bbox 1212 3698 1510 3759; baseline -0.003 0"><span class='ocrx_word' id='word_1_418' title='bbox 1212 3701 1245 3759; x_wconf 87' lang='grc'><strong>17</strong></span> <span class='ocrx_word' id='word_1_419' title='bbox 1257 3698 1423 3758; x_wconf 88' lang='lat' dir='ltr'><strong>novembris</strong></span> <span class='ocrx_word' id='word_1_420' title='bbox 1431 3701 1510 3758; x_wconf 77' lang='lat' dir='ltr'><strong>nan</strong></span> 
     </span>
     <span class='ocr_line' id='line_1_86' title="bbox 1072 3823 1681 3888; baseline -0.002 -14"><span class='ocrx_word' id='word_1_421' title='bbox 1072 3823 1207 3888; x_wconf 79' lang='lat' dir='ltr'><strong>[bouquet.</strong></span> <span class='ocrx_word' id='word_1_422' title='bbox 1230 3823 1334 3874; x_wconf 85' lang='lat' dir='ltr'><strong>Recueil</strong></span> <span class='ocrx_word' id='word_1_423' title='bbox 1350 3823 1394 3872; x_wconf 87' lang='lat' dir='ltr'><strong>des</strong></span> <span class='ocrx_word' id='word_1_424' title='bbox 1415 3823 1490 3884; x_wconf 80' lang='lat' dir='ltr'><strong>Hist,</strong></span> <span class='ocrx_word' id='word_1_425' title='bbox 1502 3823 1569 3883; x_wconf 84' lang='lat' dir='ltr'><strong>XlX,</strong></span> <span class='ocrx_word' id='word_1_426' title='bbox 1584 3823 1651 3885; x_wconf 73' lang='lat' dir='ltr'><strong>lle]</strong></span> <span class='ocrx_word' id='word_1_427' title='bbox 1680 3857 1681 3860; x_wconf 20' lang='grc' dir='ltr'><strong>κ</strong></span> 
     </span>
    </p>
   </div>
   <div class='ocr_carea' id='block_1_13' title="bbox 963 3945 1760 4361">
    <p class='ocr_par' dir='ltr' id='par_1_14' title="bbox 963 3945 1760 4361">
     <span class='ocr_line' id='line_1_87' title="bbox 963 3945 1760 4022; baseline -0.001 -15"><span class='ocrx_word' id='word_1_428' title='bbox 963 3950 1080 4008; x_wconf 83' lang='lat' dir='ltr'><strong>blandai</strong></span> <span class='ocrx_word' id='word_1_429' title='bbox 1096 3945 1249 4018; x_wconf 85' lang='lat' dir='ltr'><strong>Honorius,</strong></span> <span class='ocrx_word' id='word_1_430' title='bbox 1268 3955 1299 4004; x_wconf 86' lang='lat' dir='ltr'><strong>ut</strong></span> <span class='ocrx_word' id='word_1_431' title='bbox 1319 3949 1523 4022; x_wconf 69' lang='lat' dir='ltr'><strong>margaretam,</strong></span> <span class='ocrx_word' id='word_1_432' title='bbox 1542 3950 1660 4007; x_wconf 84' lang='lat' dir='ltr'><strong>loannae</strong></span> <span class='ocrx_word' id='word_1_433' title='bbox 1675 3949 1760 4006; x_wconf 89' lang='lat' dir='ltr'><strong>Flan-</strong></span> 
     </span>
     <span class='ocr_line' id='line_1_88' title="bbox 998 4036 1759 4109; baseline 0 -14"><span class='ocrx_word' id='word_1_434' title='bbox 998 4037 1109 4095; x_wconf 87' lang='lat' dir='ltr'><strong>drcnsis</strong></span> <span class='ocrx_word' id='word_1_435' title='bbox 1130 4037 1284 4094; x_wconf 77' lang='lat' dir='ltr'><strong>comitissa</strong></span> <span class='ocrx_word' id='word_1_436' title='bbox 1306 4051 1444 4106; x_wconf 87' lang='lat' dir='ltr'><strong>sororem,</strong></span> <span class='ocrx_word' id='word_1_437' title='bbox 1460 4053 1523 4109; x_wconf 85' lang='lat' dir='ltr'><strong>quae</strong></span> <span class='ocrx_word' id='word_1_438' title='bbox 1538 4044 1653 4109; x_wconf 86' lang='lat' dir='ltr'><strong>propter</strong></span> <span class='ocrx_word' id='word_1_439' title='bbox 1670 4036 1759 4095; x_wconf 90' lang='lat' dir='ltr'><strong>coha-</strong></span> 
     </span>
     <span class='ocr_line' id='line_1_89' title="bbox 998 4123 1759 4183; baseline 0 -1"><span class='ocrx_word' id='word_1_440' title='bbox 998 4126 1164 4183; x_wconf 85' lang='lat' dir='ltr'><strong>bitationem</strong></span> <span class='ocrx_word' id='word_1_441' title='bbox 1183 4140 1248 4182; x_wconf 91' lang='lat' dir='ltr'><strong>cum</strong></span> <span class='ocrx_word' id='word_1_442' title='bbox 1269 4123 1433 4183; x_wconf 86' lang='lat' dir='ltr'><strong>Burchardo</strong></span> <span class='ocrx_word' id='word_1_443' title='bbox 1452 4125 1487 4182; x_wconf 92' lang='lat' dir='ltr'><strong>de</strong></span> <span class='ocrx_word' id='word_1_444' title='bbox 1506 4125 1629 4183; x_wconf 83' lang='lat' dir='ltr'><strong>Avesnis</strong></span> <span class='ocrx_word' id='word_1_445' title='bbox 1644 4140 1759 4182; x_wconf 89' lang='lat' dir='ltr'><strong>excom·</strong></span> 
     </span>
     <span class='ocr_line' id='line_1_90' title="bbox 999 4213 1757 4284; baseline 0.001 -13"><span class='ocrx_word' id='word_1_446' title='bbox 999 4213 1199 4271; x_wconf 86' lang='lat' dir='ltr'><strong>municationis</strong></span> <span class='ocrx_word' id='word_1_447' title='bbox 1218 4214 1358 4271; x_wconf 85' lang='lat' dir='ltr'><strong>sententia</strong></span> <span class='ocrx_word' id='word_1_448' title='bbox 1379 4213 1514 4272; x_wconf 86' lang='lat' dir='ltr'><strong>damnata</strong></span> <span class='ocrx_word' id='word_1_449' title='bbox 1536 4213 1638 4284; x_wconf 84' lang='lat' dir='ltr'><strong>luerat,</strong></span> <span class='ocrx_word' id='word_1_450' title='bbox 1661 4215 1757 4272; x_wconf 92' lang='lat' dir='ltr'><strong>absol·</strong></span> 
     </span>
     <span class='ocr_line' id='line_1_91' title="bbox 998 4311 1078 4361; baseline 0.013 -1"><span class='ocrx_word' id='word_1_451' title='bbox 998 4311 1078 4361; x_wconf 80' lang='lat' dir='ltr'><strong>vent.</strong></span> 
     </span>
    </p>
   </div>
   <div class='ocr_carea' id='block_1_14' title="bbox 963 4418 1764 5763">
    <p class='ocr_par' dir='ltr' id='par_1_15' title="bbox 963 4418 1762 4879">
     <span class='ocr_line' id='line_1_92' title="bbox 1003 4418 1760 4497; baseline -0.003 -15"><span class='ocrx_word' id='word_1_452' title='bbox 1003 4418 1677 4497; x_wconf 89' lang='lat' dir='ltr'><strong>Honoriusepiscopus‚servnsservorum</strong></span> <span class='ocrx_word' id='word_1_453' title='bbox 1687 4419 1760 4492; x_wconf 88' lang='lat' dir='ltr'><strong>Dei,</strong></span> 
     </span>
     <span class='ocr_line' id='line_1_93' title="bbox 963 4517 1762 4595; baseline 0 -15"><span class='ocrx_word' id='word_1_454' title='bbox 963 4517 1147 4580; x_wconf 89' lang='lat' dir='ltr'><strong>venerabili</strong></span> <span class='ocrx_word' id='word_1_455' title='bbox 1172 4517 1268 4579; x_wconf 81' lang='lat' dir='ltr'><strong>fratri</strong></span> <span class='ocrx_word' id='word_1_456' title='bbox 1290 4518 1444 4595; x_wconf 90' lang='lat' dir='ltr'><strong>episcopo</strong></span> <span class='ocrx_word' id='word_1_457' title='bbox 1466 4517 1762 4590; x_wconf 62' lang='lat' dir='ltr'><strong>cameracorensi</strong></span> 
     </span>
     <span class='ocr_line' id='line_1_94' title="bbox 964 4611 1762 4677; baseline 0 -1"><span class='ocrx_word' id='word_1_458' title='bbox 964 4611 1093 4677; x_wconf 86' lang='lat' dir='ltr'><strong>dilectis</strong></span> <span class='ocrx_word' id='word_1_459' title='bbox 1109 4614 1187 4677; x_wconf 89' lang='lat' dir='ltr'><strong>liliis</strong></span> <span class='ocrx_word' id='word_1_460' title='bbox 1212 4613 1323 4675; x_wconf 88' lang='lat' dir='ltr'><strong>abbati</strong></span> <span class='ocrx_word' id='word_1_461' title='bbox 1353 4613 1466 4675; x_wconf 87' lang='lat' dir='ltr'><strong>Sancti</strong></span> <span class='ocrx_word' id='word_1_462' title='bbox 1483 4613 1623 4675; x_wconf 89' lang='lat' dir='ltr'><strong>Joanuis</strong></span> <span class='ocrx_word' id='word_1_463' title='bbox 1636 4615 1672 4674; x_wconf 93' lang='lat' dir='ltr'><strong>in</strong></span> <span class='ocrx_word' id='word_1_464' title='bbox 1698 4617 1762 4676; x_wconf 85' lang='lat' dir='ltr'><strong>Va·</strong></span> 
     </span>
     <span class='ocr_line' id='line_1_95' title="bbox 963 4710 1761 4780; baseline 0 -6"><span class='ocrx_word' id='word_1_465' title='bbox 963 4713 1111 4775; x_wconf 90' lang='lat' dir='ltr'><strong>lencenis</strong></span> <span class='ocrx_word' id='word_1_466' title='bbox 1121 4711 1371 4772; x_wconf 85' lang='lat' dir='ltr'><strong>Cameracensis</strong></span> <span class='ocrx_word' id='word_1_467' title='bbox 1381 4710 1534 4772; x_wconf 88' lang='lat' dir='ltr'><strong>dioecesis</strong></span> <span class='ocrx_word' id='word_1_468' title='bbox 1548 4711 1761 4780; x_wconf 78' lang='grc'><strong>1111111111-</strong></span> 
     </span>
     <span class='ocr_line' id='line_1_96' title="bbox 964 4807 1564 4879; baseline -0.007 -7"><span class='ocrx_word' id='word_1_469' title='bbox 964 4826 1048 4872; x_wconf 91' lang='lat' dir='ltr'><strong>cono</strong></span> <span class='ocrx_word' id='word_1_470' title='bbox 1071 4807 1315 4879; x_wconf 80' lang='lat' dir='ltr'><strong>cameracensi,</strong></span> <span class='ocrx_word' id='word_1_471' title='bbox 1332 4807 1485 4878; x_wconf 88' lang='lat' dir='ltr'><strong>salutem,</strong></span> <span class='ocrx_word' id='word_1_472' title='bbox 1503 4809 1564 4870; x_wconf 90' lang='lat' dir='ltr'><strong>etc.</strong></span> 
     </span>
    </p>

    <p class='ocr_par' dir='ltr' id='par_1_16' title="bbox 965 4903 1764 5763">
     <span class='ocr_line' id='line_1_97' title="bbox 1005 4903 1763 4985; baseline 0.001 -18"><span class='ocrx_word' id='word_1_473' title='bbox 1005 4909 1084 4967; x_wconf 87' lang='lat' dir='ltr'><strong>Cum</strong></span> <span class='ocrx_word' id='word_1_474' title='bbox 1095 4903 1763 4985; x_wconf 67' lang='lat' dir='ltr'><strong>Blurcbardusldenvesnisnobilemmu·</strong></span> 
     </span>
     <span class='ocr_line' id='line_1_98' title="bbox 965 4999 1762 5083; baseline 0 -17"><span class='ocrx_word' id='word_1_475' title='bbox 965 5006 1081 5066; x_wconf 91' lang='lat' dir='ltr'><strong>lierem</strong></span> <span class='ocrx_word' id='word_1_476' title='bbox 1116 4999 1367 5083; x_wconf 68' lang='lat' dir='ltr'><strong>Mtargaretam]</strong></span> <span class='ocrx_word' id='word_1_477' title='bbox 1407 5019 1600 5078; x_wconf 90' lang='lat' dir='ltr'><strong>germanam</strong></span> <span class='ocrx_word' id='word_1_478' title='bbox 1633 5004 1762 5067; x_wconf 87' lang='lat' dir='ltr'><strong>dilectae</strong></span> 
     </span>
     <span class='ocr_line' id='line_1_99' title="bbox 966 5099 1763 5180; baseline -0.001 -17"><span class='ocrx_word' id='word_1_479' title='bbox 966 5103 1043 5164; x_wconf 87' lang='lat' dir='ltr'><strong>tiliae</strong></span> <span class='ocrx_word' id='word_1_480' title='bbox 1064 5100 1185 5161; x_wconf 90' lang='lat' dir='ltr'><strong>nobilis</strong></span> <span class='ocrx_word' id='word_1_481' title='bbox 1214 5100 1377 5172; x_wconf 91' lang='lat' dir='ltr'><strong>mulieris,</strong></span> <span class='ocrx_word' id='word_1_482' title='bbox 1400 5103 1419 5162; x_wconf 89' lang='lat' dir='ltr'><strong>J</strong></span> <span class='ocrx_word' id='word_1_483' title='bbox 1424 5099 1565 5180; x_wconf 87' lang='lat' dir='ltr'><strong>[cannae]</strong></span> <span class='ocrx_word' id='word_1_484' title='bbox 1583 5102 1763 5162; x_wconf 76' lang='lat' dir='ltr'><strong>comitissae</strong></span> 
     </span>
     <span class='ocr_line' id='line_1_100' title="bbox 966 5197 1760 5274; baseline -0.004 -13"><span class='ocrx_word' id='word_1_485' title='bbox 966 5199 1180 5262; x_wconf 80' lang='lat' dir='ltr'><strong>Flandrensis</strong></span> <span class='ocrx_word' id='word_1_486' title='bbox 1203 5198 1353 5259; x_wconf 87' lang='lat' dir='ltr'><strong>detinere</strong></span> <span class='ocrx_word' id='word_1_487' title='bbox 1381 5199 1600 5274; x_wconf 85' lang='lat' dir='ltr'><strong>praesumeret</strong></span> <span class='ocrx_word' id='word_1_488' title='bbox 1622 5199 1658 5258; x_wconf 90' lang='lat' dir='ltr'><strong>iu</strong></span> <span class='ocrx_word' id='word_1_489' title='bbox 1678 5197 1760 5258; x_wconf 91' lang='lat' dir='ltr'><strong>snb-</strong></span> 
     </span>
     <span class='ocr_line' id='line_1_101' title="bbox 966 5296 1762 5373; baseline 0.001 -15"><span class='ocrx_word' id='word_1_490' title='bbox 966 5297 1160 5359; x_wconf 91' lang='lat' dir='ltr'><strong>diaconatus</strong></span> <span class='ocrx_word' id='word_1_491' title='bbox 1174 5296 1290 5358; x_wconf 93' lang='lat' dir='ltr'><strong>ordine</strong></span> <span class='ocrx_word' id='word_1_492' title='bbox 1306 5297 1520 5368; x_wconf 90' lang='lat' dir='ltr'><strong>constitutus,</strong></span> <span class='ocrx_word' id='word_1_493' title='bbox 1540 5296 1675 5373; x_wconf 89' lang='lat' dir='ltr'><strong>propter</strong></span> <span class='ocrx_word' id='word_1_494' title='bbox 1699 5297 1762 5359; x_wconf 91' lang='lat' dir='ltr'><strong>hoc</strong></span> 
     </span>
     <span class='ocr_line' id='line_1_102' title="bbox 966 5393 1764 5457; baseline -0.004 0"><span class='ocrx_word' id='word_1_495' title='bbox 966 5397 1001 5457; x_wconf 92' lang='lat' dir='ltr'><strong>in</strong></span> <span class='ocrx_word' id='word_1_496' title='bbox 1012 5411 1087 5456; x_wconf 89' lang='lat' dir='ltr'><strong>eum</strong></span> <span class='ocrx_word' id='word_1_497' title='bbox 1101 5394 1299 5456; x_wconf 86' lang='lat' dir='ltr'><strong>auctoritate</strong></span> <span class='ocrx_word' id='word_1_498' title='bbox 1322 5394 1435 5454; x_wconf 87' lang='lat' dir='ltr'><strong>nostra</strong></span> <span class='ocrx_word' id='word_1_499' title='bbox 1451 5393 1514 5454; x_wconf 87' lang='lat' dir='ltr'><strong>luit</strong></span> <span class='ocrx_word' id='word_1_500' title='bbox 1533 5396 1764 5455; x_wconf 83' lang='lat' dir='ltr'><strong>excommuni-</strong></span> 
     </span>
     <span class='ocr_line' id='line_1_103' title="bbox 967 5491 1764 5568; baseline -0.004 -13"><span class='ocrx_word' id='word_1_501' title='bbox 967 5493 1107 5555; x_wconf 86' lang='lat' dir='ltr'><strong>cationis</strong></span> <span class='ocrx_word' id='word_1_502' title='bbox 1127 5492 1294 5553; x_wconf 90' lang='lat' dir='ltr'><strong>sententia</strong></span> <span class='ocrx_word' id='word_1_503' title='bbox 1310 5491 1529 5568; x_wconf 88' lang='lat' dir='ltr'><strong>promulgata,</strong></span> <span class='ocrx_word' id='word_1_504' title='bbox 1548 5507 1705 5568; x_wconf 84' lang='lat' dir='ltr'><strong>expresso</strong></span> <span class='ocrx_word' id='word_1_505' title='bbox 1726 5493 1764 5552; x_wconf 91' lang='lat' dir='ltr'><strong>ut</strong></span> 
     </span>
     <span class='ocr_line' id='line_1_104' title="bbox 967 5588 1761 5669; baseline -0.004 -16"><span class='ocrx_word' id='word_1_506' title='bbox 967 5591 1105 5669; x_wconf 85' lang='lat' dir='ltr'><strong>praelata</strong></span> <span class='ocrx_word' id='word_1_507' title='bbox 1129 5591 1173 5651; x_wconf 90' lang='lat' dir='ltr'><strong>M.</strong></span> <span class='ocrx_word' id='word_1_508' title='bbox 1200 5589 1366 5652; x_wconf 86' lang='lat' dir='ltr'><strong>sententia</strong></span> <span class='ocrx_word' id='word_1_509' title='bbox 1389 5588 1617 5651; x_wconf 88' lang='lat' dir='ltr'><strong>involveretur</strong></span> <span class='ocrx_word' id='word_1_510' title='bbox 1633 5588 1761 5663; x_wconf 88' lang='lat' dir='ltr'><strong>eadem,</strong></span> 
     </span>
     <span class='ocr_line' id='line_1_105' title="bbox 967 5684 1763 5763; baseline -0.004 -13"><span class='ocrx_word' id='word_1_511' title='bbox 967 5689 1007 5763; x_wconf 88' lang='lat' dir='ltr'><strong>si,</strong></span> <span class='ocrx_word' id='word_1_512' title='bbox 1027 5687 1185 5750; x_wconf 85' lang='lat' dir='ltr'><strong>facultate</strong></span> <span class='ocrx_word' id='word_1_513' title='bbox 1205 5686 1318 5748; x_wconf 90' lang='lat' dir='ltr'><strong>habita</strong></span> <span class='ocrx_word' id='word_1_514' title='bbox 1336 5685 1539 5758; x_wconf 87' lang='lat' dir='ltr'><strong>discedendi,</strong></span> <span class='ocrx_word' id='word_1_515' title='bbox 1557 5684 1763 5748; x_wconf 88' lang='lat' dir='ltr'><strong>cohabitaret</strong></span> 
     </span>
    </p>
   </div>
   <div class='ocr_carea' id='block_1_15' title="bbox 0 0 2092 6340">
    <p class='ocr_par' dir='ltr' id='par_1_17' title="bbox 0 0 2092 6340">
     <span class='ocr_line' id='line_1_106' title="bbox 0 0 2092 6340; baseline 0 0"><span class='ocrx_word' id='word_1_516' title='bbox 0 0 2092 6340; x_wconf 95' lang='lat' dir='ltr'><strong> </strong></span> 
     </span>
    </p>
   </div>
  </div>
 </body>
</html>
