4002 6326
681 335 909 400 EPISTOLAE.
933 337 1011 399 LIB.
1035 339 1119 402 v111.

88 340 142 402 429
1666 343 1726 421 43⁰

89 501 247 572 Perusinl‚
261 499 386 564 nostris
405 497 672 578 obtemperantes
691 499 826 562 monitis
844 500 878 561 et
931 498 1084 561 omnibus
1098 498 1268 578 predictis
1292 501 1327 562 ln
1347 517 1408 564 sua
1423 500 1579 566 firmitate
1596 455 1724 566 nibilo-

88 597 259 670 mandatis,
270 597 428 676 jurarunt
448 596 629 659 stabilitam
643 595 768 658 anobis
788 597 877 660 inter
931 597 1040 659 minus
1067 598 1350 676 permanentibus.
1372 599 1590 676 praecipimus
1611 601 1723 676 etiam,

87 711 139 758 eos
158 694 252 772 pacis
278 695 489 758 concordIam
511 693 690 756 observare
707 693 805 772 juxta
820 695 876 756 te·
931 698 967 757 ut
981 697 1092 757 omnia
1108 696 1267 773 praedicta
1290 697 1530 760 inviolabililer
1554 697 1587 758 in
1607 714 1752 776 perpe-x

86 808 194 855 norem
219 791 442 870 praesentibus
463 794 648 864 exaratum,
667 793 709 854 ad
731 793 875 854 vestram
930 793 1023 854 tuum
1039 793 1267 856 observentur.
1284 795 1324 856 at
1343 794 1373 854 si
1392 795 1611 857 communitas
1626 795 1726 858 vellet

87 891 232 952 volumus
255 891 409 952 notitiam
433 892 620 968 pervenire,
638 889 723 968 quod
744 906 807 952 nos
833 889 873 951 ad
930 889 1053 952 addere
1070 890 1121 952 vel
1143 892 1304 965 minuere,
1320 891 1453 953 nonnisi
1465 891 1507 953 de
1522 893 1725 955 conscientia

86 989 239 1051 bonorem
254 988 315 1050 Dei
336 991 368 1051 et
382 987 508 1049 domini
523 992 634 1066 Papae,
655 1005 694 1050 ac
715 1004 775 1066 pro
794 1004 876 1066 pace
930 989 1332 1065 otpermissionedomini
1349 991 1650 1068 papaenat.Datum
1665 992 1726 1054 Vi·
1850 1003 1856 1012 “

86 1085 193 1165 populi
206 1087 365 1148 Perusini
379 1086 538 1149 nolumus
549 1090 583 1150 et
600 1088 824 1166 precipimus,
840 1089 877 1149 ut
929 1086 1039 1159 terbii,
1056 1089 1134 1148 Xlli
1146 1087 1214 1148 kal.
1230 1087 1605 1165 octobris,pontiiioatus
1620 1089 1724 1152 nostri

87 1185 335 1249 communitates
359 1199 585 1264 omnesquae
609 1185 751 1263 populus
770 1188 876 1247 Peru·
930 1199 1017 1246 anno
1032 1184 1322 1260 septimodecimo.

86 1282 513 1346 sinuscommunitertenet
528 1283 569 1345 ad
583 1298 805 1357 manasseas,
821 1282 874 1344 vel
971 1281 1173 1343 «Honorius
1197 1283 1384 1361 episcopus,
1411 1298 1528 1346 servus
1552 1301 1724 1348 servorum
1742 1319 1745 1326 ,

87 1395 280 1456 recuperare
300 1382 410 1458 potest
425 1381 527 1459 juste,
548 1381 693 1458 potestas
714 1382 768 1443 vel
789 1397 874 1443 con·
929 1378 1000 1453 Del,
1017 1379 1147 1442 dilectls
1160 1381 1239 1442 liliis
1253 1382 1408 1458 potestati
1424 1383 1457 1444 et
1471 1383 1593 1460 populo
1613 1386 1722 1444 Peru-

86 1478 182 1551 snles,
208 1478 268 1556 qui
299 1495 359 1555 pro
387 1480 536 1556 tempore
565 1478 699 1551 tuerint,
722 1479 801 1541 dent
831 1479 873 1540 ad
929 1476 1024 1550 sinis,
1050 1478 1247 1540 salutemet
1275 1479 1498 1556 apostolicam
1524 1479 1725 1544 benedictio·

86 1576 260 1638 cottumnm
278 1591 340 1654 pro
353 1576 500 1638 denariis
516 1577 568 1637 illi
580 1576 633 1638 vel
648 1576 716 1637 illis
731 1577 788 1654 qui
800 1576 874 1654 plus
929 1589 1016 1636 nem.
1036 1576 1174 1636 Gratum
1197 1575 1356 1651 gerirnus,
1373 1580 1406 1638 et
1423 1577 1632 1654 prudentIam
1644 1595 1725 1642 ves-

85 1673 246 1736 roluerint
268 1674 361 1748 dare,
387 1676 421 1737 et
441 1675 605 1752 recipiant
627 1674 820 1748 cottumnm,
843 1675 875 1736 et
928 1673 1014 1734 tram
1036 1673 1071 1734 in
1095 1674 1234 1734 Domino
1259 1675 1541 1748 commendamus,
1565 1676 1651 1754 quod
1673 1678 1726 1738 at-

86 1772 288 1836 oommittant
310 1773 371 1835 tali
391 1773 447 1835 vel
470 1772 592 1834 talibus
616 1773 874 1850 personisque

86 1869 259 1931 cadumum
276 1871 385 1948 ipsum
401 1869 544 1932 fideliter
561 1870 602 1931 ad
622 1887 705 1947 opus
727 1885 875 1932 commu-

86 1967 191 2029 nitatis
204 1969 415 2041 conserveni,
427 1983 490 2030 nec
504 1968 545 2030 de
560 1967 715 2031 cottumis
727 1968 795 2028 illis
809 1983 872 2029 ex·

86 2065 241 2142 pendatur
255 2067 323 2128 nisi
338 2083 398 2145 per
408 2067 674 2128 emendationem
696 2080 871 2143 equorum,

87 2165 132 2226 vel
146 2180 204 2242 pro
217 2165 297 2226 aliis
309 2165 510 2227 necessariis
525 2164 693 2242 expensis,
709 2178 770 2241 pro
785 2162 874 2225 utili-

86 2262 145 2324 tate
168 2263 338 2325 communi
362 2263 403 2325 de
438 2263 580 2324 consilio
614 2263 775 2340 generali.
803 2263 874 2324 Gol-

86 2360 162 2424 lecta
180 2361 234 2424 rel
256 2361 361 2424 multa
389 2377 457 2424 non
483 2361 541 2424 liat
564 2361 630 2422 alsi
650 2377 709 2440 pro
732 2362 874 2439 quatuor

87 2460 198 2532 causis,
214 2459 383 2533 videlicet,
400 2475 460 2537 pro
481 2459 619 2522 servitio
641 2458 798 2521 Ecclesiae
812 2459 874 2521 Ro-

87 2571 201 2628 manae,
241 2557 357 2635 populi
390 2556 552 2630 Romani,
578 2555 789 2634 imperatoris
819 2556 873 2618 rel

87 2653 185 2716 nuntii
199 2655 264 2728 sui,
280 2656 313 2718 et
333 2671 434 2733 quum
449 2654 589 2733 populus
601 2655 783 2717 Perusinus
795 2670 871 2716 mo-

87 2751 165 2814 verit
191 2767 349 2828 guerram
373 2753 413 2814 de
441 2753 609 2815 communi
629 2752 811 2826 voluntate,
840 2751 873 2814 et

88 2863 178 2926 quum
201 2849 300 2913 debet
322 2849 411 2924 ileri,
437 2849 496 2913 flat
520 2849 662 2912 fideliter
690 2866 750 2928 per
767 2864 871 2927 paro-

88 2945 186 3008 cbiam
206 2934 261 3010 rel
290 2947 482 3026 capellam:
510 2948 556 3011 ita
574 2949 696 3010 minem
723 2948 809 3026 quod
831 2947 872 3009 de

90 3054 278 3124 unaquaque
293 3045 529 3124 parochiaduo
546 3046 723 3123 eligantur,
740 3045 795 3122 qui
816 3061 873 3107 sa-

89 3143 245 3206 cramento
272 3145 422 3222 praestito
450 3143 576 3207 faciant
603 3142 775 3206 collectam
793 3141 872 3204 dili-

89 3241 200 3314 genter,
229 3257 294 3304 nec
328 3244 489 3305 excusent
525 3241 669 3319 aliquem
707 3241 868 3314 amicitia,

89 3339 366 3415 consanguinitate
378 3340 431 3402 vel
455 3339 523 3402 alio
543 3339 629 3401 dolo.
645 3338 789 3401 collecta
804 3354 870 3400 au-

88 3432 146 3494 tem
158 3434 209 3496 rel
225 3435 331 3520 multa
346 3453 411 3499 non
427 3435 610 3506 flat,doneo
623 3437 871 3515 aliquidsuper·

89 3531 133 3593 est
148 3533 186 3594 de
203 3535 452 3607 communitate,
470 3536 503 3597 et
520 3535 550 3596 si
568 3537 789 3598 communitas
803 3551 870 3597 non

90 3628 243 3694 euinceret
279 3633 320 3694 ad
355 3633 484 3696 salvum
514 3647 688 3711 equorum,
713 3635 784 3696 tum
813 3633 872 3695 llat

90 3726 213 3791 collecta
234 3731 309 3793 sive
325 3731 441 3792 multa.
458 3732 593 3793 Salvum
610 3747 689 3804 aero
710 3747 870 3809 equorum

91 3821 140 3885 iat
153 3827 333 3890 secundum
349 3829 563 3892 constitutum
583 3827 741 3897 civitatis,
757 3829 804 3891 ita
823 3829 872 3892 ta·

91 3934 155 3983 men
168 3926 251 4002 quod
268 3926 299 3988 si
315 3928 487 4004 suspectus
504 3926 668 3990 habeatur
683 3927 753 4001 ille,
775 3930 870 4005 cujus

92 4031 182 4094 equus
214 4025 366 4097 moritur,
396 4023 512 4102 probet
540 4041 599 4102 per
624 4023 706 4087 duos
730 4025 868 4087 idoneos

91 4114 178 4179 testes
196 4137 316 4200 equum
339 4124 505 4185 mortuum
528 4137 602 4184 esse
624 4123 697 4184 sine
721 4124 817 4200 culpa
837 4124 870 4185 et

92 4211 156 4276 dolo
167 4233 235 4292 suo,
251 4221 300 4283 ita
314 4220 399 4297 quod
412 4219 596 4282 familiares
608 4236 675 4282 non
686 4221 870 4284 excludan-

91 4309 376 4380 turateslimonio.
401 4317 536 4380 Salvum
560 4334 720 4396 equorum
737 4317 867 4381 intelli-

91 4408 183 4482 gimus
206 4415 355 4493 tempore
383 4416 475 4493 pacis
500 4430 559 4493 per
585 4431 706 4494 equum
730 4416 868 4494 triginta

92 4507 220 4588 illaque
241 4513 358 4588 libras,
387 4513 420 4575 et
446 4513 596 4590 tempore
624 4529 757 4590 guerrae
784 4530 870 4592 qua·

93 4599 226 4682 draginta
243 4611 349 4673 libras
365 4627 471 4689 usque
491 4611 526 4673 in
547 4612 672 4685 decem,
692 4610 739 4672 ita
757 4612 868 4674 tamen

93 4697 117 4757 si
134 4707 312 4772 constiterit
335 4709 489 4786 potestati
516 4709 569 4771 vel
594 4707 868 4788 consulibus,qui

94 4810 142 4870 bro
166 4803 309 4883 tempore
333 4807 467 4879 fuerim,
490 4806 575 4884 quod
604 4807 732 4869 tantum
756 4807 868 4871 valeat

93 4905 191 4970 equus.
208 4904 341 4966 Salvum
365 4919 446 4967 vero
467 4919 628 4981 equorum
644 4904 866 4982 intelligimus

95 4993 268 5075 campore
292 5001 434 5064 Rustici.
460 5001 677 5079 Praecipimus
704 5003 815 5078 etlam,
833 5004 869 5066 ut

94 5084 128 5148 do
146 5097 257 5160 cetero
283 5097 376 5160 nulla
398 5099 580 5175 singularis
598 5101 790 5164 constitutio
809 5101 869 5164 fiat

96 5183 149 5248 nisi
163 5190 194 5253 in
206 5197 354 5271 generali
367 5196 506 5258 oonsilio
519 5197 674 5271 civitatis,
687 5199 720 5260 et
733 5198 798 5260 nisi
809 5215 869 5277 per

96 5293 152 5358 00⁸,
164 5291 214 5366 qui
228 5293 324 5356 electi
346 5293 471 5357 luerint
491 5294 526 5354 in
542 5296 702 5356 concione
717 5296 757 5358 de
777 5312 869 5359 com-

96 5385 171 5444 num
185 5390 350 5454 uoluntate
364 5391 406 5453 ad
429 5391 643 5455 constitutum
664 5391 866 5456 iaciendum.

97 5475 235 5547 Caeterum
251 5489 278 5550 si
294 5505 359 5567 qua
376 5489 520 5566 partium
536 5492 651 5551 contra
670 5491 868 5554 haecomnia

97 5577 192 5642 venire
215 5587 405 5661 meaverit,
429 5589 551 5665 praeter
574 5589 703 5650 reatum
730 5592 868 5668 periurii

99 5667 150 5733 luo
162 5679 258 5746 millia
269 5683 431 5748 llbrarum
444 5685 672 5749 communitati
687 5689 867 5764 personat,

929 1770 1101 1833 tendentes
1115 1771 1303 1833 dilectionis
1319 1772 1485 1845 allectum,
1503 1789 1599 1851 quem
1615 1778 1725 1850 Apos-

928 1867 1028 1929 tolica
1044 1849 1156 1940 Sedes,
1174 1871 1206 1930 et
1226 1870 1419 1946 specialiter
1435 1885 1495 1933 nos
1515 1871 1556 1932 ad
1577 1873 1723 1932 vestram

928 1966 1076 2042 gerimus
1089 1967 1271 2039 oimtatem,
1290 1981 1351 2044 pro
1367 1967 1617 2030 imminentibus
1631 1969 1726 2032 vobis

929 2064 1073 2138 negotiis
1087 2063 1129 2126 ad
1155 2079 1228 2138 nos,
1250 2064 1337 2126 sicut
1357 2065 1461 2138 decet,
1485 2065 1671 2139 recurritis,
1688 2069 1726 2128 ut

928 2161 963 2221 in
982 2161 1051 2222 illis
1066 2162 1247 2224 secundum
1268 2164 1376 2225 nostri
1392 2163 1628 2226 moderaminis
1643 2181 1725 2243 pru·

928 2257 1075 2320 dentiam
1107 2259 1306 2336 procedatis.
1335 2261 1471 2322 Litteris
1495 2261 1608 2337 igitur,
1639 2277 1724 2340 quas

928 2357 1039 2418 vestra
1055 2356 1151 2418 nobis
1166 2357 1347 2420 destinavit
1361 2359 1529 2432 discretio,
1546 2359 1724 2436 diligenter

928 2453 1070 2528 auditis,
1100 2456 1285 2518 exteriore
1313 2456 1507 2532 collegimus
1533 2458 1723 2520 earumdem

928 2552 1013 2630 quod
1037 2567 1079 2615 ex
1096 2553 1291 2630 quibusdam
1306 2553 1416 2616 verbis
1436 2555 1622 2617 concordiae
1642 2556 1722 2618 olim

928 2651 1016 2713 inter
1033 2666 1093 2712 vos
1119 2666 1180 2728 per
1202 2650 1359 2714 dilectum
1381 2652 1486 2714 fllium
1509 2655 1542 2714 S,
1571 2651 1721 2717 basilicae

926 2747 1102 2810 duodecim
1116 2749 1348 2826 Apostolorum
1364 2750 1483 2829 presby
1489 2751 1593 2813 terum
1606 2751 1720 2813 cardi-

926 2846 1047 2918 nalem,
1072 2847 1106 2908 et
1129 2847 1295 2908 Bobooem
1322 2847 1467 2910 oddonis
1491 2848 1645 2922 Bobonis,
1663 2851 1721 2927 qui

925 2945 1017 3006 tuno·
1037 2943 1207 3006 obtinebat
1238 2947 1358 3007 vestrae
1382 2945 1527 3008 civitatis
1557 2945 1718 3022 regimen,

927 3041 1094 3110 stabilite,
1118 3042 1269 3119 quaedam
1295 3043 1384 3105 inter
1405 3059 1464 3105 vos
1488 3042 1650 3106 dubitatio
1670 3046 1722 3108 est

926 3139 1073 3214 suborta,
1090 3139 1288 3219 quibusdam
1304 3141 1490 3203 dicentibus
1506 3140 1579 3204 lieri
1599 3141 1721 3206 debere

926 3238 1110 3312 collectam,
1123 3253 1198 3299 oum
1213 3237 1395 3315 Eugnbinis
1410 3255 1564 3316 guerram
1576 3239 1617 3301 de
1630 3256 1722 3302 com-

926 3336 1017 3398 muni
1032 3337 1203 3398 moveritis
1218 3337 1401 3412 voluntate,
1412 3338 1445 3401 et
1459 3337 1546 3401 Istud
1559 3339 1603 3401 sit
1617 3355 1719 3401 arnum
1784 3327 1786 3333 ⁴

925 3449 968 3496 ex
980 3436 1124 3513 quatuor
1145 3433 1290 3508 casibus,
1307 3435 1475 3512 inquibus
1498 3439 1550 3498 est
1566 3435 1721 3500 facienda

925 3533 1064 3594 collecta
1079 3533 1260 3594 secuudum
1275 3533 1423 3594 tenorem
1441 3533 1628 3600 concordiae
1643 3551 1720 3597 me-

926 3631 1073 3704 moratae,
1087 3645 1186 3708 quum
1211 3632 1465 3694 communitates
1486 3633 1518 3694 et
1537 3634 1719 3695 cottumum

925 3727 1247 3790 communanliarum
1256 3730 1431 3805 praesentis
1446 3729 1526 3790 anni
1540 3745 1605 3790 non
1619 3729 1718 3790 sulti-

925 3827 1015 3888 ciant
1026 3825 1067 3888 ad
1080 3825 1398 3904 salvumequorum;
1419 3828 1452 3889 et
1467 3827 1535 3888 alia
1552 3825 1717 3901 facienda,

925 3939 986 3986 nec
1006 3923 1261 3986 communitates
1277 3923 1370 4000 ipsae,
1387 3941 1461 4002 quae
1475 3939 1535 4004 pro
1559 3927 1717 4003 praesenti
1751 3913 1752 3918 ’

924 4037 1013 4084 anno
1027 4021 1130 4083 semel
1141 4021 1425 4094 cottumataesunt,
1434 4021 1497 4084 lroc
1508 4023 1622 4084 eodem
1632 4040 1721 4088 anno

923 4119 1046 4194 iterum
1060 4119 1294 4192 cottumandae,
1303 4136 1403 4196 quum
1416 4107 1609 4198 expressum
1626 4123 1670 4184 sit
1684 4121 1719 4184 in

924 4217 1332 4296 concordia.supradicta,
1351 4219 1386 4280 nt
1406 4220 1564 4292 rectores
1582 4219 1638 4296 qui
1657 4235 1718 4300 pro

923 4317 1071 4394 tempore
1094 4315 1228 4388 luerint,
1259 4314 1337 4377 illas
1363 4316 1505 4379 debeant
1519 4319 1715 4390 cottumare,

923 4415 1069 4477 maxime
1087 4430 1187 4492 quum
1203 4421 1269 4475 non
1287 4413 1331 4476 sit
1347 4413 1437 4474 aliud
1449 4415 1597 4490 tempore
1612 4415 1715 4491 pacis,

923 4511 1012 4573 unde
1030 4511 1160 4589 possint
1177 4523 1340 4588 expensas
1362 4510 1472 4572 tacere
1493 4510 1715 4586 imminentes,

922 4609 1071 4688 eoquod
1105 4607 1287 4670 secundum
1314 4607 1502 4670 concordiae
1530 4609 1717 4687 saepedicta

922 4709 1072 4771 tenorem
1095 4709 1244 4784 tempore
1283 4705 1375 4784 pacis
1402 4707 1537 4770 nonsit
1564 4707 1717 4771 facienda

922 4805 1073 4878 collecta,
1089 4805 1123 4868 et
1141 4805 1280 4883 insuper
1301 4805 1528 4867 asserentibus
1543 4807 1717 4870 collectam

922 4904 1043 4966 debere
1069 4903 1212 4964 fideliter
1242 4902 1317 4964 fleri
1345 4903 1525 4964 secundum
1551 4907 1717 4968 servatam

922 5001 1196 5064 consuetudinem
1224 5017 1291 5063 non
1313 5015 1372 5078 per
1393 4999 1525 5074 libram,
1538 5019 1638 5081 quum
1658 5019 1719 5080 per

922 5100 1042 5161 libram
1070 5099 1144 5161 lieri
1167 5115 1235 5161 non
1258 5099 1364 5161 soleat
1386 5097 1419 5159 in
1442 5102 1557 5161 vestra
1583 5101 1718 5163 civitate

923 5197 1073 5270 collecta,
1099 5197 1186 5259 sicut
1210 5197 1395 5259 assertione
1420 5198 1608 5259 vestrorum
1638 5199 1717 5276 plu-

922 5295 1009 5358 rium
1025 5295 1269 5373 comprobatur.
1289 5294 1356 5357 Alii
1375 5309 1454 5356 vero
1470 5294 1548 5356 licet
1562 5309 1717 5371 guerram

922 5397 1045 5456 motam
1067 5393 1174 5468 ¹luisse
1195 5394 1236 5454 de
1263 5391 1431 5455 communi
1456 5391 1626 5456 voluntate
1645 5411 1719 5456 om·
1831 5431 1833 5436 ·

923 5493 1017 5554 nium
1029 5484 1207 5564 lateantu'r,
1221 5493 1254 5553 et
1269 5491 1398 5551 salvum
1414 5505 1572 5566 equorum
1588 5493 1621 5554 et
1633 5493 1718 5555 alias

924 5605 1089 5667 expensas
1112 5590 1225 5652 dicant
1250 5603 1324 5650 esse
1345 5587 1543 5662 reddendas,
1565 5593 1719 5654 asserunt

922 5691 1035 5752 tamen
1058 5687 1229 5750 collectam
1252 5685 1463 5764 aliquatenus
1486 5686 1560 5749 lieri
1578 5688 1719 5751 nonde·
