3948 6326
30 343 78 404 so
613 305 842 404 seleucum.
867 343 944 402 ure.
967 343 1055 404 vui.
1585 347 1645 406 eso

29 499 372 564 terramnobilisviri...
384 483 800 572 ducisAustriae,setrans·
895 501 1021 564 Vestrae
1036 500 1396 576 devotionishalsemus
1411 501 1539 564 litteras
1563 520 1644 566 con-

28 601 110 670 ferre,
125 597 363 660 fraternitatem
385 599 476 660 tuam
499 613 656 673 rogamus
671 598 703 659 et
716 597 799 658 hor·
854 598 1009 669 tinentes,
1034 598 1119 674 quod
1142 598 1344 660 venerabilis
1366 598 1470 660 trater
1492 599 1641 662 noster...

28 699 119 757 tamm·
140 696 276 766 attente,
300 697 465 771 quatenus
490 695 584 756 tuum
605 695 714 756 adhuc
736 694 799 755 sibi
854 695 1645 772 Norvicensisepiscopustuncelectusetcame-

29 791 183 854 consilium
202 793 235 854 et
250 791 414 852 auxilium
433 791 634 869 tanquamin
647 791 798 853 adversi·
853 791 965 854 rarius
984 793 1107 863 noster,
1124 793 1239 869 quinta
1254 792 1337 854 seria
1355 797 1429 870 post
1448 794 1567 855 testum
1583 798 1645 858 Re-

28 891 81 950 tate
90 888 270 964 hujusmodi
282 890 509 951 necessarium
523 888 706 952 liberaliter
716 889 749 950 et
762 887 799 948 li·
853 888 1069 950 surrectionis
1078 890 1257 952 Dominicae
1273 891 1471 968 quingentas
1484 891 1603 967 viginti
1612 893 1645 954 et

28 985 123 1047 lenter
148 985 357 1062 impendens,
373 987 420 1047 ita
440 987 526 1064 quod
540 987 606 1063 ipsi
620 987 751 1048 consilii
766 988 799 1047 et
853 1001 953 1049 unam
964 1001 1109 1046 marcam
1131 989 1253 1064 septem
1269 986 1403 1058 selidoS,
1416 989 1449 1050 et
1461 988 1572 1049 decem
1586 988 1645 1048 de-

28 1082 127 1142 auxilii
146 1082 194 1143 tui
218 1097 279 1159 ope
304 1083 450 1155 suffulto,
474 1082 549 1160 post
570 1084 799 1160 tempestatem
852 1082 965 1144 uarios
991 1083 1227 1160 sterlingorum
1251 1099 1411 1146 novorum
1439 1085 1475 1144 in
1500 1087 1644 1162 quinque

853 1180 995 1242 sacculis
1023 1182 1157 1242 nomine
1196 1184 1308 1243 nostro
1339 1183 1497 1244 custodiae
1524 1186 1643 1244 vestrae

27 1178 220 1256 tranquillum
239 1179 272 1241 et
291 1189 446 1241 serenum
461 1181 536 1257 post
549 1179 699 1240 nubilum
712 1181 800 1242 tem·

27 1275 86 1336 dem
100 1276 184 1337 flant.
201 1277 319 1338 Datum
334 1278 503 1351 Laterani,
521 1279 597 1339 VIII
614 1277 688 1339 Kal.
708 1293 799 1358 mar-

27 1373 67 1444 tii,
78 1373 281 1449 pontificatus
294 1375 401 1438 nostri
416 1390 505 1439 anno
520 1377 647 1438 octavo.

297 1651 510 1738 CXXXVII

161 1791 213 1864 dd
232 1805 429 1878 eptscopnm
449 1805 629 1879 leoninum.

293 1932 329 1993 23
348 1931 404 1991 leb.
426 1933 504 2046 ίὶἳᾶ.

101 2054 226 2120 [Theman
243 2055 306 2108 cod.
319 2055 382 2122 dipl.
397 2056 506 2106 dominii
518 2061 609 2122 temp„
621 2056 641 2114 1,
652 2055 704 2120 lu]

29 2178 182 2238 licomedit
195 2179 363 2239 Bundenum
378 2180 414 2238 de
433 2181 569 2239 Bunoilm
587 2187 615 2238 et
629 2177 797 2238 Buudenum

302 2269 339 2327 de
357 2268 496 2328 arduino.

58 2385 125 2446 Cum
133 2385 797 2449 BundenumdeBunoillisetBundenum

30 2479 216 2553 delrduino
246 2501 319 2562 quae
345 2493 389 2546 ex
416 2469 595 2546 donatione
619 2483 797 2545 comitissae

29 2579 174 2642 llathildis
186 2581 228 2642 ad
251 2583 435 2643 Romanam
451 2581 601 2658 spectant
614 2580 796 2642 Ecclesiam

29 2674 55 2734 iu
67 2676 113 2738 tua
124 2679 188 2739 sint
201 2679 339 2741 dioecesi
351 2679 552 2754 constitutu3
568 2691 629 2739 nos
644 2679 685 2739 de
700 2694 796 2739 com-

28 2773 99 2833 muni
121 2774 259 2837 fratrum
282 2777 473 2838 nostrorum
490 2791 643 2846 assensu,
660 2789 700 2836 ea
722 2790 796 2836 cum

28 2871 208 2944 pertinentiis
220 2872 295 2946 tibi,
308 2873 341 2936 et
352 2871 602 2934 successoribus
614 2871 681 2934 tuis
692 2885 796 2949 usque

29 2967 58 3024 ad
71 2969 194 3045 triginta
208 2985 318 3032 annos
333 2970 476 3032 tenenda
491 2969 715 3041 concedimus
735 2968 796 3029 sub

29 3063 138 3139 diginta
152 3067 316 3130 librarum
331 3067 601 3146 proveniensium
616 3081 719 3127 censu
734 3067 797 3128 Ro-

28 3175 103 3223 mano
116 3165 280 3235 Pontifici,
294 3165 350 3243 qui
366 3167 584 3244 protempore
599 3163 710 3239 luerit,
724 3177 796 3240 per

28 3258 157 3323 solvendo
170 3279 234 3340 pro
246 3263 444 3325 investitura
457 3263 605 3324 locorum
619 3261 796 3338 ipsoruma

29 3354 51 3414 te
62 3356 153 3431 nobis,
170 3361 203 3423 et
216 3359 343 3422 eisdem
354 3359 513 3421 iratribus
525 3358 648 3420 nostris
662 3359 797 3420 trecen-

28 3451 794 3536 tislihrisprovenlensibuspersolutIs.Termino

28 3551 113 3612 autem
125 3555 280 3617 veniente
295 3554 452 3632 praedicto
467 3553 553 3631 quod
566 3552 652 3614 iuter
667 3555 794 3614 Roma-

28 3659 85 3708 nam
95 3652 274 3714 Ecclesiam
284 3667 385 3730 super
397 3649 470 3724 hoc,
486 3650 518 3712 et
528 3651 559 3713 te
574 3652 607 3712 et
621 3665 795 3712 successo-

28 3759 68 3805 res
81 3748 145 3809 tuos
157 3749 362 3822 convenerit,
378 3747 572 3810 observetur
590 3747 676 3824 quod
692 3748 721 3808 si
735 3748 792 3807 ni-

28 3837 267 3920 lilconrenerit,
287 3847 361 3909 loca
390 3846 517 3918 eadem,
543 3845 661 3907 solutis
687 3843 793 3922 primo

28 3941 150 4006 ecclesie
158 3942 681 4022 Reginensisexpensisutilibus,
692 3943 724 4004 et
734 3957 794 4002 ne·

29 4041 165 4115 cessantis,
180 4039 287 4104 libere
302 4041 344 4103 ad
360 4041 476 4104 Sedem
493 4041 715 4117 apostolicam
733 4055 792 4102 re·

28 4137 181 4201 vertantur.
204 4139 299 4202 Nulli
313 4154 403 4215 ergo,
421 4140 483 4201 etc.
497 4139 616 4200 Datum
637 4137 793 4200 Laterani

28 4234 140 4307 septimo
153 4236 314 4300 kalendas
329 4236 440 4298 martii
461 4235 670 4312 pontificatus
685 4234 793 4296 nostri

28 4335 228 4397 anuooctavo.

281 4609 514 4698 CXXXVIII

29 4753 224 4830 repriorere
239 4749 274 4821 ct
294 4763 500 4824 concentum
514 4763 547 4822 S.
565 4763 732 4822 Jonamns
754 4763 791 4820 tn

219 4859 337 4920 monte
350 4861 569 4922 Bononiensi.

253 4987 290 5046 tl
311 4986 444 5045 februarii
458 4988 537 5046 litt.

37 5097 182 5167 [lenum.
193 5110 259 5170 vur,
269 5111 342 5176 epist.
355 5110 411 5161 rsa.
428 5111 486 5164 uss.
502 5110 622 5163 aaroni
633 5110 667 5161 uu
680 5109 774 5174 mers

30 5223 120 5289 laudat
136 5243 165 5293 ut
176 5236 328 5310 quamdam
344 5237 472 5316 pecuniae
486 5249 638 5305 summam,
656 5237 698 5294 eis
712 5249 789 5294 com·

64 5319 175 5393 musam,
190 5323 356 5382 marchione
368 5323 568 5383 Montislerreti
581 5325 739 5397 assignent.

853 1278 1026 1340 commisit.
1054 1279 1215 1350 Quocirca
1231 1279 1423 1340 discretioni
1447 1281 1566 1342 vestrae
1586 1285 1644 1357 per

851 1375 1042 1452 Apostolice
1082 1376 1206 1454 scripta
1241 1378 1448 1450 mandamus,
1481 1379 1644 1454 quatenus

852 1487 912 1548 per
926 1488 1044 1534 manus
1057 1473 1259 1536 venerabilis
1272 1474 1386 1536 fratris
1404 1475 1547 1537 nostri...
1565 1477 1643 1536 Mu-

853 1571 965 1632 nensis
982 1571 1128 1648 episcopi
1140 1571 1332 1648 praedictam
1347 1572 1496 1648 pecuniae
1512 1573 1647 1649 quanti-

851 1665 953 1728 tatem
968 1667 1071 1728 nobili
1086 1669 1197 1730 viros..
1212 1667 1644 1730 marchioniMontisterrati

852 1764 1025 1841 assignare
1044 1766 1180 1827 minime
1206 1765 1381 1828 differatis.
1402 1768 1520 1830 Datum
1543 1767 1643 1829 Late-

851 1862 938 1934 rani,
955 1865 1049 1926 sextc
1068 1862 1230 1926 kalendas
1256 1864 1378 1935 martii,
1402 1875 1490 1924 anno
1515 1864 1641 1925 octavo.

1016 2303 1068 2377 ne
1080 2315 1236 2379 ceratem
1247 2319 1289 2378 ce
1305 2317 1474 2378 cotonea.

1112 2446 1148 2504 al
1162 2443 1297 2504 februarii
1309 2445 1389 2504 lane

869 2559 987 2633 merset,
1000 2567 1045 2622 llb.
1062 2569 1126 2626 v111.
1142 2569 1217 2634 epist.
1228 2565 1286 2620 Μ.
1297 2569 1355 2620 llss.
1369 2528 1406 2620 Le
1415 2569 1490 2620 Porto
1502 2568 1536 2620 du
1549 2567 1630 2620 Theil:

886 2691 966 2754 Idem
979 2703 1180 2769 argumentum
1196 2709 1281 2768 quam
1297 2695 1452 2768 superioris
1471 2685 1607 2768 epistolae.

890 2831 1069 2904 Honorius
1094 2832 1171 2903 eto,
1187 2830 1309 2892 dilecto
1332 2829 1440 2892 illio...
1472 2829 1582 2891 abbati
1605 2829 1645 2890 de

851 2928 1020 3000 Columba,
1040 2929 1228 2991 salutemet
1248 2927 1471 3005 Apostolicam
1483 2927 1644 2989 benedic-¹

850 3027 987 3088 tionem.

889 3127 967 3184 Tuae
992 3122 1177 3185 devotionis
1196 3121 1357 3184 habemus
1380 3122 1509 3184 litteras
1533 3122 1650 3184 conti-v

849 3220 978 3291 nentes,
995 3219 1081 3298 quod
1096 3220 1262 3282 solutione
1285 3219 1383 3296 plene
1408 3218 1496 3281 lacta
1518 3221 1645 3281 nuntiis

849 3317 970 3380 nobilis
985 3317 1087 3379 viri...
1103 3317 1308 3379 marchionis
1318 3317 1568 3389 Montislerrati,
1586 3333 1644 3380 se-

849 3415 992 3477 cundum
1008 3415 1287 3492 computationem
1302 3415 1461 3491 ipsorum,
1476 3415 1645 3490 octoginta

848 3529 970 3575 marcae
991 3513 1066 3574 auri
1094 3513 1135 3575 de
1159 3512 1300 3574 Palliola
1329 3513 1362 3574 et
1387 3511 1524 3572 dimidia
1542 3528 1645 3588 penes

848 3612 1085 3673 monasterium
1094 3612 1188 3672 tuum
1197 3611 1233 3670 in
1241 3609 1640 3686 depositoremanserunt.

849 3709 1009 3781 Quocirca
1024 3708 1238 3786 praesentium
1251 3705 1311 3768 tihi
1326 3706 1524 3769 auctoritate
1542 3721 1641 3766 man-¹

848 3806 976 3877 damus,
991 3808 1153 3882 quatenus
1175 3805 1351 3881 praedictas
1364 3803 1531 3879 octoginta
1546 3819 1640 3864 mer-⁵

848 3919 904 3965 ces
920 3915 980 3980 per
993 3916 1112 3964 manus
1127 3900 1328 3965 venerabilis
1343 3900 1457 3961 listris
1480 3901 1638 3962 nostri...

848 4001 1045 4062 Mutinensis
1065 3999 1213 4076 episcopi
1228 3999 1335 4060 eidem
1354 3997 1549 4059 marchione
1573 4013 1641 4059 non

847 4097 983 4160 differas
998 4097 1182 4173 assignare.
1199 4097 1317 4158 Datum
1333 4096 1500 4168 Laterani,
1515 4098 1556 4156 Vl
1573 4095 1639 4156 uae

847 4195 963 4257 lendes
979 4195 1101 4268 martii,
1118 4209 1207 4258 anno
1222 4195 1349 4255 octavo.

865 4637 1085 4714 nectentem
1109 4647 1142 4710 cl
1157 4647 1362 4708 conventum
1386 4641 1427 4706 de
1441 4647 1616 4706 Leucadio.

1105 4771 1141 4837 Ἃ
1152 4776 1284 4835 februarii
1300 4776 1378 4834 ΜΡ.

861 4907 980 4971 stirpest,
993 4904 1038 4954 lib.
1057 4901 1124 4960 lllll,
1133 4901 1207 4966 epist.
1217 4899 1273 4949 289.
1285 4901 1343 4950 llss.
1354 4901 1391 4951 La
1401 4899 1477 4950 Porta
1486 4900 1520 4950 du
1529 4899 1623 4966 rhein]

880 5029 959 5090 ldem
974 5033 1175 5102 argumentum
1192 5040 1277 5098 quem
1297 5025 1453 5098 superioris
1464 5025 1601 5099 epistola.

777 5191 779 5194 ·
884 5163 1063 5229 Honorius.
1087 5162 1162 5233 eto„
1188 5159 1319 5222 dilectis
1341 5160 1457 5221 liliis...
1479 5157 1590 5223 ahbati
1606 5161 1639 5222 et
1700 5203 1706 5208 -

846 5261 1022 5326 couventui
1038 5260 1078 5321 de
1093 5258 1268 5331 Leucedio,
1285 5258 1437 5328 salutem,
1454 5259 1516 5318 etot

885 5361 1011 5423 Vestrae
1035 5356 1220 5420 devotionis
1233 5355 1393 5417 habemus
1408 5354 1536 5416 litteras
1551 5368 1636 5416 cou-

58 5451 217 5530 Honorius,
243 5462 319 5533 eto,
340 5459 471 5522 dilectis
486 5459 602 5522 filiis...
629 5459 733 5537 priori
758 5460 792 5520 et
844 5458 999 5524 tinentes,
1016 5455 1102 5533 quod
1124 5468 1183 5515 vos
1210 5469 1230 5514 a
1256 5452 1377 5516 dilecto
1405 5450 1476 5512 lilio
1500 5451 1637 5526 AEgidio

30 5555 176 5655 conventui
190 5558 300 5620 Sancti
315 5558 480 5620 iohannis
499 5558 535 5618 in
550 5559 661 5623 moute
677 5559 790 5621 Bonc-

30 5649 124 5722 nrensi,
140 5655 287 5730 salutem,
304 5658 367 5718 etc.

846 5555 1048 5618 subdiacono
1061 5553 1094 5614 et
1107 5551 1280 5628 capellano
1304 5550 1417 5611 nostro
1444 5547 1504 5609 suh
1525 5553 1637 5612 vestra

846 5656 879 5715 et
890 5651 1040 5715 ecclesiae
1061 5650 1182 5713 vestrae
1197 5647 1347 5710 custodie
1362 5645 1534 5722 recepistis
1549 5663 1636 5724 qua·
