4036 6330
749 401 977 462 quTotAE.
1001 401 1079 461 LIB.
1103 401 1157 460 lX.
1715 401 1775 462 714

981 559 1067 623 cesis
1091 576 1150 623 eos
1175 571 1275 636 super
1300 557 1441 620 ecclesia
1468 559 1508 620 de
1531 559 1642 635 storga
1662 575 1774 622 coram

980 657 1097 720 abbate
1121 657 1366 718 Heremitarum
1391 659 1424 718 et
1448 655 1518 716 suis
1545 656 1773 733 conjudicibus

980 756 1177 818 auctoritate
1193 758 1314 817 ‘nostra
1336 755 1494 817 traxisset
1514 755 1548 815 in
1574 769 1720 826 causam,
1742 759 1776 816 et

981 854 1045 930 ipsi
1059 853 1213 929 rescripti
1224 852 1405 930 Apostolici
1416 851 1545 928 copiam
1556 853 1773 928 postularent,

981 949 1139 1028 praetatus
1160 951 1331 1035 presbyter
1346 950 1452 1011 eidem
1469 949 1646 1026 praeposito
1662 950 1774 1011 notam

463 573 596 660 XXIII

250 728 302 788 Ad
316 725 468 787 abbatem
484 725 517 785 et
531 725 662 798 fratres
674 725 807 784 orditus
830 717 834 724 '

404 824 653 884 cisterciensis.

396 954 413 1010 e
432 951 563 1010 novemb.
586 951 664 1009 1221.

199 1072 744 1142 [1111311111ΜειίωᾱιΝειιῑιοῑΙο,218,
759 1072 864 1137 „joop
980 1047 1335 1110 excommunicationis
1355 1047 1487 1125 objecit,
1505 1047 1562 1108 sed
1585 1063 1660 1107 cum
1673 1046 1775 1108 iidem

976 1145 1106 1220 judices
1122 1160 1188 1206 non
1204 1145 1410 1206 attendentes
1424 1144 1509 1222 quod
1532 1160 1589 1206 reo
1605 1161 1670 1206 non
1686 1142 1775 1206 esset

980 1242 1137 1317 legitimae
1160 1242 1362 1304 detensionis
1377 1242 1471 1319 copia
1487 1241 1691 1318 deneganda,
1703 1245 1773 1318 jam

173 1337 340 1400 Honorius
352 1338 660 1414 episcopusservus
671 1349 843 1394 servorum
852 1333 922 1405 Dei,
980 1339 1059 1400 dicti
1080 1339 1233 1416 rescripti
1253 1339 1382 1415 copiam
1398 1341 1512 1400 contra
1524 1339 1689 1415 justitiam
1710 1338 1772 1399 de-

135 1435 264 1497 dilectis
284 1433 364 1494 tiliis
384 1433 556 1495 abbatibus
575 1433 607 1493 et
626 1430 783 1492 tratribus
799 1430 925 1491 ordinis
980 1437 1141 1512 negarent
1154 1437 1289 1508 eisdem,
1316 1436 1381 1512 ipsi
1405 1437 1552 1496 nostram
1568 1436 1772 1497 audientiam

134 1533 374 1603 ὓὶδῐθΐθίθΰὸἰὸ,
388 1531 527 1592 salutem
543 1530 576 1592 θῒ
586 1528 809 1606 apostolicam
823 1526 926 1588 bene·
980 1535 1202 1611 appellarunt.
1217 1534 1359 1610 Ideoque
1373 1533 1565 1595 discretioni
1580 1534 1700 1595 vestrae
1716 1549 1777 1610 per

133 1629 321 1692 dictionem.
334 1637 338 1642 '
980 1631 1172 1708 Apostolica
1187 1631 1311 1708 scripta
1326 1631 1533 1701 mandamus,
1555 1631 1729 1707 quatenus,
1747 1631 1777 1692 si

172 1729 254 1787 (lum
282 1725 461 1803 aliquando
488 1725 625 1800 cogente
655 1722 853 1784 necessitate
871 1721 924 1783 tel
980 1732 1030 1790 cst
1042 1730 1101 1801 ita,
1112 1730 1267 1790 revocato
1278 1729 1312 1789 in
1326 1728 1603 1790 statumdebitum
1615 1727 1773 1806 quidquid

134 1823 277 1885 utilitate
300 1823 435 1900 propria
455 1821 656 1898 requirente,
674 1821 803 1882 vestras
817 1821 925 1881 terras
980 1825 1054 1901 post
1075 1825 1330 1902 appellationem
1354 1824 1545 1901 hujusmodi
1568 1825 1693 1886 temere
1713 1825 1772 1885 in-

134 1921 210 1981 finie
234 1918 391 1995 83116Ρᾶ19
415 1917 599 1979 Concilium
629 1916 809 1993 acquisitas
841 1930 924 1976 con·
979 1922 1141 1984 veneritis
1168 1921 1374 1993 attentatum,
1396 1922 1432 1982 in
1458 1935 1560 1982 causa
1581 1921 1653 1998 ipsa
1676 1922 1774 1998 Juxta

133 2016 301 2078 cesseritis
326 2015 402 2077 aliis
426 2014 637 2086 excolendas,
652 2029 694 2074 ne
709 2029 769 2090 pro
784 2027 823 2074 eo
838 2010 925 2088 quod
980 2019 1128 2095 priorum
1157 2019 1395 2080 continentiam
1427 2018 1615 2080 littorarnm
1642 2017 1773 2079 ratione

133 2113 172 2175 de
194 2113 460 2190 possessionibus
482 2112 556 2190 post
570 2111 656 2173 idem
672 2109 854 2171 Concilium
868 2124 927 2169 ao-
981 2117 1106 2193 proavia
1120 2115 1317 2192 proponatis,
1331 2115 1487 2194 Alioquin
1502 2115 1613 2191 partos
1628 2114 1668 2176 ad
1683 2114 1775 2191 prio-

132 2211 264 2287 quisitis
289 2210 434 2271 decimas
451 2209 590 2281 solvitis,
608 2208 637 2270 Si
651 2207 693 2269 ad
713 2222 925 2269 1113111181θὸ-
980 2212 1556 2290 rumJ'udicumremittatisexamen,
1567 2213 1774 2288 appellantes
1806 2218 1808 2226 ’

131 2311 199 2369 tras
227 2307 338 2372 taliter
361 2323 528 2369 concessae
549 2305 730 2378 redierunt,
754 2320 774 2365 a
797 2318 925 2381 quoque
963 2310 1015 2370 iu
1033 2310 1188 2387 expensis
1206 2309 1363 2385 legitimis
1376 2309 1645 2371 condemnantes.
1659 2310 1772 2370 Testes

132 2405 249 2467 vexari
264 2405 409 2482 possitis
426 2407 462 2466 ut
478 2403 589 2464 nullus
605 2420 625 2465 a
639 2401 733 2464 vobis
748 2401 789 2463 de
804 2402 925 2478 hujus·
981 2409 1092 2469 autem
1119 2407 1175 2485 qui
1201 2407 1326 2468 inerint
1352 2406 1525 2479 nominati,
1542 2407 1571 2467 si
1593 2422 1628 2466 se
1651 2406 1771 2482 gratia,

131 2502 220 2562 modi
235 2502 348 2574 terris,
365 2517 438 2579 (111ae
451 2501 493 2562 ad
507 2517 566 2562 VOS
581 2501 694 2562 taliter
708 2498 879 2570 redierint,
897 2499 925 2558 Si
981 2504 1056 2566 odio
1068 2505 1121 2566 vel
1139 2502 1258 2566 timore
1274 2504 1510 2575 subtraxerint,
1525 2517 1772 2580 percensuram

132 2613 188 2660 eas
201 2598 335 2677 propris
352 2599 505 2659 manibus
524 2599 582 2660 aut
602 2597 788 2674 sumptibus
803 2595 923 2667 colitis,
981 2602 1255 2674 ecclesiasticam,
1279 2601 1502 2678 appellatione
1524 2601 1686 2674 cessante,
1713 2615 1773 2662 co-

131 2697 308 2758 occasione
333 2696 472 2757 concilii
494 2695 668 2758 memorati
684 2694 830 2756 decimas
852 2693 927 2755 exi-
980 2701 1067 2776 gatis
1084 2699 1217 2762 veritati
1234 2699 1458 2762 testimonium
1474 2697 1660 2775 perbibere.
1681 2697 1774 2770 Quod

130 2807 208 2868 gere
223 2792 277 2854 vel
297 2796 495 2872 extorquere
517 2793 705 2869 praesumat,
727 2791 926 2853 auctoritato
981 2798 1010 2858 si
1022 2812 1088 2858 non
1103 2812 1218 2858 omnes
1231 2797 1283 2857 bis
1297 2795 1517 2873 exsequendis
1530 2795 1704 2871 potueritis
1718 2795 1774 2854 in-

120 2885 345 2966 ‘praesentium
360 2890 557 2952 inhibemus.
578 2889 670 2950 Nulli
692 2904 770 2964 ergo
790 2889 925 2949 omnino
980 2895 1119 2966 teresse,'
1134 2893 1199 2954 duo
1214 2894 1361 2954 vestrum
1382 2908 1422 2953 ea
1444 2891 1660 2952 nibilominus
1675 2907 1775 2952 exso-

169 1202 248 1260 ldem
269 1208 470 1275 argumentum
486 1199 560 1274 quod
577 1199 732 1272 superioris
751 1197 887 1270 epistolae.

131 2987 304 3049 bominum
319 2987 419 3051 liceat
434 2987 521 3049 banc
533 2987 689 3063 pagiuam
703 2987 826 3047 nostrae
841 2985 927 3050 inbi-

130 3083 268 3147 bitionis
293 3085 476 3161 intringere
499 3084 552 3146 vel
579 3084 612 3145 ei
638 3099 722 3144 ausu
748 3083 926 3145 temerario

130 3183 310 3245 contraire.
340 3183 375 3245 si
408 3182 482 3261 quis
517 3181 627 3244 autem
662 3180 726 3242 hoc
761 3171 925 3242 attentare

131 3280 393 3357 praesumpserit,
407 3278 670 3355 indignationem
690 3277 926 3354 omnipotentis

132 3377 190 3440 Dei
202 3379 236 3439 et
246 3377 419 3439 beatorum
431 3377 522 3439 Petri
537 3377 570 3438 et
584 3375 681 3437 Pauli
694 3375 926 3452 Apostolorum

131 3477 201 3551 ejus
224 3491 263 3535 se
286 3475 417 3537 noverit
441 3474 663 3536 incursurum.
681 3473 800 3534 Datum
822 3474 924 3534 Late-

131 3572 216 3646 rani,
242 3573 273 3633 V
295 3571 368 3634 idus
391 3569 557 3640 novemb,
582 3569 794 3656 pontificatus
820 3570 926 3632 nostri

133 3684 220 3732 anno
236 3684 336 3732 nono.

466 3981 593 4069 XXIV

131 4146 368 4207 decurionem
376 4141 924 4218 prepositummaiortseoeleste,

165 4243 328 4316 patorem
340 4242 375 4302 8.
393 4241 502 4301 Merit·
517 4239 551 4300 ct
565 4239 775 4315 maqtstmtm
789 4239 923 4312 loseph,

168 4341 375 4401 canonicum
386 4339 636 4398 tabennenses.

390 4475 423 4535 it
442 4473 575 4533 novemb.
596 4474 676 4532 1221.

202 4609 354 4678 [zaerleden
365 4607 426 4660 Urlr.
441 4607 467 4658 d.
480 4607 551 4658 stadt
563 4607 636 4667 Bern,
650 4607 670 4667 1,
681 4605 736 4666 223,
750 4621 776 4657 ιι.
788 4606 855 4672 itt]

132 4736 250 4794 blandai
263 4741 293 4792 ut
308 4735 386 4792 litem
407 4733 481 4791 inter
502 4732 684 4805 prepositum
697 4739 927 4805 conventumque

166 4825 296 4883 ecelesiae
315 4822 517 4881 interlucensis
536 4827 565 4878 et
583 4821 720 4880 iliricumv
731 4821 926 4896 presbyterum

165 4911 381 4972 Lausaunensis
397 4909 530 4968 dioecesis
541 4923 628 4982 super
643 4910 765 4967 ecclesia
780 4909 816 4966 de
829 4909 926 4984 Steiga

166 5009 260 5060 onam
273 5005 466 5073 componant..

171 5126 340 5189 Honorius
350 5125 538 5202 episcopus,
549 5139 664 5186 servus
673 5138 846 5186 servorum
855 5121 924 5196 Dei,

134 5223 264 5286 dilectis
290 5222 371 5283 tiliis
393 5221 573 5299 praeposito
596 5221 733 5299 majoris
756 5219 924 5291 Ecclesiae,

135 5321 239 5398 priori
256 5320 369 5382 Sancti
383 5319 482 5380 Marii
497 5319 530 5380 et
544 5318 702 5394 magistro
718 5320 737 5380 J
740 5317 852 5396 oseph,
870 5334 927 5380 ca-

135 5415 511 5488 nonicoLausannensi,
529 5415 756 5488 salutemetc.
814 5479 821 5490 ,

174 5515 379 5592 Praepositus
401 5515 434 5576 et
453 5513 634 5576 conventus
650 5513 800 5575 ecclesiae
815 5513 925 5575 Inter-

981 2990 1134 3068 quantur.
1146 2985 1264 3052 Datum
1275 2989 1441 3062 Laterani,
1451 2988 1560 3049 idibus
1572 2987 1784 3057 novembris,

980 3087 1192 3167 pontificatus
1208 3087 1313 3149 nostri
1328 3100 1416 3148 anuo
1430 3101 1533 3148 nono.

1325 3373 1432 3486 xxv

980 3555 1033 3615 Act
1049 3550 1309 3614 Lcmbartbmm
1323 3553 1517 3623 episcopum
1531 3551 1773 3612 secoviensem.

1237 3681 1271 3738 lt
1290 3680 1423 3738 novemb.
1446 3679 1525 3738 1221.

1128 3803 1234 3878 [Dogieb
1245 3803 1308 3856 Cod.
1322 3803 1385 3878 dipl.
1398 3803 1525 3864 ldoraviat,
1540 3803 1569 3864 v,
1581 3803 1633 3867 to]

982 3931 1125 3992 Honorius
1139 3931 1181 3990 lll
1193 3943 1267 4002 papa
1282 3927 1511 4001 designationem
1527 3925 1627 3986 trulum
1643 3925 1780 3986 dioecesis

1204 4017 1379 4076 Setoviensis
1392 4016 1553 4076 confirmat.

1022 4145 1188 4206 Honorius
1200 4144 1385 4220 episcopus,
1396 4158 1512 4204 servus
1522 4157 1693 4205 servorum
1703 4142 1774 4214 liei,

981 4241 1167 4305 venerabili
1181 4239 1277 4303 tratri
1297 4241 1453 4318 episcopo
1472 4240 1668 4313 Setoviensi,
1685 4241 1778 4301 salu-

966 4347 1047 4407 ·tem
1062 4344 1095 4407 et
1108 4344 1331 4422 Apostolicam
1346 4342 1620 4404 benedictionem.

1021 4441 1125 4505 iustis
1155 4441 1336 4518 petentium
1363 4439 1540 4501 desideriis
1564 4439 1700 4516 dignum
1727 4441 1778 4502 est

982 4555 1043 4601 nos
1066 4538 1197 4602 facilem
1222 4536 1371 4615 praebere
1395 4551 1605 4608 consensum,
1632 4537 1665 4598 et
1687 4537 1788 4610 vota„

982 4635 1244 4714 quaearationis
1258 4633 1392 4695 tramite
1413 4648 1481 4693 non
1502 4632 1705 4707 discordant,
1727 4633 1781 4695 et-

983 4733 1072 4796 iectu
1095 4733 1316 4810 prosequente
1342 4730 1518 4808 complere.
1547 4732 1627 4792 Cum
1651 4731 1775 4809 itaque,

982 4832 1068 4893 sicut
1081 4829 1194 4898 affers,
1210 4827 1412 4912 venerabilis
1427 4826 1531 4889 irater
1543 4833 1657 4891 noster
1671 4831 1774 4892 Livo-

982 4927 1108 4990 niensis
1119 4927 1304 5004 episcopus,
1315 4925 1369 4987 cui
1380 4925 1558 4988 ordinandi
1567 4926 1778 4988 cathedrales

982 5025 1141 5088 ecclesias
1165 5025 1198 5086 et
1220 5021 1448 5099 distinguendi
1470 5023 1631 5085 dioeceses
1653 5023 1777 5085 inillis

981 5123 1130 5201 partibus
1140 5121 1327 5199 plenariam
1338 5121 1563 5182 concessimus
1574 5120 1787 5196 facultatem,¹

982 5219 1151 5281 dioecesim
1174 5219 1266 5280 tuam
1290 5219 1390 5280 certis
1413 5217 1605 5279 distinxerit
1623 5217 1781 5280 terminis

981 5317 1145 5400 et-terras
1174 5315 1262 5376 iulia
1288 5315 1449 5378 terminos
1483 5315 1574 5390 ipsos
1600 5315 1774 5390 contentas

981 5413 1053 5485 tibi,
1075 5414 1108 5474 et
1129 5411 1483 5475 salonensi-ecclesiae
1498 5411 1687 5474 dioecesano
1698 5415 1779 5489 jure-

983 5509 1173 5588 subjecerit,
1190 5509 1287 5586 prout
1299 5509 1333 5569 in
1348 5507 1454 5586 ipsius
1467 5507 1586 5570 litteris
1602 5511 1778 5586 perspexi-
1880 5565 1882 5573 .

136 5612 280 5675 lacensis
315 5611 541 5674 insinuatione
566 5611 809 5682 monstrarunt,
841 5610 926 5692 quod
982 5624 1055 5670 mus
1071 5607 1200 5684 plenius
1216 5606 1390 5676 contineri,
1403 5619 1463 5666 nos
1478 5605 1544 5668 iuis
1557 5607 1710 5682 precibus
1721 5607 1776 5670 in-

136 5727 209 5772 eum
235 5709 367 5772 Ulricus
389 5707 561 5788 presbyter
574 5706 824 5771 [lausannensis
839 5705 925 5770 dioe-
981 5703 1110 5779 clinati,
1123 5703 1208 5781 qued
1221 5719 1282 5780 per
1292 5701 1444 5765 eumdem
1460 5702 1649 5781 episcopum
1674 5719 1775 5782 super
