4104 6330
97 422 152 484 23³
697 427 926 488 nrrsuonm.
950 429 1028 490 nin.
1050 431 1120 490 vn.
1460 402 1464 415 '
1668 433 1729 494 asc

133 579 274 644 Dilectus
286 581 373 643 tilius
382 585 401 646 J
404 585 558 661 aquintus
573 584 795 650 subdiaconus
806 603 881 650 nos·
1290 601 1367 687 ΧΠ

97 681 153 751 ter,
167 680 347 742 canonicus
362 680 509 746 basilicae
525 684 692 761 Principis
705 686 882 762 Apostolo-

96 791 173 848 rum,
189 775 286 838 nobis
307 777 478 840 humiliter
497 780 707 857 supplicavit,
725 781 760 843 ut
779 799 879 860 quum

96 873 133 935 ob
154 874 375 936 reverentiam
400 877 597 952 apostoncae
623 877 717 940 Sedis
740 880 774 941 et
798 894 879 941 nos·
1225 864 1259 921 ¹²
1277 870 1334 922 ⁰0¹·
1357 864 1436 922 ¹²²²·

95 972 183 1042 tram,
201 971 378 1032 ecclesiam
400 972 439 1033 de
463 977 610 1051 Larraga
629 976 664 1036 in
682 975 879 1042 beneficium
965 968 1203 1033 [negatarum
1217 971 1291 1035 0pist.
1304 972 1343 1022 ²³·
1355 973 1583 1024 limianorum
1599 973 1693 1040 rhein]

96 1067 153 1128 sibi
170 1068 333 1130 duxeritis
362 1070 617 1146 concedendam,
634 1089 676 1134 ne
704 1075 878 1137 occasione
933 1075 1089 1134 Mandatut
1104 1093 1169 1135 cum
1183 1078 1302 1134 consilio
1315 1079 1393 1152 regis
1404 1087 1433 1136 et
1444 1080 1622 1152 praelatorum
1636 1083 1723 1138 Fran·

96 1165 313 1226 mucessmnps
327 1165 517 1244 hujusmodi
539 1171 766 1245 postmortem
781 1175 878 1247 ejus.
967 1155 1019 1212 cim
1037 1155 1072 1213 de
1087 1172 1158 1230 poce
1173 1164 1291 1215 tractatu
1307 1160 1379 1215 inter
1393 1161 1526 1217 comitem
1542 1159 1726 1218 Montislortis

96 1264 161 1325 dem
174 1265 216 1330 1.,
229 1262 382 1326 ecclesiae
399 1267 521 1327 vestrae
538 1267 653 1343 possit,
676 1268 879 1345 superdicta
968 1242 997 1324 οῗ
1012 1235 1210 1328 mundum
1225 1236 1381 1329 ⁸⁶9¹¹¹¹d¹¹m
1397 1239 1487 1310 ipsius
1502 1239 1647 1298 P⁰mffi⁰i⁸
1662 1255 1724 1297 ¹¹¹⁰'

95 1360 438 1438 ecclesiadeLarraga,
447 1355 880 1442 praeJ'udiciumaliquodge·
968 1321 1026 1372 mm
1041 1315 1178 1375 denhem
1193 1316 1313 1376 fidenter
1325 1325 1353 1374 ⁹²
1366 1334 1384 1390 p
1387 1317 1528 1377 rudente*

94 1457 209 1528 aerari,
221 1458 398 1533 providere
409 1459 470 1520 tibi
483 1475 584 1537 super
596 1462 659 1522 boc
672 1461 712 1522 de
725 1461 881 1540 benigni·
973 1442 1152 1516 Honorius,
1169 1445 1250 1516 etc,
1275 1444 1460 1506 venerabili
1482 1445 1617 1508 fratri...
1642 1450 1727 1510 Por-

94 1554 153 1616 tate
166 1554 471 1632 sedisapostolicae
491 1557 716 1634 dignaremur.
730 1559 759 1620 N
762 1575 799 1620 os
814 1561 880 1637 igi·
932 1541 1023 1600 tuen·
1040 1541 1524 1618 0P1800P02All⁰⁸t0110ae30dis
1539 1545 1659 1620 Ῑθέἃῐθ,
1670 1561 1727 1606 ³³·

94 1653 141 1712 tur
157 1651 304 1727 ejusdem
317 1651 511 1715 subdiaconi
531 1655 638 1716 nostri
652 1656 807 1732 precibus
821 1657 879 1718 in·-
932 1635 1045 1708 lutam,
1060 1639 1122 1700 etQ·

94 1747 208 1822 opinati,
221 1751 258 1810 ut
268 1751 339 1826 jam
355 1749 443 1812 dicta
458 1750 601 1812 ecclesia
617 1751 656 1812 de
669 1754 816 1830 harpaga
836 1754 877 1816 ad
972 1734 1077 1805 Quum
1094 1735 1287 1798 carissimus
1306 1738 1342 1798 in
1363 1738 1494 1802 Christo
1509 1739 1599 1801 filius
1613 1741 1727 1803 noster

93 1848 225 1908 vespam
242 1847 761 1926 ecclesiampospmortemsuam
774 1850 877 1914 phere
933 1831 1006 1902 Pn,
1024 1848 1084 1893 rex
1105 1833 1311 1896 Francorum
1333 1837 1484 1909 illustris,
1509 1837 1604 1899 nobis
1625 1854 1726 1916 snper

94 1945 279 2015 reponatur,
319 1944 486 2007 devotioni
518 1949 650 2020 vestm,
679 1948 878 2012 aucmppapo
932 1945 1014 2005 pace
1026 1929 1116 1992 inter
1131 1929 1285 1992 dilectum
1300 1933 1404 1994 filium
1420 1933 1563 1995 nobilem
1577 1935 1722 1996 virum...

93 2041 297 2116 praesentium
322 2042 542 2118 indulgemus.
571 2044 664 2106 Nulli
692 2061 783 2124 ergo,
800 2047 875 2120 etc,
932 2027 1085 2090 ⁰0mil0m
1138 2029 1356 2092 M011fi⁸f01¹tis
1401 2032 1434 2092 θῑ
1490 2033 1725 2109 Raymllssdum

92 2139 203 2200 nostrae
218 2140 460 2212 concessionis,
471 2142 534 2202 etc.
547 2143 582 2203 Si
593 2143 668 2220 quis
678 2147 801 2215 autem,
813 2145 875 2206 etc.
932 2124 1038 2185 fllium
1047 2125 1249 2202 (tumulam-n
1261 2127 1391 2189 comi-ns
1404 2129 1722 2203 ΤΟῙΟΒᾶΠῙῑΡᾶὓῒᾶῖθ,

92 2235 198 2296 batum
233 2236 404 2310 Laterani,
432 2240 476 2300 vl
504 2237 579 2300 idus
606 2239 763 2312 octobris,
788 2257 876 2306 anno
932 2237 1010 2283 suas
1034 2221 1162 2284 litteras
1189 2221 1378 2298 destinavit,
1408 2227 1524 2288 nosci
1550 2227 1727 2306 rescripsi-

93 2333 230 2408 scptim0‚
932 2332 1004 2376 mus
1020 2316 1055 2376 in
1068 2316 1157 2378 hunc
1172 2316 1325 2378 modum:

971 2415 1180 2476 «Honorius
1205 2416 1391 2492 episcopus,
1410 2432 1527 2479 servus
1552 2432 1724 2478 servorum

931 2512 1002 2584 Dei,
1019 2512 1193 2574 carissimo
1207 2512 1242 2573 in
1266 2513 1397 2575 Christo
1421 2512 1491 2575 filio
1514 2513 1587 2586 Pb,
1603 2514 1726 2576 illustri

455 2648 508 2736 XI
931 2609 1002 2686 regi
1028 2611 1244 2682 Francorum,
1272 2611 1414 2672 salutem
1442 2612 1476 2673 et
1500 2611 1726 2689 Apostolicam

930 2707 1203 2770 benedictionem.
1216 2708 1358 2770 Litteras
1372 2725 1454 2787 quas
1469 2724 1571 2785 super
1577 2725 1660 2786 pace
1672 2709 1728 2770 in-

108 2799 154 2858 Ad
165 2798 391 2873 prepositum
407 2797 441 2860 et
459 2800 664 2862 concentum
679 2803 720 2864 dc
737 2805 856 2864 Insula
930 2807 982 2866 ter
1000 2804 1143 2866 dilecum
1165 2804 1271 2869 fllium
1291 2805 1436 2867 nobilem
1454 2806 1599 2867 virum...
1618 2806 1729 2868 comi-

359 2897 393 2958 S.
408 2898 596 2959 Michaelis.
929 2903 996 2963 tem
1034 2899 1253 2962 Montisiortis
1296 2905 1329 2962 et
1366 2901 1588 2963 Raimundum
1619 2901 1742 2962 fliium

359 3036 391 3093 Η
411 3035 504 3092 octob.
526 3036 605 3094 ,m
930 2999 1134 3075 quondam...
1162 2998 1292 3059 comi-tis
1317 2997 1472 3060 Tolosani
1496 2997 1638 3061 tractata
1666 2999 1726 3060 tua

931 3095 1026 3156 nobis
1039 3094 1239 3156 excellentia
1252 3095 1441 3174 destinavit,
1456 3096 1555 3160 solita
1570 3095 1728 3172 benigni-

929 3194 997 3254 tate
1021 3193 1224 3269 recepimus,
1249 3193 1281 3254 et
1309 3208 1425 3253 eorum
1449 3195 1600 3254 tenorem
1627 3193 1725 3270 pleno

121 3281 257 3354 capenam
270 3282 301 3340 S·
317 3280 439 3340 Andreae
451 3289 479 3339 et
494 3281 624 3356 quacum
640 3282 694 3340 alia
709 3281 784 3340 bona
799 3283 841 3342 eis
930 3290 1125 3366 collegimus
1163 3288 1342 3353 intellectu.
1384 3291 1546 3351 osterum
1579 3291 1657 3366 qnia
1689 3291 1725 3352 in

400 3370 560 3428 fflflfiffflll·
930 3403 1022 3464 pace,
1038 3404 1112 3465 quae
1131 3403 1243 3449 coram
1269 3384 1364 3448 nobis
1388 3387 1500 3449 extitit
1521 3389 1671 3460 recitata,
1684 3389 1726 3450 de

125 3488 290 3549 Honorius
320 3487 517 3564 episcopus,
550 3503 667 3551 servus
702 3503 874 3550 servorum
929 3485 1093 3546 divisione
1110 3484 1276 3546 terrarum
1297 3501 1371 3562 quae
1390 3485 1432 3544 ad
1451 3487 1542 3546 tuam
1565 3486 1726 3562 jnrisdic-

94 3583 154 3655 Dei,
170 3584 302 3647 dilectis
317 3583 433 3645 filiis...
450 3585 627 3662 praeposito
642 3587 675 3646 et
697 3587 874 3650 conventui
929 3583 1052 3646 tionem
1063 3584 1213 3658 spectare
1228 3581 1393 3652 dicuntur,
1409 3583 1531 3643 mentio
1548 3581 1635 3643 sacta
1649 3582 1723 3656 fuit,

93 3678 127 3739 de
145 3682 252 3742 insula
278 3681 391 3742 Sancti
417 3680 590 3742 Michaelis
615 3682 702 3758 apud
732 3682 874 3755 Ulmam,
929 3682 1084 3756 gerentes
1107 3680 1148 3741 de
1174 3681 1232 3742 tua
1256 3679 1451 3741 sinceritate
1474 3679 1630 3740 fiduciam
1653 3681 1726 3757 ple-

93 3777 217 3840 salutem
234 3779 268 3842 et
280 3778 502 3856 apostolicam
514 3777 789 3842 benedictionem.
930 3778 1071 3850 niorem,
1088 3777 1257 3858 superbis
1273 3777 1445 3838 serenitati
1462 3776 1528 3838 tuae
1544 3775 1723 3839 deserimus

125 3877 222 3946 Quum
238 3891 258 3938 a
275 3873 370 3936 nobis
386 3877 519 3951 petitur,
535 3875 622 3951 quod
634 3877 761 3952 justum
778 3877 876 3939 estet
929 3869 1144 3946 confidenter,
1164 3873 1338 3934 dummodo
1354 3875 1402 3934 sic
1427 3874 1639 3950 provideatur
1658 3875 1722 3936 ad-

93 3967 266 4045 bonestum,
284 3979 354 4034 tam
374 3972 470 4048 vigor
487 3971 652 4048 aequitatis
671 3989 769 4050 quam
794 3974 874 4035 ordo
928 3987 1045 4032 versus
1083 3971 1274 4032 haereticam
1302 3971 1499 4047 pravitatem
1533 3971 1567 4033 et
1598 3973 1724 4048 pestem

93 4069 348 4144 exigitrationis
366 4070 402 4130 ut
421 4069 873 4145 idpersoliicitudinemof-
928 4069 1189 4145 ruptuariorum,
1228 4067 1262 4129 et
1298 4066 1432 4129 illorum
1468 4063 1641 4143 maiitiam,
1667 4069 1724 4147 qui

94 4163 150 4225 licii
162 4169 267 4229 nostri
279 4167 320 4226 ad
335 4165 482 4228 debitum
495 4166 695 4244 perducatur
707 4167 872 4229 effectum.
928 4165 1016 4226 bona
1044 4163 1271 4226 ecclesiastica
1298 4165 1504 4237 invaserunt,
1529 4166 1615 4242 quod
1640 4166 1724 4228 tides

96 4263 134 4322 Ea
154 4267 298 4341 propter,
317 4263 430 4324 dilecti
452 4263 486 4323 in
506 4264 646 4324 Domino
662 4264 735 4338 filii,
754 4265 874 4326 vestris
928 4263 1142 4338 integratam
1164 4261 1271 4338 quoad
1287 4263 1530 4324 restitutionem
1545 4264 1726 4340 possessio·

90 4357 179 4432 Justis
204 4359 485 4438 postulationibus
518 4363 612 4435 grato
635 4362 873 4423 concurrentes
929 4375 1007 4420 num
1022 4360 1183 4422 hactenus
1205 4359 1462 4434 subtractarum,
1480 4377 1578 4438 quam
1592 4360 1633 4422 ad
1651 4377 1725 4421 ser-

94 4470 230 4530 assensu,
260 4455 424 4534 capellam
440 4455 555 4518 Sancti
568 4457 710 4518 Andreae
727 4458 823 4520 sitam
838 4459 874 4518 in
928 4456 1071 4517 vandam
1085 4457 1273 4518 libertatem
1289 4458 1550 4520 ecclesiasticam
1565 4459 1600 4518 in
1614 4457 1724 4518 futuro

93 4552 161 4614 villa
174 4557 274 4628 Stoa,
285 4571 347 4615 nec
360 4569 428 4615 non
441 4555 474 4616 et
487 4554 554 4615 alia
566 4553 655 4616 bona
665 4556 776 4616 vestra
789 4555 875 4618 sicut
929 4556 1081 4615 servetur
1105 4552 1223 4614 illaesa.
1241 4553 1403 4626 Quocirca
1434 4554 1724 4616 mansuetudinem

94 4663 127 4710 ea
138 4655 243 4716 omnia
260 4654 361 4731 Juste,
378 4651 515 4728 pacilice
528 4667 568 4712 ac
587 4651 748 4714 canonice
761 4653 873 4728 possi·
928 4641 1019 4712 tuam
1041 4666 1197 4726 rogamus
1212 4651 1245 4711 et
1259 4666 1431 4711 monemus
1451 4651 1587 4724 attente,
1604 4654 1726 4730 quate·-

94 4745 176 4820 detis,
210 4748 306 4812 vobis
331 4748 363 4810 et
388 4763 448 4825 per
481 4763 540 4810 vos
568 4748 718 4808 ecclesiae
739 4751 872 4820 vestrae,
929 4763 991 4808 nus
1002 4748 1125 4824 quanto
1136 4747 1325 4808 fiducialius
1341 4747 1376 4808 in
1387 4749 1440 4808 bis
1454 4748 1516 4809 tibi
1529 4747 1722 4822 deferimus,

94 4847 277 4910 auctoritate
290 4845 481 4922 apostolica
494 4845 729 4906 confirmamus
743 4847 776 4907 et
788 4860 875 4922 prae·
928 4844 1021 4906 tanto
1041 4844 1230 4906 accuratius
1247 4843 1393 4917 studeas,
1409 4846 1445 4907 ut
1464 4847 1529 4908 rite
1551 4847 1723 4923 praemissa

96 4939 187 5001 sentis
194 4941 310 5018 scripti
322 4939 507 5016 patrocinio
516 4940 770 5000 communimus.
783 4937 874 5002 Nulli
929 4941 1040 5002 omnia
1055 4940 1268 5018 impleantur.
1283 4942 1402 5004 Datum
1412 4944 1579 5016 Laterani,
1594 4945 1637 5006 IV
1649 4945 1724 5010 idus

96 5047 163 5110 ergo
178 5037 311 5099 omnino
323 5037 495 5098 hominum
505 5037 605 5098 liceat
617 5037 703 5098 banc
718 5037 874 5114 paginam
929 5036 1084 5109 octobris,
1099 5037 1310 5115 pontificatus
1323 5039 1429 5101 nostri
1444 5056 1531 5102 anno
1548 5041 1736 5117 septimo.»·

96 5136 203 5196 nostrae
214 5133 667 5210 confirmationisinlringere
678 5133 731 5195 vel
742 5133 773 5195 ei
789 5149 875 5195 ausu
969 5135 1111 5212 Ideoque
1145 5135 1388 5198 fraternitatem
1425 5137 1516 5198 tuam
1553 5153 1725 5198 monemus

96 5227 258 5294 temerario
287 5231 464 5294 contraire.
491 5231 527 5292 Si
555 5231 629 5307 quis
664 5233 775 5292 autem
811 5230 875 5292 boc
929 5234 1065 5305 attente,
1097 5248 1158 5310 per
1179 5234 1369 5310 apostolica
1395 5234 1455 5296 tibi
1480 5235 1604 5310 scripta
1629 5251 1726 5296 man-

98 5327 246 5390 attentare
257 5327 517 5405 praesumpserit,
529 5327 791 5404 indignationem
804 5344 876 5389 om·
930 5331 1058 5401 dantes,
1076 5329 1239 5407 quatenus
1261 5345 1336 5392 oum
1360 5332 1501 5394 consilio
1525 5331 1615 5408 regis
1637 5348 1730 5409 prae-

97 5424 260 5500 nipotentis
273 5425 333 5487 Dei
361 5427 395 5486 et
414 5424 586 5486 beatorum
610 5425 702 5486 Petri
725 5425 759 5485 et
778 5424 875 5485 Pauli
930 5426 1020 5498 dicti,
1046 5426 1079 5487 et
1101 5426 1286 5503 legatorum
1313 5427 1475 5499 Franciae,
1511 5443 1550 5488 ac
1583 5427 1726 5490 aliorum

99 5523 307 5596 apostolorum
336 5525 408 5599 ejus
439 5537 475 5584 se
501 5521 632 5583 noverit
649 5522 874 5584 incursurum.
931 5523 1145 5600 praelatorum
1166 5523 1223 5600 qui
1245 5524 1286 5586 ad
1309 5524 1372 5587 hoc
1394 5524 1519 5585 luerint
1536 5526 1726 5601 opportuni,

99 5617 203 5680 batum
222 5621 386 5692 Laterani,
399 5621 427 5680 V
441 5618 516 5680 idus
529 5618 685 5692 octobris,
701 5619 877 5696 pontiflca-
932 5635 1033 5698 super
1054 5621 1108 5682 bis
1130 5621 1311 5682 secundum
1332 5621 1505 5698 praemissa
1526 5623 1623 5698 plene
1648 5622 1729 5684 deli·

102 5713 145 5776 lus
158 5719 261 5780 nostri
275 5733 363 5780 anno
377 5715 527 5794 septimo.
932 5718 1028 5780 beros
1048 5717 1089 5777 ad
1113 5733 1227 5794 pacem
1249 5718 1400 5791 fideliter,
1417 5720 1451 5780 et
1470 5719 1649 5796 prudenter
1670 5720 1734 5782 iu-

954 743 1007 801 Ad
1026 741 1194 803 Portncn.
1211 743 1419 818 episcopum,
1441 745 1480 804 A.
1492 746 1527 805 S.
1542 745 1704 822 legatum.

95 3155 342 3222 wirtembergisches
354 3157 570 3216 Urkundenbucb,
582 3163 600 3208 t.
610 3158 654 3217 111,
664 3171 690 3224 p.
705 3158 758 3216 ito,
770 3173 796 3209 n.
807 3159 875 3224 cca]
