4006 6346
253 413 318 482 '559

255 577 444 649 collocaret,
462 578 494 639 et
506 577 555 639 eis
571 577 619 638 sio
634 576 759 640 iaceret
771 575 950 654 provideri,
966 576 1051 654 quod

254 675 290 735 in
305 675 478 751 religionis
490 674 703 751 opprobrium
724 675 757 736 et
769 689 905 734 suarum
921 674 1054 751 pericu-

255 771 323 833 lum
336 773 535 842 animarum,
545 787 675 833 necnon
688 773 723 833 ut
736 770 929 832 scandalum
939 771 1051 849 populi

254 885 321 931 non
343 871 541 946 cogerentur
555 871 591 930 in
615 869 737 930 saeculo
762 869 915 946 evagari3
933 868 1052 930 deinde

253 969 294 1030 do
307 968 490 1044 quantitate
507 983 546 1028 ac
567 966 728 1044 qualitate
745 967 996 1044 possessionum
1018 967 1052 1028 et

254 1066 445 1127 reddituum
463 1065 543 1126 dicti
566 1065 760 1126 monasterii
775 1079 814 1125 ao
829 1064 1052 1126 membrorum

256 1167 330 1238 ejus
341 1165 374 1224 et
391 1163 539 1224 omnium
551 1162 591 1223 ad
605 1162 662 1222 illa
673 1161 894 1239 spectantium
908 1161 1052 1238 inquire·

256 1260 504 1335 retdiligenter,
513 1263 546 1322 et
557 1259 693 1321 inventa
706 1259 813 1335 redigi
824 1258 1052 1320 laceretinau·

256 1358 415 1420 theuticio
437 1357 673 1428 monumentis
705 1356 855 1417 adhibita
884 1356 1050 1433 exquisita

255 1455 397 1526 cautela,
415 1471 456 1515 ne
476 1453 629 1522 distrahi,
650 1453 858 1525 commutari,
874 1453 927 1516 vel
945 1453 1050 1513 minui

254 1567 313 1612 seu
328 1550 439 1628 aliquo
450 1551 547 1612 modo
557 1549 700 1612 alienari
712 1550 874 1618 valerent,
889 1551 925 1612 ut
937 1549 966 1610 si
981 1548 1051 1611 131-

255 1664 316 1709 san
330 1651 375 1721 tu,
393 1649 443 1709 vel
466 1664 676 1710 soccessores
695 1648 755 1720 tui,
770 1646 805 1706 in
821 1646 1050 1708 observatione

253 1746 433 1807 delicerent
442 1745 692 1822 promissorum,
705 1761 763 1806 seu
774 1745 922 1822 tempora
933 1758 1051 1820 proce-

254 1845 351 1905 dente
366 1843 575 1912 necessitate,
595 1843 646 1906 vel
663 1843 807 1903 utilitate
833 1843 983 1918 pensata,
1009 1840 1050 1902 de

253 1942 325 2020 ipso
341 1942 543 2002 monasterio
559 1941 768 2016 contingeret
782 1939 880 2000 aliter
900 1939 1048 2000 ordinari

253 2040 491 2117 possessionen,
505 2041 537 2100 et
552 2039 619 2099 alia
631 2041 709 2116 jura
721 2053 781 2098 sua
797 2037 905 2098 eidem
919 2035 1049 2096 illibata

253 2137 438 2207 manerent,
466 2136 585 2213 hisque
599 2135 663 2198 rito
685 2136 830 2212 peractis
845 2133 880 2194 in
906 2131 1046 2194 ordina-

251 2235 343 2295 tione
358 2233 550 2310 praescripta
559 2234 599 2294 de
613 2237 725 2294 nostra
737 2231 955 2309 permissione
966 2245 1048 2307 pro-

253 2331 385 2393 cederet
398 2331 431 2392 31
443 2346 593 2391 assensu.
605 2331 720 2407 Nuper
734 2331 844 2390 autem
859 2329 891 2390 te
917 2343 958 2389 ac
975 2327 1048 2404 ipso

253 2429 409 2506 episcopo
433 2428 468 2488 in
499 2429 613 2490 nostra
638 2427 817 2504 praesentia
846 2425 1046 2498 constitutis,

253 2526 480 2588 intelleximus
508 2525 692 2587 clausulam
723 2524 828 2597 illam,
860 2538 920 2600 per
948 2538 1047 2600 quam

253 2624 482 2686 mandavimus
496 2622 536 2684 de
550 2622 656 2699 ipsius
670 2621 863 2684 monasterii
878 2619 977 2681 rebus
992 2620 1049 2680 in-

251 2723 438 2785 ventorium
454 2721 527 2783 lleri
542 2723 574 2782 31
583 2721 717 2782 inventa
731 2718 832 2780 scribi
845 2717 1048 2781 authenticis

253 2820 481 2891 munimentis,
498 2819 535 2880 ut
546 2819 576 2879 si
590 2816 631 2878 de
646 2817 718 2894 ipso
733 2814 936 2878 monasterio
947 2814 1047 2876 luerit

254 2918 353 2982 aliter
365 2916 596 2988 ordinandum,
614 2914 840 2992 possessiones
849 2913 882 2976 et
891 2913 958 2974 alia
968 2916 1046 2990 jura

252 3031 313 3077 sua
327 3014 390 3075 sibi
401 3013 557 3076 maneant
572 3012 711 3086 illibata,
722 3010 784 3074 tibi
799 3025 934 3088 gravem
945 3009 1047 3072 dubi-

251 3113 388 3176 tationis
402 3110 594 3188 scrupulum
603 3109 784 3186 ingessisse
795 3107 964 3186 quasivisi
974 3107 1049 3168 lue-

252 3210 357 3272 rimus
372 3224 431 3285 per
445 3209 517 3269 haec
537 3207 639 3269 verba
659 3207 810 3277 innuere,
832 3205 919 3283 quod
943 3205 1048 3266 nostri

253 3309 342 3369 esset
357 3306 516 3382 propositi
526 3303 769 3366 ordinationem
782 3302 973 3379 praedictam
984 3302 1050 3364 311-

254 3404 389 3482 quando
403 3417 573 3464 revocare.
590 3401 639 3463 nd
651 3400 842 3477 huiusmodi
856 3414 935 3474 ergo
958 3398 1050 3460 dubi·

252 3502 389 3565 tationis
404 3501 594 3578 scrupulum
610 3499 651 3560 de
669 3499 769 3560 corde
783 3499 840 3560 tuo
851 3497 982 3573 penitus
993 3512 1049 3559 re-

253 3600 463 3672 movendum,
484 3597 681 3660 auctoritate
696 3596 911 3674 praesentium
932 3594 1047 3656 deela-

250 3715 378 3772 ramus,
414 3697 499 3776 quod
524 3697 740 3774 praenotatam
777 3693 962 3756 clausulam
988 3707 1049 3771 po-

255 3797 383 3858 suimus
407 3797 442 3856 in
469 3795 590 3858 litteris
605 3792 806 3870 supradictis
828 3793 869 3853 ad
885 3791 1048 3853 cautelam

253 3897 388 3971 propter
409 3891 677 3954 incertitudinem
700 3889 856 3953 videlicet
871 3889 1047 3950 eventuum

253 3991 453 4062 futurorum,
470 4006 530 4051 neo
553 3991 675 4050 nostrae
695 3987 889 4049 intentionis
914 3986 976 4048 luit
989 4000 1049 4062 per

255 4087 318 4148 hoc
334 4087 576 4148 ordinationem
586 4085 766 4157 infirmare,
776 4085 829 4146 vel
838 4083 1048 4161 aliquatenus

255 4182 431 4246 debilitare
465 4183 669 4259 praedictam,
698 4196 795 4258 quam
819 4181 953 4258 quidem
970 4195 1050 4256 gra-

254 4283 323 4346 tam
338 4281 497 4343 habemus
510 4280 543 4341 31
556 4280 675 4350 ratam,
687 4277 721 4339 et
734 4277 886 4340 volumus
904 4276 1048 4338 11113113-

253 4385 320 4443 1313
335 4379 527 4459 perpetuam
547 4374 701 4447 obtineri,
727 4373 792 4435 nisi
817 4374 930 4434 forsan
956 4373 1048 4434 aliud

255 4478 406 4554 exigeret
426 4492 548 4553 urgens
563 4473 756 4545 necessitas,
768 4471 821 4532 vel
838 4471 965 4533 utilitas
977 4485 1050 4531 ma-

256 4567 1049 4638 nilesta.Etnemeturevocationisordinationis

255 4673 403 4749 ejusdem
421 4673 457 4732 in
472 4675 544 4750 ojus
570 4669 803 4732 observatione
828 4668 990 4744 tepescas,
1018 4668 1050 4727 et

255 4771 383 4832 metuas
394 4786 453 4846 pro
468 4785 508 4831 ea
521 4769 685 4830 servanda
698 4765 854 4844 expensis
868 4767 901 4827 te
912 4765 1049 4826 aetnam

255 4866 430 4930 ecclesiam
443 4881 595 4937 onerare,
619 4865 805 4936 statuimus,
828 4865 863 4924 ut
880 4859 935 4944 [sl]
964 4860 1049 4922 13113

256 4981 316 5044 per
328 4967 511 5027 Romanam
531 4961 713 5023 Ecclesiam
729 4958 1048 5037 saepedictamordi-

254 5063 423 5126 nationem
449 5061 583 5136 propter
606 5057 778 5132 urgentem
803 5056 1047 5127 necessitatem,

253 5161 308 5223 vel
321 5159 506 5223 evidentem
519 5154 694 5216 utilitatem
710 5155 745 5215 in
767 5153 913 5216 loturum
937 5153 1049 5214 conti-

254 5250 1048 5335 33111131333111331333333331331313333313313

254 5357 436 5433 Lingonen.
451 5347 693 5414 conservemini
711 5364 849 5424 prorsus
865 5348 1047 5420 indemnes,

254 5454 361 5531 sitque
386 5450 481 5515 vobis
512 5449 640 5511 licitum
667 5446 793 5508 tamdiu
821 5445 1048 5523 possessiones

254 5551 400 5629 ejusdem
416 5547 609 5610 monasterii
622 5545 778 5615 retinere,
796 5543 901 5604 donec
916 5543 957 5604 de
971 5542 1048 5603 uai-

253 5648 361 5712 versis
376 5645 507 5718 debitis,
522 5659 596 5722 quae
609 5641 785 5705 occasione
801 5639 1049 5718 ipsiusmonas-

253 5745 328 5815 terii
343 5761 403 5807 vos
423 5741 604 5805 incurrisse
619 5737 814 5810 constiterit,
836 5736 936 5798 133111
952 5735 1047 5798 vobis

876 419 1053 481 HONORII
1076 421 1120 480 111
1143 419 1290 483 OPERA.

1842 419 1904 480 560

1109 579 1258 656 plenarie
1278 580 1493 645 satisfactum.
1515 581 1608 644 Licet
1628 579 1739 642 autem
1760 577 1903 640 velimus

1109 678 1144 738 ut
1159 677 1338 739 secundum
1354 678 1598 741 ordinationem
1625 676 1817 760 praedictam
1843 691 1905 736 us-

1108 775 1238 850 quoad
1269 775 1449 836 valentiam
1479 777 1711 837 sexcentarum
1740 773 1903 834 librarum

1109 871 1322 946 Stephanion.
1351 873 1526 950 provideas
1559 870 1841 934 Praedicatoribus
1864 869 1902 930 in

1107 969 1296 1045 supradicto
1316 971 1517 1033 monasterio
1540 969 1730 1042 moraturis,
1747 968 1904 1029 nolumus

1106 1067 1216 1127 tamen
1231 1066 1316 1143 quod
1332 1066 1396 1142 ipsi
1412 1067 1545 1145 propter
1564 1066 1627 1128 hoc
1642 1066 1833 1143 relinquant
1847 1065 1905 1124 sui

1106 1163 1233 1224 ordinis
1256 1163 1419 1236 instituta,
1450 1163 1528 1242 quia
1562 1164 1690 1226 scilicet
1716 1163 1832 1225 vivant
1859 1161 1904 1222 de

1106 1259 1325 1338 eleemosynis
1354 1261 1418 1323 sibi
1448 1261 1617 1323 devotioni
1641 1260 1789 1322 tldelium
1822 1274 1904 1320 ero-

1105 1357 1234 1434 gandis
1250 1373 1323 1435 quae
1338 1360 1366 1418 si
1384 1359 1432 1420 eis
1453 1358 1593 1421 forsitan
1612 1373 1679 1420 non
1702 1357 1901 1428 sulficerint,

1106 1455 1280 1532 episeopus
1289 1456 1484 1533 Lingonen„
1497 1457 1554 1534 qui
1565 1459 1778 1534 protempore
1787 1454 1902 1522 luerit,

1106 1551 1207 1614 133131
1221 1552 1261 1614 de
1274 1553 1421 1630 praelatis
1444 1553 1610 1615 sexcentis
1627 1551 1723 1613 libris
1739 1567 1904 1612 necessa-

1105 1649 1156 1709 ria
1172 1649 1268 1711 dictis
1297 1649 1455 1712 iratribus
1474 1665 1619 1727 congrue
1643 1649 1826 1711 ministrari
1842 1663 1906 1724 per

1104 1748 1196 1808 viros
1211 1747 1349 1809 idoneos
1365 1750 1397 1810 et
1407 1747 1532 1820 lldeles,
1543 1749 1600 1825 qui
1614 1747 1717 1808 semel
1727 1745 1781 1808 vel
1795 1745 1849 1806 his
1863 1745 1904 1806 in

1106 1858 1193 1903 anno
1220 1859 1333 1905 eoram
1360 1843 1472 1922 priore
1509 1859 1548 1905 ac
1583 1843 1756 1920 provisore
1782 1841 1903 1902 domus

1104 1939 1246 2001 reddant
1274 1941 1314 2002 de
1341 1931 1405 2014 his,
1434 1957 1508 2019 quae
1529 1941 1565 2001 ia
1591 1939 1765 2017 povisione
1789 1939 1906 2000 dicto-

1104 2052 1178 2097 rum
1210 2037 1350 2099 lratrum
1388 2037 1617 2116 expenderint,
1646 2037 1828 2109 rationem,
1863 2036 1904 2097 ut

1105 2134 1133 2194 si
1160 2134 1199 2195 de
1224 2135 1308 2212 ipsis
1337 2135 1505 2197 sexcentis
1520 2135 1615 2196 libris
1638 2133 1765 2212 aliquid
1780 2147 1905 2210 super-

1105 2231 1215 2304 luerit,
1231 2232 1372 2294 fideliter
1387 2236 1577 2296 reservetur
1596 2233 1630 2293 in
1646 2231 1823 2294 utilitatem
1846 2231 1905 2306 ip-

1104 2330 1173 2390 sius
1207 2331 1400 2392 monasterii
1428 2329 1698 2392 convertendum.
1728 2327 1822 2390 Nulli
1841 2342 1903 2388 er-

1104 2442 1157 2502 go,
1174 2428 1249 2500 etc,
1265 2430 1389 2490 nostrae
1404 2427 1660 2500 constitutionis,
1677 2428 1740 2488 eto.
1761 2425 1796 2486 si
1811 2424 1901 2502 quis,

1104 2526 1165 2587 313.
1183 2527 1301 2587 Datum
1313 2525 1480 2599 Laterani,
1502 2524 1654 2587 kalendis
1667 2524 1790 2597 martii,
1809 2537 1903 2584 anno

1104 2624 1233 2684 octavo.

1415 2777 1589 2864 CXLVII

1103 2930 1156 2990 Ad
1183 2932 1378 3003 episcopam
1403 2931 1656 3004 hipponensem
1681 2927 1716 2988 ct
1742 2925 1904 2987 abbatem

1144 3025 1408 3088 cisterciensem
1422 3039 1464 3088 33
1472 3028 1631 3100 priorem
1643 3026 1684 3085 de
1702 3025 1779 3085 3133
1793 3025 1902 3084 Mure

1144 3125 1378 3197 Gatianensis
1396 3125 1429 3185 ct
1444 3125 1616 3184 ,1131333313
1637 3124 1833 3183 3133333333.

1388 3238 1401 3295 1
1421 3236 1515 3294 martii
1534 3235 1614 3294 1211.

1120 3362 1239 3427 [11333313
1253 3361 1297 3414 lib.
1305 3362 1372 3420 vin,
1386 3361 1459 3426 epist.
1468 3361 1523 3411 351.
1537 3361 1595 3410 blas.
1606 3359 1643 3410 La
1652 3360 1729 3411 Porta
1739 3359 1774 3410 du
1787 3358 1883 3420 roal]

1139 3468 1255 3528 Mandat
1266 3475 1296 3526 ut
1311 3468 1485 3541 investigent
1503 3465 1645 3540 quomodo
1658 3464 1862 3523 monasterium

1286 3557 1423 3615 1133331131
1438 3554 1588 3614 reformari
1603 3560 1710 3628 posset.

1144 3683 1393 3747 ordinationem
1411 3697 1431 3744 3
1450 3680 1635 3745 venerabili
1657 3680 1760 3746 113113
1783 3681 1902 3743 nostro

1104 3784 1137 3843 C.
1148 3777 1790 3858 Portuensiepiscopo,tunoApostolicae
1802 3777 1902 3839 Sedis

1104 3880 1224 3956 legate,
1237 3878 1369 3950 iactam,
1387 3881 1462 3948 313,
1482 3876 1521 3938 ut
1533 3891 1653 3951 supra,
1669 3875 1904 3950 3133313313-

1104 3993 1170 4038 sas.
1187 3977 1269 4048 Quia
1292 3991 1371 4038 vero
1392 3975 1555 4036 incertum
1578 3974 1628 4035 331
1645 3973 1754 4034 utrum
1776 3972 1901 4036 1131133

1104 4073 1231 4136 ordinis
1248 4073 1520 4144 Praedioatorum,
1538 4071 1594 4147 qui
1610 4070 1789 4132 secundum
1802 4085 1901 4132 eam-

1104 4171 1178 4232 dem
1205 4170 1448 4232 ordinationem
1472 4169 1506 4230 in
1532 4169 1605 4246 ipso
1626 4168 1745 4230 dehent
1770 4184 1902 4230 monas-

1104 4269 1188 4331 terio
1202 4267 1410 4339 commorari,
1422 4266 1463 4328 ad
1479 4265 1561 4327 illud
1574 4266 1688 4339 velint,
1700 4267 1753 4328 vel
1762 4267 1902 4329 valeant

1105 4365 1302 4438 convenire,
1331 4365 1364 4426 et
1392 4367 1490 4442 juxta
1521 4363 1765 4425 ordinationem
1790 4365 1900 4440 ipsam

1105 4480 1231 4524 moram
1253 4462 1362 4524 133313
1377 4463 1413 4522 in
1428 4461 1555 4534 eodem,
1577 4461 1791 4538 praesentium
1802 4460 1901 4523 vohis

1104 4561 1302 4622 auctoritate
1330 4558 1542 4632 mandamus,
1570 4557 1790 4636 quaternam
1817 4557 1900 4622 dicti

1105 4659 1224 4721 1131133
1236 4660 1268 4719 id
1285 4659 1394 4719 lacere
1413 4657 1496 4718 lorte
1509 4657 1689 4728 noluerint,
1711 4659 1769 4716 aut
1785 4657 1901 4732 nequi-

1104 4757 1224 4829 verint,
1242 4755 1452 4831 investigatis
1471 4753 1662 4831 prudenter,
1677 4753 1713 4815 ut
1727 4769 1801 4815 cum
1816 4754 1901 4816 ordo

1105 4854 1343 4915 monachorum
1367 4853 1539 4928 nigrorum
1568 4851 1695 4913 utiliter
1716 4851 1900 4914 instaurari

1105 4952 1214 5014 valeat
1229 4951 1263 5012 in
1280 4949 1480 5012 monasterio
1501 4949 1679 5021 antedicto,
1701 4950 1782 5011 etsi
1803 4950 1902 5012 inve-

1104 5050 1222 5111 neritis
1247 5048 1280 5109 ld
1310 5063 1406 5125 posse
1434 5045 1612 5108 salubriter
1634 5045 1719 5118 fleri,
1748 5047 1900 5110 ordinem

1105 5147 1224 5224 ipsum,
1249 5145 1420 5206 monachis
1436 5150 1556 5216 tamen,
1574 5160 1657 5221 quos
1678 5145 1750 5221 ipse
1769 5145 1901 5222 legatus

1105 5243 1349 5307 sententialiter
1370 5243 1494 5305 amovit
1508 5241 1549 5303 ab
1568 5241 1639 5315 illo,
1662 5241 1740 5304 inde
1762 5259 1901 5320 prorsus

1104 5343 1230 5421 ejectis,
1252 5341 1444 5402 instauratis
1471 5340 1604 5412 ibidem,
1626 5339 1721 5401 nohis
1742 5340 1901 5418 praelatas

1105 5437 1366 5504 confirmationis
1390 5437 1520 5499 litteras
1541 5438 1726 5498 remissuri.
1753 5439 1845 5510 Quod
1870 5443 1901 5501 si

1103 5551 1164 5598 nec
1187 5534 1265 5596 dicti
1288 5532 1406 5594 iratres
1428 5533 1555 5596 ordinis
1576 5532 1837 5595 Praedicatorum
1857 5536 1902 5597 ad

1103 5636 1210 5696 locum
1226 5632 1334 5709 ipsum
1353 5630 1530 5701 voluerint,
1552 5631 1610 5692 aut
1630 5629 1799 5692 valuerint
1813 5647 1901 5694 con-

1103 5732 1228 5801 venire,
1259 5744 1319 5790 nec
1344 5727 1506 5798 videritis,
1537 5726 1623 5804 quod
1659 5728 1902 5793 monasterium
