4002 6326
82 347 137 408 aaa
578 387 581 392 -
681 347 1111 410 numennumen
1609 353 1722 414 aaa
1807 322 1812 330 ’

82 505 146 570 deri
159 502 308 582 petebat,
323 517 385 566 nos
403 515 478 568 cum
501 505 637 584 propter
651 506 868 584 quorumdam
924 506 1142 570 erumnas:
1155 507 1343 572 sanniones
1360 507 1718 576 aunonensem

81 605 209 668 fratrum
219 603 411 664 nostrorum
424 601 608 664 absentiam
623 620 724 681 super
736 604 798 665 lroc
810 606 870 668 de-
963 605 1163 668 certa-vides
1175 606 1647 684 qnodquitaliapersnadent,
1659 609 1729 672 aut·

81 702 214 764 liberare
229 699 457 763 finaliternon
470 703 658 778 possemus,
674 701 814 765 fecimus
827 703 868 766 ad
923 718 983 763 sua
996 718 1091 765 caeca
1100 704 1282 767 ambitione
1293 703 1465 778 falluntur,
1482 707 1543 767 aut
1551 705 1723 768 malitiose

81 803 109 864 te
139 798 337 860 deserendas
373 798 446 859 lieri
481 794 620 871 litteras,
647 800 762 877 quales
789 801 869 863 tunc
923 800 1324 878 telalluntetgressuum
1337 803 1559 864 tuorumrias
1572 803 1714 865 baudus

80 897 214 960 uidimus
239 895 425 960 iaciendas.
452 896 516 958 Sed
539 896 646 959 dictus
660 898 767 975 judex
781 898 868 960 adte
923 897 1021 959 lenus
1030 897 1196 975 dissipare
1206 899 1720 964 consiliisetmacbinationilms·

82 997 149 1058 illas
163 993 296 1056 deferre
310 1010 481 1067 recusans,
507 995 712 1057 audientiam
735 996 868 1058 anobis
923 995 1040 1070 pravis
1062 995 1255 1058 subvertere
1277 997 1470 1060 moliuntur.
1484 997 1605 1060 Videre
1624 999 1726 1076 potes.

82 1095 111 1156 et
130 1091 285 1154 iratribus
309 1091 433 1154 nostris
453 1092 549 1170 petiit
567 1091 633 1153 sibi
649 1093 742 1170 dari;
757 1109 821 1171 qua
836 1092 869 1155 ei
923 1093 1023 1154 etiam
1050 1109 1148 1171 quam
1176 1094 1306 1156 sineere
1333 1110 1500 1172 quamque
1520 1095 1660 1172 paterno
1684 1097 1720 1159 ta

81 1190 212 1266 benigna
227 1204 400 1261 consessa,
417 1189 519 1251 verba
532 1191 682 1268 quaedam
697 1192 869 1268 proposuit
922 1190 1070 1252 zelemur
1094 1191 1230 1260 affectu,
1250 1193 1306 1270 qui
1331 1208 1397 1254 non
1412 1192 1521 1254 solum
1540 1193 1718 1255 verborum

83 1305 101 1350 a
118 1289 148 1350 te
166 1286 241 1359 sibi,
265 1289 367 1366 prout
395 1287 540 1360 dicebat,
563 1289 725 1366 injuncta,
742 1290 777 1350 in
795 1305 868 1368 quae
922 1286 1726 1368 tuoruminjunampauenteraccipimus,aarum

82 1389 132 1450 tua
146 1401 209 1448 non
226 1385 398 1448 debuisset
409 1399 625 1463 prorumpere
647 1388 870 1466 circumspec-
924 1385 1025 1447 etiam
1040 1387 1156 1449 contra
1175 1403 1235 1449 nos
1257 1389 1292 1450 te
1310 1387 1553 1465 quodammodo
1566 1403 1719 1465 praemu-⁴

82 1485 132 1558 tio,
148 1483 278 1546 etiamsi
295 1498 469 1560 gravema
491 1483 587 1545 nobis
612 1485 771 1562 injuriam
792 1501 870 1563 per·
923 1483 1044 1556 nimus,
1066 1484 1143 1546 dum
1171 1485 1401 1548 dissuademus
1418 1488 1455 1548 ta
1474 1501 1610 1546 causam
1625 1485 1721 1548 illam

82 1583 213 1645 tulisset.
236 1581 332 1644 Dixit
355 1583 447 1643 enim
470 1597 538 1644 un·
556 1581 622 1644 tibi
630 1584 868 1660 protectionem
924 1596 1236 1660 assumeremus
1250 1599 1364 1661 posses
1373 1583 1470 1662 qnasi
1483 1599 1656 1646 commune
1664 1584 1726 1644 in*

83 1679 213 1749 dedisse,
230 1695 306 1757 quaa
332 1691 399 1741 non
425 1680 498 1742 erat
516 1681 689 1757 protectio,
713 1682 771 1744 sed
793 1683 870 1744 des·
924 1693 1062 1741 currere
1071 1680 1659 1758 odium,Sedellpostolicaeneadem
1672 1680 1720 1742 la-

83 1777 196 1840 trnclio·
215 1777 330 1854 potius
352 1777 562 1855 appellanda,
583 1779 695 1856 utpote
716 1779 867 1854 tendens,
923 1792 1037 1840 rorem
1052 1777 1231 1854 plurimum
1244 1779 1453 1857 assequente.
1470 1779 1536 1840 dur
1551 1779 1723 1840 enimnon

83 1877 170 1954 prout
185 1875 274 1937 idem
291 1874 477 1947 subintulit,
494 1875 535 1936 ad
551 1891 702 1954 personae
715 1879 871 1956 tuaeper-
924 1874 1149 1940 obtinebimus
1174 1876 1266 1938 illam
1288 1877 1554 1954 jurisdictionem
1577 1877 1630 1938 rel
1656 1891 1718 1953 pe-

85 1973 231 2036 ditionem
243 1973 277 2035 et
291 1973 399 2050 regni.
411 1973 450 2034 Et
467 1972 593 2052 adjecit
604 1975 703 2052 quod,
720 1976 870 2054 quando-
924 1973 1075 2036 testatem
1090 1975 1125 2036 in
1140 1989 1244 2052 ragno
1263 1975 1386 2037 Siciliae
1402 1991 1500 2052 quam
1513 1976 1548 2036 in
1562 1973 1717 2048 Francia,

85 2071 203 2149 qnidam
218 2070 415 2132 nolebamus
428 2071 491 2134 ate
505 2072 694 2135 nominatos
706 2074 867 2151 recipere,
923 2071 1055 2148 Anglia‚
1072 2071 1234 2150 Hispania
1248 2088 1288 2133 ac
1303 2076 1500 2134 caeterorum
1512 2072 1718 2134 christiano·-

84 2169 180 2230 nullos
208 2169 250 2230 ad
274 2167 434 2246 praelatas
465 2169 670 2232 mitteremus
696 2172 867 2246 ecclesias,
924 2183 997 2229 rum
1008 2169 1121 2246 regnis
1134 2186 1173 2231 ac
1187 2170 1223 2231 in
1240 2171 1312 2248 ipso
1325 2170 1464 2248 imperio
1478 2170 1647 2232 noscimur
1658 2169 1720 2232 ob-

84 2266 229 2344 quianon
242 2267 413 2344 reciperes
426 2266 556 2344 aliquos
571 2285 634 2330 nec
642 2269 747 2346 recipi
762 2271 868 2333 susti-
923 2267 1048 2328 tinerel
1059 2269 1224 2346 Numquid
1237 2269 1271 2329 in
1283 2279 1386 2346 regno
1396 2269 1519 2331 Siciliae
1530 2269 1640 2330 minus
1653 2283 1717 2344 po-

84 2379 201 2427 neresa
217 2364 317 2426 nobis
334 2365 377 2426 ad
391 2364 484 2442 ipsas
500 2365 661 2428 ecelesias
673 2367 868 2430 destinatos.
923 2364 1054 2426 testatis
1068 2365 1127 2428 aut
1144 2366 1350 2428 auctoritatis
1366 2366 1574 2438 babebimus,
1588 2367 1667 2444 quia
1681 2365 1717 2426 in

84 2463 218 2540 benique
256 2463 383 2526 nostris
411 2465 461 2526 est
494 2463 630 2526 amibus
662 2465 870 2543 postmodum
924 2463 1391 2542 eotanquaminllposteliuae
1407 2464 1502 2526 sedis
1517 2463 1718 2542 patrimonio

84 2559 258 2622 intimatum
292 2561 326 2622 te
361 2561 544 2639 capuanis,
582 2563 802 2626 salernitanis
836 2565 871 2626 et
925 2561 998 2637 plus
1017 2563 1103 2638 juris
1127 2562 1160 2624 et
1176 2561 1420 2640 jurisdictionis
1440 2560 1718 2634 babemuleuid

85 2657 253 2720 boemanis
275 2657 418 2720 tirmiter
443 2659 654 2723 mandavisse
678 2662 717 2723 ut
732 2661 761 2723 si
784 2662 869 2725 alios
925 2661 1057 2721 conaris
1083 2661 1233 2737 aggredi,
1260 2661 1338 2739 quid
1359 2660 1531 2723 meditaris
1554 2661 1717 2736 incipere,

85 2758 247 2831 quamate
257 2757 448 2818 nominatos
458 2756 499 2817 ad
509 2758 668 2820 ecclesias
679 2760 869 2822 miserimus
923 2757 1079 2821 seductus
1103 2756 1199 2820 salsis
1225 2759 1378 2822 consiliis
1401 2758 1436 2821 et
1462 2758 1628 2820 animatus
1648 2758 1715 2819 tuae

87 2854 278 2928 eorumdem,
290 2855 355 2932 ipsi
366 2855 556 2917 nullatenus
571 2856 798 2930 admittantur,
811 2857 869 2919 sed
924 2855 1035 2917 calore
1048 2872 1088 2918 ac
1102 2855 1221 2918 robore
1237 2856 1441 2934 juventutis?
1454 2859 1505 2916 An
1520 2855 1628 2916 credis
1643 2869 1718 2916 esse

85 2951 177 3026 portm
200 2966 267 3014 non
288 2953 396 3014 selum
421 2953 657 3027 ecclesiarum,
683 2955 739 3017 sed
769 2954 869 3017 etiam
923 2953 1133 3031 prudentiam
1157 2954 1213 3018 vel
1243 2953 1422 3015 consilium
1453 2954 1511 3015 aut
1534 2951 1716 3030 potentiam

87 3048 452 3113 ciuitatumobserentur
465 3051 602 3114 eisdem.
617 3054 696 3124 Quae
714 3067 795 3114 vera
811 3051 870 3116 rix
924 3051 1040 3114 eontra
1064 3054 1186 3127 Deum3
1216 3053 1250 3114 et
1284 3055 1357 3128 ejus
1388 3051 1509 3113 timore
1535 3049 1718 3126 postposito

86 3159 148 3207 csse
158 3147 334 3221 credimus,
352 3148 385 3210 et
396 3149 425 3210 si
435 3164 516 3210 vera
530 3151 619 3222 sunt,
630 3151 689 3212 tua
702 3149 867 3212 circums-
923 3164 1038 3228 speras
1052 3150 1086 3212 te
1099 3165 1200 3228 posse
1216 3149 1398 3228 praevalere
1417 3150 1579 3210 adversus
1600 3147 1719 3210 Eccle-

86 3245 180 3317 pectio
202 3247 316 3309 rideat
335 3247 444 3309 utrum
463 3247 496 3308 te
513 3247 633 3310 deceat
648 3247 730 3309 talia
745 3247 866 3320 iacere,
924 3247 1020 3322 siam,
1036 3265 1111 3310 cum
1127 3265 1191 3326 qua
1207 3247 1359 3326 promisit
1375 3262 1411 3308 se
1427 3246 1497 3324 ipse
1512 3249 1601 3312 Deus
1614 3261 1719 3324 usque

87 3341 223 3406 utrumve
242 3345 436 3422 apostolica
459 3346 560 3408 Sedes
580 3346 664 3409 talia
680 3345 800 3409 debeat
811 3347 867 3410 to-
923 3345 965 3406 ad
979 3346 1297 3408 consummationem
1312 3343 1426 3406 saeculi
1442 3344 1717 3422 permansurum?

87 3435 192 3502 lerare.
218 3445 308 3504 Sane
334 3457 401 3503 non
429 3443 511 3504 satis
535 3459 630 3518 sano,
658 3446 699 3506 ut
714 3461 790 3506 cnm
811 3445 869 3507 tna
924 3443 960 3504 Si
981 3444 1166 3507 contemnis
1190 3443 1313 3506 nostris
1337 3443 1550 3520 acquiescere
1570 3443 1716 3515 monitis,

87 3550 156 3610 pace
169 3539 355 3617 loquamur,
373 3539 467 3603 inisti
489 3557 569 3602 usus
584 3542 733 3608 consilio.
743 3542 773 3604 si
786 3542 868 3604 talia
923 3531 1113 3603 domesticis
1132 3541 1250 3603 saltem
1265 3540 1458 3618 acquiescas
1478 3541 1651 3618 exemplis
1667 3541 1720 3603 te-

88 3632 286 3700 dicirelberi
297 3639 595 3717 mandavisti,quia
608 3641 656 3702 sie
671 3641 812 3703 innuisti
823 3640 870 3701 di·
924 3655 998 3700 cum
1013 3639 1084 3716 ipse
1096 3640 1285 3715 recogitans
1301 3654 1435 3700 manum
1449 3639 1581 3700 Domini
1595 3637 1717 3700 abbre-

88 3745 154 3792 ceus
168 3735 211 3805 te,
232 3736 322 3814 quod
341 3752 408 3798 non
434 3737 611 3811 credimus,
628 3753 702 3800 esse
714 3737 869 3816 paratum
922 3737 1047 3799 viatam
1061 3752 1128 3798 non
1139 3751 1224 3808 esse,
1241 3736 1353 3798 utnon
1366 3735 1471 3813 possit
1483 3735 1671 3816 deprimere
1684 3737 1718 3798 et

89 3829 117 3890 et
127 3835 307 3911 promptum
322 3835 363 3896 ad
378 3835 598 3912 rumpendum
610 3835 698 3899 inter
713 3852 774 3898 nos
789 3837 821 3898 et
834 3838 869 3898 te
923 3835 1068 3910 erigere,
1095 3835 1233 3911 perdere
1256 3849 1296 3895 ac
1323 3833 1465 3896 salvare.
1488 3835 1569 3896 Haec
1584 3831 1643 3896 tibi
1659 3833 1719 3896 be·

87 3925 242 3992 vinculum
264 3933 426 3995 canatis.
443 3933 678 3996 Desideramus
698 3935 801 4008 enim,
820 3934 869 3995 lili
922 3931 1025 4008 nigno
1054 3931 1168 3994 animo
1194 3947 1234 3992 ac
1258 3931 1390 3992 sincero
1411 3931 1544 4003 affectu,
1562 3931 1717 4008 princeps
1823 3961 1825 3963 ·

90 4025 243 4092 carissime
256 4031 396 4092 utomni
411 4031 570 4108 tempore,
585 4033 865 4106 maximenostro,
924 4028 1152 4106 inclytissime,
1177 4027 1365 4096 scribimus,
1386 4027 1577 4104 satagentes
1596 4028 1718 4090 incon-

90 4120 127 4182 sit
137 4123 219 4187 inter
232 4130 264 4190 te
280 4131 315 4190 et
327 4131 511 4190 Romanam
525 4129 709 4192 Ecclesiam
724 4130 821 4192 firma
835 4131 869 4193 et
923 4127 1027 4188 sultos
1052 4125 1156 4187 animi
1177 4125 1226 4188 tui
1250 4125 1358 4187 motus
1379 4126 1519 4201 paterna
1533 4125 1719 4188 commoni-

91 4217 205 4282 sincera
230 4223 377 4296 dilectio,
405 4225 483 4302 quia
511 4225 545 4285 id
573 4225 608 4287 et
627 4226 694 4302 ipsi
717 4227 867 4288 ecclesia
920 4224 1023 4297 tione,
1032 4223 1299 4297 comminatione,
1309 4221 1556 4300 redargutione,
1568 4223 1720 4286 obsecra·

91 4313 159 4378 utile
179 4319 212 4381 et
226 4319 289 4382 tibi
315 4335 354 4382 ac
371 4321 435 4383 tuti
458 4321 697 4386 christianitati
723 4339 868 4400 cognos-
922 4323 1023 4395 tione,
1048 4337 1091 4383 an
1113 4321 1341 4400 increpatione
1369 4337 1590 4399 compescere,
1617 4321 1716 4398 teque

91 4410 181 4475 cimus
213 4417 388 4496 expedire;
416 4433 478 4481 nec
512 4419 689 4498 quicquam
719 4423 867 4485 amarius
922 4420 963 4481 ad
980 4435 1020 4481 ca
1036 4435 1110 4498 quae
1124 4418 1478 4482 terrennmstabiliant
1495 4417 1556 4479 tibi
1577 4433 1717 4495 regnum

91 4505 174 4572 facila
188 4515 283 4577 nobis
298 4516 403 4593 possit
421 4516 574 4578 accidere
589 4533 687 4596 quam
702 4520 732 4580 si
746 4522 867 4583 statum
922 4519 955 4580 et
969 4519 1129 4580 aeternum
1145 4517 1346 4594 praeparent,
1363 4515 1555 4578 informare.

92 4603 178 4682 tuum,
194 4629 289 4690 quem
306 4613 500 4677 multacura
515 4604 711 4692 promovere
734 4619 867 4680 studui·
962 4616 1110 4692 Denique
1134 4617 1169 4677 ut
1189 4614 1250 4676 tibi
1266 4613 1477 4675 consulamus
1501 4613 1659 4690 quantum
1674 4610 1717 4674 ad

92 4715 161 4776 mus,
176 4717 370 4786 cogeremur
380 4713 438 4773 aut
451 4712 658 4788 perturbare,
671 4715 756 4792 quod
768 4715 865 4790 absit,
922 4715 1119 4792 praesentem
1153 4711 1331 4773 articulum
1366 4709 1453 4772 bona
1488 4709 1552 4772 ilde
1583 4709 1717 4773 consilii

95 4802 142 4862 aut
154 4807 335 4880 perturbari
350 4808 392 4870 ab
417 4809 507 4882 aliis,
524 4809 630 4883 illum,
650 4811 752 4875 sitibi
774 4813 868 4876 lavo-
921 4811 1027 4874 nostri
1042 4810 1103 4882 est,
1119 4810 1156 4872 ut
1170 4809 1300 4870 litteras
1318 4807 1393 4870 tuas
1409 4823 1559 4870 seorsum
1574 4808 1669 4871 nobis
1685 4810 1718 4872 ot

92 4909 151 4959 len
161 4905 386 4980 apostolicum
397 4906 513 4969 deesse
532 4911 780 4985 cognoscerent,
796 4926 868 4988 per·
922 4923 1073 4970 seorsum
1101 4905 1258 4968 iratribus
1294 4905 1417 4968 nostris
1450 4905 1524 4968 sine
1558 4907 1717 4969 dilatione

93 4989 208 5062 turbare
232 5005 370 5081 paratis,
391 5005 646 5069 conniventibus
669 5008 775 5070 oculis
790 5024 869 5086 per·
921 5005 1139 5078 transmittas,
1169 5019 1229 5081 per
1255 5019 1349 5082 quas,
1379 5003 1408 5066 si
1438 5003 1522 5066 sorte
1558 5005 1716 5081 praelatus

93 5089 225 5161 transire.
244 5101 307 5164 Sed
323 5101 362 5174 si,
378 5103 464 5180 quod
477 5105 564 5165 Deus
577 5104 716 5178 avertat,
729 5121 866 5168 neeesse
921 5104 1062 5166 nuncius
1078 5102 1286 5165 demandato
1300 5104 1357 5165 tuo
1373 5117 1453 5163 usus
1464 5117 1528 5163 non
1542 5101 1614 5174 fult,
1628 5116 1716 5178 prae-
1743 5115 1746 5120 ·

94 5189 173 5256 estut
190 5199 502 5272 veniantscandala‚
520 5217 593 5278 quae
607 5217 708 5264 causa
735 5203 867 5280 excogi-
921 5201 1083 5262 dictorum
1111 5199 1290 5278 asperitate
1311 5198 1500 5270 uerborum,
1528 5213 1589 5259 nec
1618 5213 1717 5260 man-

94 5282 148 5347 tari
159 5295 272 5367 poterit
286 5297 470 5360 conflatura
483 5298 543 5361 tibi
558 5300 631 5376 plus
645 5299 712 5362 odii
723 5301 775 5363 rel
791 5317 866 5364 con·
921 5298 1007 5360 dasti
1036 5297 1122 5376 quod
1148 5297 1369 5376 praemisimus
1398 5295 1438 5357 de
1468 5294 1657 5358 civitatibus
1683 5297 1716 5359 et

95 5382 228 5454 ciliatura
248 5395 404 5457 Ecclesiae
426 5396 500 5473 plus
516 5396 654 5470 sarens,
667 5412 766 5476 quam
781 5400 811 5460 si
830 5401 865 5462 tu
920 5395 1072 5458 ecelesiis
1090 5395 1326 5467 observandis,
1346 5392 1534 5471 hujusmodi
1549 5393 1716 5471 culpama
1806 5454 1810 5460 .

96 5493 144 5552 lei
166 5486 401 5554 intolerabilem
436 5495 686 5572 usurpationem
724 5497 865 5559 attentes
920 5494 953 5555 to
980 5493 1103 5555 iactam
1124 5493 1276 5568 negando
1299 5505 1472 5553 removeas
1491 5491 1578 5554 etin
1597 5492 1715 5553 talium

97 5582 223 5648 evonem
249 5589 509 5653 ecemsiasticam
538 5591 735 5666 libertatem,
759 5598 865 5672 Apos—
921 5591 1114 5670 portitorem
1127 5589 1592 5652 verborumateremorendo
1606 5589 1716 5651 reiun-

99 5671 180 5742 tolica
198 5699 272 5749 raro
296 5687 397 5750 Sedes
417 5687 508 5750 illam
530 5691 710 5752 secundum
735 5691 865 5754 divinas
912 5691 991 5776 ,flas
1005 5688 1097 5761 Quod
1112 5689 1141 5749 si
1155 5687 1240 5750 forte
1253 5686 1319 5748 dici
1331 5683 1488 5764 predicta
1502 5687 1535 5750 et
1550 5686 1622 5748 lieri
1634 5701 1716 5763 prae·
